3038 4766
481 361 531 416 DE
551 359 672 414 BELLO
693 358 807 414 CIVILI
828 360 897 414 LIII.
917 359 954 416 11.
1124 313 1131 342 l
1190 379 1225 430 77

202 482 290 575 quod
313 483 477 551 deditione
500 483 592 560 ducis
614 499 646 552 et
669 483 785 576 cupitis
811 482 1036 554 deminutione
1060 482 1224 552 sublatum

200 617 258 670 est.
282 606 345 690 At,
365 601 477 688 credo,
501 604 529 670 si
546 604 708 671 Caesarem
729 603 892 696 probatis,
913 603 947 671 in
970 625 1022 671 me
1039 601 1225 687 offenditis,

199 722 256 813 qni
279 719 319 788 de
337 722 416 789 meis
437 722 470 788 in
488 745 545 790 ros
562 723 684 790 meritis
701 721 937 815 praedicaturus
952 746 1020 792 uon
1043 744 1133 811 sum,
1153 746 1226 815 quae

199 854 277 907 sunt
293 838 400 908 adhuc
418 855 451 908 et
470 865 541 908 mea
562 839 730 910 voluntate
745 855 778 910 et
794 854 899 910 vestra
923 845 1161 934 exspectatione
1178 839 1224 909 le·

200 959 292 1026 viora
310 984 317 1026 ε
335 957 391 1028 sed
406 972 515 1028 tamen
534 961 583 1028 sui
600 958 720 1029 laboris
736 958 854 1028 milites
872 984 998 1053 semper
1013 975 1132 1030 eventu
1146 959 1225 1028 belli

199 1079 333 1170 praemie
352 1080 538 1182 petirerunt
559 1105 568 1148 ε
586 1081 643 1174 qui
660 1079 766 1173 qualis
786 1082 828 1148 sit
849 1080 998 1168 futurus,
1017 1103 1058 1148 ne
1076 1089 1135 1149 vos
1153 1080 1226 1173 qui-

199 1197 271 1266 dem
290 1197 456 1266 dubitatis.
475 1196 687 1292 Diligentiam
715 1197 847 1292 quidem
867 1214 1029 1287 nostram,
1049 1214 1106 1268 aut
1126 1223 1224 1292 quem

198 1316 239 1386 ad
254 1316 353 1387 finem
368 1317 477 1388 adhue
493 1343 544 1387 res
560 1320 732 1412 processit,
755 1297 986 1412 fortunamque
1005 1343 1066 1388 cur
1091 1332 1225 1414 praeter·
1303 1387 1307 1398 ,

198 1459 268 1504 eam
283 1435 297 1504 l
314 1443 367 1506 An
397 1438 533 1531 poeuitet
551 1461 625 1523 vos,
641 1437 729 1531 quod
759 1436 884 1506 salvum
907 1451 1005 1531 atque
1025 1437 1225 1508 incolumem

198 1559 393 1641 exercitum,
410 1556 500 1627 nulla
517 1560 653 1627 omnino
678 1581 760 1627 nave
787 1555 984 1644 desiderata,
1004 1557 1225 1642 traduxerim?

198 1675 286 1769 quod
299 1675 435 1746 classem
451 1678 595 1746 hostium
612 1677 721 1771 primo
739 1679 863 1769 impetu
879 1676 1054 1746 adveniens
1065 1676 1222 1770 profliga-

199 1796 319 1864 verim?
336 1796 425 1889 quod
444 1796 494 1864 bis
512 1820 571 1889 per
587 1795 724 1864 biduum
749 1797 890 1889 equestri
911 1794 1026 1890 proelio
1047 1817 1223 1888 superave-

198 1915 281 1984 rim?
301 1916 388 2008 quod
415 1941 452 1985 ex
480 1931 578 2011 portu
608 1918 745 2010 sinuque
773 1915 1035 1998 adversariorum
1064 1937 1104 1984 cc
1126 1937 1224 1984 naves

197 2049 346 2103 oneratas
363 2035 571 2124 abduxerim,
592 2059 698 2129 eoque
722 2033 795 2104 illos
816 2031 1045 2127 compulerim,
1064 2046 1102 2101 ut
1119 2057 1226 2126 neque

197 2153 340 2246 pedestri
359 2156 490 2242 itinere,
504 2179 611 2248 neque
621 2154 758 2224 navibus
768 2167 951 2224 commeatu
961 2153 1070 2247 jurari
1080 2153 1224 2247 possint?

197 2279 266 2344 Hac
291 2297 349 2343 vos
377 2275 506 2344 fortuna
523 2289 621 2368 atque
642 2275 694 2343 his
725 2275 863 2344 ducibus
893 2273 1092 2366 repudiatis,
1124 2272 1223 2343 corfi-

198 2395 342 2462 uiensem
359 2395 588 2488 ignominiam,
603 2419 644 2464 au
660 2393 762 2464 ltaliae
784 2393 914 2488 fugam,
935 2417 976 2462 an
992 2393 1225 2486 Hispaniarum

198 2512 412 2596 deditionem,
429 2539 470 2590 an
490 2515 582 2584 africi
600 2512 676 2582 belli
700 2513 888 2608 praejudicia
906 2512 1103 2605 sequimini?
1120 2514 1223 2605 Equi-

198 2632 271 2702 dem
289 2659 341 2704 me
356 2637 492 2704 Cesaris
505 2633 642 2725 militem
659 2633 724 2701 dici
742 2630 832 2700 volui
851 2656 934 2700 :vos
946 2655 999 2702 me
1016 2632 1224 2726 imperatoris

198 2755 331 2822 nomine
349 2751 576 2846 appellavistis.
597 2754 701 2845 Cujus
712 2753 738 2819 si
755 2775 813 2819 ros
828 2751 981 2844 poenitet,
1000 2763 1145 2818 vestrum
1166 2775 1223 2817 vo·

93 2922 94 2925 =
198 2872 249 2942 bis
264 2871 457 2942 beneficium
470 2872 624 2939 remitto:
643 2871 722 2938 milri
733 2893 841 2939 meum
855 2869 1015 2938 restituite
1029 2893 1170 2954 nomeu,
1183 2893 1226 2936 ne

198 2992 239 3061 ad
255 2988 485 3060 contumeliam
499 2989 658 3059 honorem
676 2989 802 3059 dedisse
819 2988 1005 3060 videamini.
1024 3018 1041 3055 s

245 3113 403 3179 XXXIII.
421 3112 496 3200 Qua
510 3112 658 3181 oratione
677 3113 817 3205 permoti
837 3109 971 3196 milites,
990 3112 1106 3180 crebro
1127 3114 1224 3180 etiam

198 3229 358 3299 dicentem
377 3230 643 3325 interpellabant,
663 3245 700 3299 ut
720 3255 840 3325 magno
860 3229 1069 3300 cumdolore
1090 3230 1225 3300 infideli·

198 3352 272 3420 tatis
286 3353 503 3445 suspicionem
513 3354 673 3421 sustinere
689 3351 892 3420 viderentur:
909 3351 1131 3421 discedentem
1146 3377 1225 3422 vero

197 3496 236 3540 ex
247 3474 404 3542 concione
414 3474 556 3541 universi
569 3472 801 3557 cohortantur,
818 3493 938 3564 magno
954 3472 996 3538 sit
1013 3473 1142 3556 auimo,
1159 3495 1224 3539 neu

197 3592 324 3663 dubitet
344 3592 495 3687 proelium
514 3593 736 3678 committere,
757 3605 790 3658 et
813 3613 905 3658 suam
923 3587 1021 3658 fidem
1052 3590 1225 3658 virtutem-

197 3736 260 3803 que
278 3713 428 3805 experiri.
454 3713 532 3801 Quo
559 3711 645 3779 sacto
665 3723 863 3779 commutata
881 3708 1029 3776 omnium
1056 3705 1223 3776 voluntate

196 3843 231 3896 et
247 3833 418 3924 opinione,
437 3855 597 3900 consensu
624 3855 683 3899 suo
700 3829 871 3897 constituit
900 3828 1023 3914 Curio,
1040 3851 1141 3920 quum
1163 3829 1226 3921 pri·

197 3973 287 4018 muru
311 3951 354 4019 sit
386 3952 461 4020 data
491 3965 649 4044 potestas,
678 3949 794 4043 proelio
821 3974 890 4019 rern
921 3948 1132 4017 committere.
1160 3949 1224 4016 Po·
