3068 4772
287 411 342 490 ιφ
461 413 492 468 c.
511 411 609 467 sunu
630 410 792 468 omanus
813 407 1009 466 conuenr.
1032 409 1141 464 maun

282 538 323 608 ad
343 536 465 606 caedem
492 534 675 606 faciendam
700 533 1000 627 subsequebantur3
1020 555 1087 625 quo
1114 533 1148 598 iu
1175 554 1316 602 numero

280 657 344 726 fuit
360 655 561 751 Calpurnius
579 655 774 741 Salvianus,
791 667 824 722 et
839 651 998 722 Manilius
1015 649 1186 722 Tusculus.
1205 651 1316 720 Miuu-

280 777 350 846 cius
370 777 457 846 inter
475 800 570 860 saxa,
591 799 663 868 quae
678 775 832 867 jacebant
851 773 885 840 iu
904 773 1037 857 itinere,
1055 770 1184 866 fugiens
1202 773 1315 865 oppri-

278 898 401 979 mitur,
419 911 452 968 et
467 895 570 966 relato
588 895 722 964 domurn
742 895 874 975 Cassio,
894 892 1027 960 adeum
1046 888 1231 960 deducitur.
1245 897 1312 961 Ra-

278 1014 373 1086 cilius
386 1017 420 1084 iu
433 1018 617 1111 proximam
633 1041 667 1084 se
682 1015 818 1084 domum
828 1011 993 1081 familiaris
1005 1013 1056 1080 sui
1070 1010 1215 1099 confert,
1232 1010 1313 1080 dum

278 1151 406 1204 certum
419 1149 654 1231 cognosceret,
672 1134 884 1204 confectusne
900 1131 1032 1200 Cassius
1047 1145 1141 1200 esset.
1160 1133 1198 1199 L.
1214 1133 1312 1201 Late·

277 1256 397 1347 reneis,
413 1281 515 1349 quum
534 1256 567 1324 id
584 1280 649 1325 non
667 1255 847 1338 dubitaret,
865 1253 1008 1320 accurrit
1024 1250 1116 1320 laetus
1135 1252 1168 1320 in
1185 1265 1311 1339 castra,

278 1373 436 1446 militibus
461 1375 647 1446 vernaculis
672 1391 705 1444 et
731 1374 882 1445 secundae
904 1372 1058 1466 legionis,
1085 1373 1205 1466 quibus
1234 1373 1311 1443 odio

278 1497 401 1566 sciebat
421 1498 586 1591 praecipue
616 1498 767 1565 Cassium
794 1518 881 1576 esse,
906 1491 1120 1588 gratulatur:
1144 1491 1309 1562 tollitura

278 1616 491 1688 multitudiue
509 1621 543 1686 iu
559 1613 724 1701 tribuual,
743 1628 864 1709 praetor
881 1612 1085 1708 appellatur:
1103 1637 1201 1682 nemo
1220 1614 1309 1682 eninr

278 1752 335 1807 aut
351 1739 384 1806 in
401 1739 570 1832 provincia
583 1750 696 1821 natus,
716 1749 774 1803 aut
785 1732 969 1803 vernacule
980 1732 1118 1828 legionis
1133 1731 1241 1821 miles,
1251 1747 1311 1802 aut

276 1855 494 1926 diuturnitate
508 1858 575 1950 jam
590 1855 694 1924 factus
706 1853 936 1949 provincialis,
955 1878 1021 1947 quo
1035 1854 1069 1921 in
1084 1877 1221 1923 numero
1238 1873 1310 1923 erat

277 1974 420 2044 secunda
433 1974 533 2070 legio,
553 2000 620 2045 non
638 1999 713 2043 cum
737 1975 826 2043 omni
851 1974 1022 2066 provincia
1049 1989 1257 2044 consenserat
1274 1977 1309 2044 iu

278 2095 354 2164 odio
368 2097 472 2165 Cassii
492 2119 501 2164 ε
522 2119 597 2164 narn
608 2093 755 2189 legiones
770 2117 841 2162 xxx
860 2107 894 2162 et
910 2117 988 2181 xxt,
1012 2093 1125 2186 paucis
1143 2093 1308 2163 mensibus

277 2215 311 2282 iu
341 2213 436 2283 Italia
462 2217 618 2310 scriptas,
645 2217 755 2285 cesar
779 2212 974 2282 attribuerat
1001 2214 1172 2307 Longiu03
1195 2215 1309 2309 quinta

277 2332 362 2428 legio
381 2334 426 2402 ibi
443 2359 549 2429 nuper
566 2334 724 2404 conlecta.

323 2455 411 2524 LIV.
443 2454 579 2524 Interim
606 2455 778 2523 nuntiatur
803 2455 989 2542 Laterensi,
1013 2457 1122 2523 vivere
1147 2454 1306 2524 Cassium.

276 2575 352 2664 Quo
373 2575 491 2643 nuntio
519 2572 633 2643 dolore
658 2575 761 2667 magis
781 2590 962 2667 permotus,
983 2598 1081 2667 quarn
1101 2574 1213 2642 animo
1231 2597 1308 2666 per·

276 2693 444 2780 turbatus,
456 2691 563 2762 relicit
575 2691 778 2779 seoeleriter‚
788 2707 821 2762 et
836 2693 878 2762 ad
892 2695 1042 2764 Cassium
1051 2691 1222 2762 visendum
1233 2717 1309 2787 pro·

276 2811 444 2881 ficiscitur.
462 2815 511 2882 Re
527 2813 757 2906 cognita,xxx
774 2811 860 2906 legio
876 2815 969 2906 signa
983 2811 1172 2884 Cordubam
1188 2812 1308 2896 infert,

275 2929 317 3000 ad
327 2929 486 3001 auxilium
498 2931 668 3000 ferendum
678 2933 948 3024 imperatorisuo.
958 2935 1050 3002 Facit
1060 2933 1124 3004 boo
1136 2931 1305 3002 idemxxt:

275 3051 486 3144 subsequitur
501 3050 559 3119 bas
575 3073 607 3118 v.
631 3052 745 3140 Quum
755 3051 828 3120 duae
846 3050 990 3146 legiones
1000 3053 1135 3146 reliquae
1150 3066 1255 3123 essem
1273 3052 1307 3120 in

276 3171 408 3258 castris,
426 3169 603 3238 secundani
628 3171 745 3256 veriti,
765 3194 808 3238 ne
833 3169 894 3240 soli
910 3169 1190 3266 relinquerentur,
1212 3187 1309 3266 atque

277 3313 317 3358 ex
334 3313 394 3376 eo,
415 3288 495 3382 quid
511 3291 701 3379 sensissent,
719 3288 939 3382 judicaretur,
964 3293 1067 3361 secuti
1087 3306 1165 3362 sunt
1187 3291 1310 3361 factum

276 3409 501 3503 superiorum:
514 3411 692 3504 permansit
709 3411 744 3479 in
760 3411 918 3479 sententia
939 3409 1024 3504 legio
1039 3409 1232 3498 vernacula,
1249 3435 1311 3480 nec

277 3527 344 3598 ullo
364 3532 482 3598 timore
502 3529 542 3598 de
561 3526 665 3622 gradu
685 3528 808 3623 dejecta
826 3547 884 3599 est

324 3651 394 3720 LV.
415 3651 546 3719 Cassius
560 3671 631 3733 eos,
654 3650 712 3742 qui
735 3651 897 3719 nominati
924 3664 1016 3718 erant
1043 3651 1166 3718 conscii
1194 3650 1310 3740 caedis,

273 3770 369 3864 jubet
384 3766 636 3863 comprehendi:
651 3767 812 3864 legionem
821 3771 971 3860 quintam
987 3771 1021 3836 in
1034 3783 1140 3838 castra
1157 3771 1312 3859 remittit,

277 3889 468 3959 cohortibus
495 3891 627 3986 triginta
651 3891 795 3962 retentis.
814 3888 941 3959 Indicio
961 3891 1100 3963 Minucii
1121 3893 1311 3989 cognoscit,
1429 3974 1434 3986 ,

278 4011 317 4077 L.
333 4006 517 4098 Racilium,
537 4026 570 4079 et
587 4015 625 4080 L.
645 4013 870 4100 Laterensem,
888 4025 921 4080 et
948 4013 1092 4083 Annium
1120 4013 1312 4110 Scapulam,
