3020 4768
448 387 644 442 COMMEN'I.
665 389 716 442 DE
738 389 862 443 BELLO
883 391 1056 447 GALLICO.
1218 395 1275 469 269

235 497 322 556 lladr.
342 500 484 568 Valesius,
503 503 588 557 Notit.
615 503 706 569 Gau,
725 520 754 576 p.
778 502 849 571 566,
867 505 917 561 has
940 525 1023 562 voces
1048 507 1116 562 duas
1141 509 1171 562 in
1190 528 1274 564 unam

232 592 390 665 jungendas
403 604 546 648 esserecte
563 595 730 667 probarunt.
746 595 865 668 helpen,
882 598 1046 652 Ptolemaeus
1056 599 1141 654 habet
1151 595 1273 656 'Aradu-

234 702 343 759 τονχον
356 682 514 762 lappam,
528 698 555 741 et
571 687 609 742 ita
626 705 721 742 sensus
740 688 839 761 poscit.
849 688 920 742 Vide
933 689 1023 743 Dubis
1028 727 1038 755 ,
1053 700 1113 744 not.
1127 690 1158 745 in
1170 692 1219 747 lib.
1235 711 1275 761 11,

235 796 296 851 cap.
315 797 444 834 xxxvsu.
714 789 716 796 ’

590 905 635 958 ΙΝ
657 905 823 960 LIBRUM
840 907 916 960 VII.

273 1054 336 1109 Car.
353 1053 401 1108 lX.
420 1053 598 1128 Gergoviam.
607 1053 708 1130 ¹Codes
721 1053 798 1107 solus
812 1053 904 1109 Vossii
919 1054 1089 1128 Gergoniam
1102 1055 1196 1110 hahet.
1216 1057 1272 1112 Alii

235 1165 332 1202 omnes
347 1145 393 1199 vel
410 1145 589 1212 Gortoniam,
609 1145 654 1198 vel
674 1144 861 1218 Gorgobinam
866 1165 878 1210 ,·
898 1145 972 1200 uude
991 1163 1139 1219 perperam
1157 1147 1272 1201 Caesaris

234 1239 327 1294 editor
339 1236 506 1291 novissimus
524 1234 663 1290 affimare
676 1253 756 1290 ausus
770 1245 811 1289 est
828 1254 887 1291 nou
907 1237 1085 1309 Gergouiam,
1104 1238 1155 1292 sed
1170 1240 1271 1294 Gortu-

234 1349 300 1386 nam
316 1329 362 1383 vel
384 1328 573 1402 Gorgobinam
594 1326 744 1399 legendnm
762 1343 834 1395 esse,
852 1327 1013 1401 censuitque
1031 1329 1149 1385 fortasse
1164 1349 1269 1387 nomen

234 1419 527 1492 utrumquehahuisse.
538 1418 671 1473 Hionihil
689 1417 905 1487 immutandum
926 1437 983 1491 quio
1000 1431 1091 1476 autem
1109 1423 1174 1478 loco
1187 1423 1270 1479 situm

112 1577 115 1586 Ι
232 1511 314 1566 fauerit
327 1511 383 1566 hoc
396 1510 533 1583 oppidum
545 1510 683 1564 incertum
697 1519 753 1578 est,
765 1507 820 1563 nisi
833 1509 1056 1567 forteCouleuure
1065 1512 1268 1571 autSt—Voue.

270 1640 333 1694 Car.
344 1638 454 1694 XXXI.
471 1637 652 1692 Teutomatus.
663 1635 769 1692 Vitiose
778 1636 932 1691 admodum
946 1638 1048 1716 legitur
1061 1656 1167 1694 nomen
1180 1641 1268 1712 istud,

231 1741 262 1785 ut
280 1729 335 1785 alia
353 1728 499 1801 ejusmodi.
514 1731 625 1782 Graecus
642 1727 728 1782 hahet
744 1726 937 1797 Τουτομοὲνος,
950 1729 1101 1784 Oberlinus
1118 1730 1266 1803 legendum

230 1819 378 1895 proposuit
398 1822 592 1885 Teutomams,
614 1818 663 1874 sed
683 1819 755 1874 nihil
772 1820 864 1876 adhuc
881 1820 1047 1876 mutandum
1060 1820 1131 1875 mihi
1146 1822 1265 1879 videtur.

231 1914 274 1969 Ad
292 1914 379 1968 instar
397 1923 438 1970 tot
455 1912 604 1967 nominum
626 1928 793 1984 graecorum,
815 1914 994 1968 Teutomatus
1017 1931 1051 1967 ex
1071 1931 1141 1969 voce
1162 1913 1267 1985 μᾶτος,

230 2003 339 2072 dorice,
348 2022 402 2077 pro
411 1999 514 2070 μῆτοε,
528 2004 574 2058 vel
581 1989 687 2073 undet,
700 2022 779 2074 cura,
788 2004 950 2072 consilium,
960 2004 1108 2075 formatur,
1118 2017 1165 2060 aut
1177 2010 1266 2064 verbo

230 2092 341 2166 ueste,
357 2115 465 2169 quaro,
481 2096 600 2169 indago,
614 2089 1064 2172 udros,inq11isitio‚usuitp,uel
1079 2095 1109 2150 in
1123 2101 1267 2173 composi-

229 2188 307 2244 tione
319 2183 429 2257 uurls,
442 2188 605 2263 inquisitor,
618 2189 767 2262 indagator
781 2207 788 2240 :
808 2189 959 2242 Teutonum
972 2189 1115 2242 conu'ls'um
1128 2189 1213 2264 igitur
1226 2193 1265 2246 si-

228 2279 356 2353 gnifieat,
368 2283 414 2338 vel
433 2281 531 2336 melius
548 2283 701 2335 Teutonum
713 2281 869 2354 mdagator.
886 2282 955 2347 Quae
972 2279 1142 2353 etymologia
1163 2284 1263 2337 Teuto-

228 2384 318 2427 matus
331 2374 486 2446 germinam
495 2371 713 2440 esselectionern
722 2371 824 2426 statuit.
836 2371 914 2426 ldem
928 2388 979 2426 rex
993 2389 1060 2426 sane
1070 2373 1167 2444 estqui
1176 2373 1263 2442 infra,

227 2482 286 2537 cap.
299 2464 349 2533 46,
358 2465 410 2520 etsi
419 2464 500 2520 aliter
508 2464 639 2518 scribitur
648 2463 678 2517 in
687 2463 751 2518 cod.
763 2461 855 2531 5763,
869 2463 1084 2534 Votomapatus,
1094 2463 1156 2516 cod.
1174 2463 1263 2534 5764,

232 2554 408 2622 Votomatus,
423 2566 451 2610 et
466 2555 515 2609 alii
531 2555 641 2610 codices
655 2553 743 2609 aliter.

265 2673 329 2728 css.
347 2673 490 2726 XXXVII.
507 2695 519 2718 s
531 2672 676 2725 Lituaieus.
695 2673 830 2742 Nummos
848 2669 905 2740 ejus
925 2669 983 2724 duo
1003 2688 1037 2724 ex
1064 2688 1133 2724 atrro
1154 2671 1262 2742 profert

226 2764 384 2818 Boateroue
401 2759 470 2837 (Des
483 2763 632 2816 Mannaies
644 2763 680 2816 de
692 2765 814 2829 ance,
830 2779 857 2834 p.
878 2759 935 2838 48).
954 2761 1077 2814 Exhibet
1091 2779 1139 2815 eos
1157 2771 1185 2816 et
1202 2763 1262 2817 Ha-

225 2871 357 2926 vercamp
368 2853 404 2908 ad
413 2853 558 2920 Orosium,
568 2853 618 2907 lib.
628 2872 672 2921 vr,
687 2871 747 2926 eap.
762 2851 1076 2924 11,additqueterti1un
1088 2870 1123 2907 ex
1136 2870 1187 2906 suo
1195 2872 1260 2909 mu-

224 2965 282 3001 seo.
297 2944 456 3018 Epigraphe
473 2943 514 2998 ihi
532 2943 653 2998 occurrit
665 2946 762 3001 LlTA.
776 2945 822 2998 vel
835 2945 971 3008 LITAVI.
986 2942 1073 3011 Quod
1089 2961 1165 3016 pone
1179 2958 1261 3018 caput

224 3036 396 3110 conspicitur
413 3036 462 3102 C.,
481 3045 563 3089 notat
579 3035 757 3090 Cabillonum
782 3032 1127 3112 (caena-sur-Saane).
1149 3035 1259 3093 Pniores

224 3128 281 3183 duo
297 3146 426 3182 nummos
444 3125 528 3181 olfert
547 3127 630 3182 etiam
643 3127 763 3182 Pellerin
783 3125 873 3202 (lieu,
889 3145 914 3194 1,
928 3126 985 3180 tah.
1006 3133 1075 3195 sal,
1088 3126 1125 3203 6).
1141 3130 1174 3182 ln
1187 3147 1257 3202 pos-

223 3221 326 3277 teriore
343 3230 435 3274 autem
456 3219 629 3292 epigraphen
648 3220 774 3274 LITAV.
787 3237 934 3292 perperam
952 3217 982 3271 in
1000 3218 1119 3272 LITAN.
1135 3238 1257 3276 conver-

221 3313 335 3368 tendam
349 3312 456 3378 statuit,
470 3322 497 3366 et
511 3311 546 3366 de
560 3312 741 3385 Litanobn'ga
754 3310 887 3383 explicat,
901 3309 977 3380 cujus
990 3310 1096 3364 mentio
1110 3311 1139 3364 in
1153 3312 1257 3367 Itinere

221 3405 366 3461 Antonini.
384 3409 448 3458 »ita
466 3403 626 3458 Oberlinus.
642 3403 730 3474 Hujus
747 3420 859 3476 quaeque
872 3412 929 3456 tres
942 3419 1071 3456 nummos
1089 3401 1205 3456 exhibet
1220 3405 1254 3457 D.

196 3549 197 3554 ,
220 3479 474 3571 Mionnet'(Deser.
492 3495 543 3548 des
558 3495 645 3561 med,
664 3512 692 3566 p.
710 3491 765 3568 91)
779 3512 842 3548 cum
861 3492 1012 3566 epigraphe
1027 3493 1124 3548 LITA.
1138 3493 1169 3545 in
1183 3491 1255 3547 duo-

219 3590 285 3658 bus;
298 3587 348 3644 sed
361 3585 442 3659 legit,
451 3585 521 3640 sicat
534 3586 668 3654 Pellerin,
677 3585 798 3639 LITAN.
812 3585 841 3638 in
855 3585 947 3640 tertio.
957 3582 1040 3638 Unde
1050 3582 1170 3653 conjicio
1183 3583 1255 3638 hanc

219 3682 344 3736 ultimam
358 3695 417 3733 esse
432 3696 528 3733 veram
542 3679 705 3746 lectionem,
719 3687 747 3732 et
760 3694 858 3731 revera
875 3677 911 3731 de
931 3673 1111 3746 Litanobniga
1123 3673 1255 3728 Bellova-

219 3790 316 3828 corum
333 3769 546 3842 intelligendam
567 3789 643 3840 esse,
665 3781 694 3826 et
706 3767 876 3824 nullomodo
895 3767 931 3821 ad
953 3762 1079 3819 nostrum
1100 3765 1253 3820 litavicum
1348 3839 1350 3842 Ι

216 3881 363 3939 respicere.
560 3911 565 3932 ,

256 3983 318 4037 Csr.
328 3983 493 4039 XXXVIII.
509 3982 681 4054 Eporediae
693 3991 722 4036 et
739 3980 938 4035 Vmidumanu.
952 3976 990 4031 Hi
1003 3995 1065 4031 eum
1077 3975 1202 4050 equitatu
1215 3975 1251 4031 ad
