3062 4766
445 315 496 371 DE
515 315 633 372 BELLO
655 315 817 372 GALLICO
839 317 909 372 ΗΒ.
925 321 988 374 Vll.
1189 341 1246 398 ²⁰9

201 430 343 532 redorigi
379 437 508 525 AEduis,
543 438 795 532 Vergasillauno
836 444 1003 528 Arverno,
1044 447 1245 514 consobrino

200 559 502 652 Vercingetorigis,
532 582 660 626 summa
690 559 821 652 imperii
854 558 1008 628 traditur.
1035 562 1096 629 His
1125 563 1244 632 delecti

201 701 240 744 ex
255 677 446 746 civitatibus
467 679 711 767 attribuuntur,
729 703 873 771 quorum
891 677 1031 748 consilio
1047 679 1173 748 bellum
1191 681 1246 749 ad-

201 797 456 866 ministraretur.
483 800 609 866 Omnes
633 797 755 867 alacres
779 814 813 866 et
834 798 963 867 fiduciae
988 798 1077 893 pleni
1101 799 1143 868 ad
1168 799 1245 870 Ale·

202 915 284 982 siam
304 915 579 1008 proficiscuntur3
601 935 709 1009 neque
728 932 799 985 erat
816 918 967 985 omnium
993 919 1168 1012 quisquam
1188 922 1246 1012 qui

201 1048 372 1126 aspectum
399 1034 501 1102 modo
525 1049 625 1104 tantae
645 1032 868 1104 multitudinis
895 1038 1050 1105 sustineri
1073 1062 1169 1131 posse
1192 1063 1246 1107 ar·

202 1151 398 1242 bitraretur‚
417 1155 600 1248 praesertim
621 1155 760 1249 ancipiti
781 1154 918 1248 proelio,
939 1180 1043 1248 quum
1063 1181 1102 1224 ex
1122 1139 1246 1251 oppido

203 1275 376 1368 eruptione
393 1287 616 1368 pugnaretur,
634 1273 713 1344 loris
735 1286 833 1342 tantae
851 1275 953 1372 copiae
971 1278 1139 1367 equitatus
1159 1276 1247 1370 pedi·

204 1406 357 1485 tatusque
374 1407 592 1464 cernerentur

251 1515 420 1582 LXXVII.
450 1516 494 1583 At
522 1513 545 1581 ii
575 1515 633 1605 qui
658 1511 775 1583 Alesiae
799 1512 1058 1600 obsidebantur,
1079 1518 1246 1608 praeterita

204 1628 258 1698 die
271 1655 337 1724 qua
351 1655 489 1700 suorum
505 1629 626 1700 auxilia
641 1647 928 1726 exspectaverant,
941 1648 1141 1726 consumpto
1153 1635 1245 1702 omni

204 1751 392 1839 frumento,
424 1753 518 1820 inscii
551 1752 632 1845 quid
665 1755 699 1820 iu
735 1752 849 1821 AEduis
881 1767 1068 1847 gereretur,
1104 1751 1247 1822 concilio

206 1887 337 1958 coacto,
350 1871 392 1938 de
403 1873 495 1940 exitu
509 1871 719 1940 fortunarum
736 1895 872 1940 suarum
889 1870 1132 1940 consultabant.
1146 1873 1247 1967 Apud

206 2017 289 2085 quos
313 1992 413 2060 variis
435 1990 532 2060 dictis
555 1992 746 2078 sententiis,
766 2016 907 2084 quarum
928 2016 1003 2085 pars
1027 1990 1247 2078 deditionem,

205 2137 296 2206 pars,
326 2109 406 2180 dum
425 2103 524 2179 'vires
558 2125 789 2206 suppeterent,
822 2112 1031 2205 eruptionem
1053 2109 1247 2199 censebant,

207 2256 274 2300 non
293 2230 520 2325 pretereunda
538 2231 669 2299 videtur
681 2210 788 2300 oratio
805 2232 1008 2325 Critognati,
1025 2245 1162 2325 propter
1178 2232 1249 2324 ejus

206 2349 408 2448 singularem
433 2377 471 2420 ac
503 2350 663 2420 nefariam
685 2349 924 2418 crudelitatem.
954 2351 1033 2437 Hic,
1058 2374 1188 2418 summo
1214 2352 1248 2418 in

205 2473 364 2562 Arvernis
392 2484 486 2540 ortus
512 2468 602 2554 loco,
625 2483 659 2538 et
692 2493 820 2563 magnae
848 2468 981 2537 habitus
1012 2469 1247 2538 auctoritatis:

206 2589 353 2676 «Nihil,
382 2591 506 2682 inquit,
528 2589 569 2656 de
592 2613 707 2658 eorum
729 2589 891 2658 sententia
919 2587 1069 2656 dicturus
1091 2612 1166 2655 sum
1192 2587 1249 2679 qui

208 2709 433 2802 turpissimam
465 2709 657 2776 servitutem
689 2705 866 2774 deditionis
896 2707 1030 2773 nomine
1063 2702 1250 2799 appellant3

207 2853 316 2922 neque
341 2828 402 2896 hos
421 2825 591 2894 habendos
612 2827 736 2895 civium
762 2824 852 2912 loco,
880 2823 1048 2917 nequead
1071 2821 1250 2892 concilium

207 2946 414 3018 adhibendos
433 2969 562 3015 censeo.
579 2947 665 3014 Cum
683 2946 722 3012 iis
738 2944 821 3013 mihi
837 2969 889 3012 res
908 2945 951 3013 sit
966 2943 1025 3036 qui
1043 2943 1250 3036 eruptionem

208 3068 367 3164 probant,
381 3090 526 3160 quorum
538 3067 573 3134 in
582 3061 737 3150 consilio,
747 3059 896 3132 omnium
910 3076 1059 3131 vestrum
1070 3085 1250 3153 consensu,

208 3189 355 3283 pristinas
380 3186 524 3256 residere
547 3185 681 3253 virtutis
705 3184 863 3251 memoria
889 3183 1029 3252 videtur.
1061 3183 1173 3255 Animi
1203 3198 1252 3253 est

209 3311 272 3379 ista
290 3306 461 3396 mollities,
480 3330 548 3375 non
568 3306 693 3391 virtus,
716 3304 864 3397 inopiam
885 3301 1051 3397 paulisper
1073 3307 1160 3376 ferre
1183 3329 1251 3373 non

209 3455 313 3525 posse.
337 3431 407 3518 Qui
427 3452 462 3496 se
480 3425 570 3494 ultro
595 3423 696 3491 morti
721 3421 865 3491 offerant
888 3421 1017 3492 facilius
1038 3424 1253 3517 reperiuntur

209 3576 309 3646 quarn
325 3551 384 3644 qui
394 3546 544 3617 dolorem
561 3545 726 3640 patienter
745 3542 864 3611 ierant.
883 3547 991 3637 Atque
1006 3569 1069 3638 ego
1081 3545 1166 3612 banc
1181 3567 1253 3611 sen·

210 3673 346 3740 tentiam
364 3667 540 3764 probarem
558 3665 654 3759 (nam
681 3662 773 3758 apud
793 3687 848 3731 me
875 3677 1005 3731 tantum
1031 3662 1175 3757 dignitas
1191 3687 1253 3756 po·

209 3789 313 3883 test),
333 3791 361 3858 si
383 3785 510 3856 nullam
530 3799 751 3880 praeterquam
769 3784 845 3851 vitae
862 3795 982 3851 nostrae
999 3783 1163 3874 jacturam
1182 3780 1253 3850 fieri

209 3910 372 3994 viderem3
399 3906 456 3976 sed
479 3907 514 3973 in
542 3901 680 3973 consilio
702 3900 864 3996 capiendo
884 3925 1017 3970 omnem
1038 3901 1183 3970 Galliam
1206 3925 1255 3968 re·

355 4052 377 4096 1.
1068 4023 1109 4104 isi
