3014 4780
490 417 540 472 nn
564 415 687 470 sunno
707 413 915 470 armanno.
1163 408 1218 480 ὼ

177 560 352 640 postquam
378 541 492 635 Scipio
509 541 743 632 Labienusque
769 534 1099 619 animadverterunt,
1123 535 1219 626 equi·

175 680 248 732 tatu
264 662 353 731 ornni
375 687 416 730 ex
433 663 549 730 castris
566 659 704 745 educto,
725 660 861 750 acieque
877 655 1021 748 equestri
1040 657 1219 730 instructa.

176 784 279 854 asuis
294 781 534 850 munitionibus
556 782 687 850 circiter
703 802 817 873 passus
835 775 925 845 mille
943 773 1219 870 progrediuntur,

177 903 426 998 pedestremque
444 904 573 997 copiam
591 904 626 970 in
644 898 790 970 secunda
809 900 899 983 acie,
918 898 1028 966 minus
1044 920 1159 989 passus
1175 919 1220 965 cn

177 1049 197 1092 a
213 1025 328 1093 castris
346 1025 432 1107 suis,
449 1024 668 1093 constituunt.

224 1146 382 1212 xxxtx.
406 1147 515 1214 Caesar
530 1145 564 1212 in
580 1167 682 1236 opere
696 1143 817 1210 milites
831 1139 1023 1224 adhortari,
1040 1162 1147 1231 neque
1164 1136 1221 1206 ad·

178 1264 398 1332 versariorum
418 1265 520 1357 copiis
537 1263 672 1332 moveri.
692 1249 806 1350 Quum
821 1262 891 1354 jam
908 1284 976 1328 non
995 1256 1136 1352 amplius
1150 1281 1221 1351 pas·

178 1407 274 1452 suurn
295 1407 348 1452 no
370 1384 455 1451 inter
476 1383 620 1453 bostium
643 1384 746 1451 aciem
767 1405 908 1475 suasque
925 1380 1127 1448 munitiones
1148 1401 1220 1446 esse

178 1502 477 1590 animadvertisset,
488 1501 784 1594 intellexissemus,
799 1498 841 1569 ad
857 1498 1084 1593 impediendos
1096 1495 1219 1567 milites

178 1648 276 1711 suos,
297 1637 331 1690 et
354 1623 394 1690 ab
419 1647 518 1715 opere
549 1619 780 1716 depellendos,
807 1620 937 1688 hostem
962 1619 1101 1714 propius
1128 1641 1219 1686 acce·

179 1742 279 1829 dere,
292 1765 488 1834 necesseque
505 1741 656 1827 haberet,
673 1739 816 1834 legiones
831 1765 850 1807 a
866 1737 1106 1807 munitionibus
1123 1734 1221 1804 dedu·

178 1887 272 1946 cere,
290 1863 430 1954 imperat
449 1875 563 1928 turmae
578 1861 823 1955 Hispanorum,
839 1857 881 1927 ad
898 1859 1087 1952 proximum
1102 1855 1221 1924 collem

180 2005 319 2074 propere
344 1994 574 2067 accurrerent,
602 1978 856 2073 praesidiumque
879 1975 956 2046 inde
986 1976 1219 2063 deturbarent,

179 2099 355 2195 locumque
369 2114 543 2196 caperent3
556 2098 737 2193 eodemque
746 2100 842 2193 jubet
854 2097 935 2168 levis
949 2112 1124 2167 armaturae
1138 2120 1220 2190 pau·

180 2222 399 2314 cosconsequi
407 2219 564 2290 subsidio.
575 2221 645 2310 Qui
656 2220 745 2288 missi
756 2216 1087 2305 celeriter,Nnmidas
1097 2215 1219 2302 adorti,

179 2341 301 2434 partim
321 2341 413 2409 vivos
430 2341 589 2434 capiunt,
608 2337 786 2408 nonnullos
803 2340 929 2432 equites
949 2337 1112 2431 fugientes
1138 2361 1219 2406 con·

181 2458 455 2542 vulneraverunt,
475 2459 613 2552 locoque
633 2473 711 2528 sunt
727 2459 834 2553 potiti.
853 2461 1034 2550 Postquam
1052 2455 1085 2524 id
1104 2457 1222 2526 labie·

179 2605 241 2648 nus
258 2580 518 2676 animadvertit,¹
534 2603 602 2672 quo
622 2577 760 2647 celerius
790 2579 828 2646 iis
855 2574 1015 2645 auxilium
1043 2576 1161 2661 ferret,
1180 2600 1220 2646 ex

178 2701 249 2769 acie
265 2701 427 2768 instructa
445 2700 609 2792 equitatus
627 2699 678 2764 sui
695 2719 800 2791 prope
817 2710 924 2764 totum
942 2695 1096 2763 dextrum
1114 2719 1219 2764 cornu

178 2819 319 2904 avertit,
340 2831 439 2909 atque
459 2818 526 2885 suis
545 2816 747 2909 fugientibus
775 2817 941 2909 suppetias
966 2816 1013 2882 ire
1038 2813 1218 2884 contendit.

179 2935 280 3024 Quod
296 2937 351 3005 ubi
369 2939 479 3005 Caesar
494 2937 678 3029 conspexit,
696 2936 881 3004 Labienum
896 2935 938 3004 ab
953 2935 1020 3002 suis
1034 2935 1137 3029 copiis
1152 2934 1222 3004 lon-
1247 2977 1251 2984 ·

180 3057 252 3149 gius
266 3057 335 3147 jam
352 3056 564 3143 abscessisse,
581 3057 746 3149 equitatus
762 3056 813 3124 sui
829 3052 915 3124 alam
932 3055 1097 3124 sinistram
1116 3053 1158 3123 ad
1173 3056 1221 3123 in·

181 3172 413 3244 tercludendos
431 3174 541 3244 hostes
562 3176 708 3245 immisit.

228 3297 300 3363 XL.
319 3297 401 3364 Erat
415 3296 448 3362 in
462 3319 501 3364 eo
514 3319 649 3389 campo,
663 3296 720 3365 ubi
732 3319 768 3363 ea
784 3321 835 3366 res
849 3296 1044 3391 gerebatur,
1056 3295 1134 3365 villa
1146 3321 1221 3392 per·

180 3438 319 3508 magna,
338 3437 374 3484 rv
391 3415 538 3484 turribus
555 3429 740 3500 exstructa,
760 3441 832 3508 quae
850 3416 988 3485 Labieni
1010 3431 1220 3510 prospectum

180 3534 395 3628 impediebat,
415 3561 456 3604 ne
473 3550 582 3629 posset
602 3535 878 3623 animadvertere,
889 3537 932 3604 ab
943 3537 1091 3629 equitatu
1109 3538 1220 3605 Caesa·

179 3655 226 3723 ris
243 3679 277 3724 se
293 3653 479 3725 intercludi.
491 3659 605 3750 Itaque
625 3680 693 3724 non
708 3657 800 3751 prius
816 3654 898 3724 vidit
912 3670 1037 3724 turmas
1054 3657 1074 3723 J
1076 3652 1220 3744 ulianas,

180 3797 280 3865 quarn
301 3801 377 3845 suos
387 3775 466 3844 caedi
481 3791 603 3871 atergo
622 3778 733 3846 sensit.
746 3780 796 3846 Ex
816 3799 881 3869 qua
901 3800 937 3844 re
946 3777 1057 3846 subito
1067 3776 1102 3842 in
1117 3789 1235 3861 terrog

181 3915 251 3960 rem
268 3919 428 3965 converso
445 3899 594 3988 equitatu
617 3897 855 3984 Numidarum,
872 3911 961 3964 recta
982 3897 1016 3964 in
1034 3909 1140 3965 castra
1168 3895 1221 3964 fu·

165 4016 260 4105 'gere
276 4013 455 4082 contendit.
467 4013 555 4082 Galli
565 4017 791 4109 Germanique
802 4067 811 4102 ,
821 4018 880 4110 qui
895 4017 1083 4086 restiterant
1093 4067 1103 4104 ,
1113 4040 1152 4084 ex
1165 4025 1239 4084 su·'
