3042 4772
487 413 539 468 D-Il
557 411 681 467 BELLO
703 411 818 468 ClVlLI
842 410 911 466 tta.
934 411 985 466 Ill.
1203 419 1256 494 139

229 541 363 638 quando
385 538 463 635 quid
484 538 659 632 Pompeius
679 536 804 606 tardius
825 551 882 606 aut
909 536 1144 609 consideratius
1166 544 1255 614 face·

228 679 303 750 ret,
321 693 337 728 a
352 663 449 730 unius
466 683 536 728 esse
553 659 724 753 negotium
744 656 826 744 diei,
844 656 899 726 sed
914 655 1005 726 illum
1024 659 1179 752 delectari
1196 663 1257 731 im·

230 784 343 878 perio,
364 797 397 850 et
414 778 601 849 consulares
617 777 851 871 praetoriosque
865 801 1035 847 servorum
1058 779 1178 850 habere
1197 807 1257 852 nu·
1341 841 1345 850 .

228 925 336 986 mero,
350 930 367 965 a
387 898 544 968 dicerent.
564 901 702 989 Jamque
720 898 805 964 iuter
822 921 856 964 se
872 895 981 990 palam
1000 897 1041 966 de
1059 903 1199 992 praemiis
1218 925 1256 970 ao

229 1017 420 1089 sacerdotiis
439 1015 699 1104 contendebant,
713 1017 746 1084 in
768 1039 937 1109 annosque
950 1004 1158 1088 consulatum
1174 1021 1255 1089 defi·

208 1201 210 1208 .
228 1139 382 1222 niebant3
399 1135 456 1205 alii
467 1137 583 1205 domos
594 1135 745 1228 bonaque
756 1159 892 1222 eorum,
913 1137 969 1229 qui
988 1137 1021 1206 in
1034 1140 1148 1207 castris
1160 1155 1255 1210 eraut

228 1259 382 1344 Caesaris,
401 1254 581 1351 petebant:
598 1267 783 1350 magnaque
802 1256 886 1324 inter
902 1280 958 1325 eos
975 1257 1009 1325 in
1032 1256 1170 1328 consilio
1193 1260 1256 1329 suit

227 1377 466 1464 controversia,
487 1389 696 1469 oporteretne
709 1377 748 1442 L.
765 1363 877 1462 Hirri,
899 1375 988 1468 quod
1009 1377 1036 1444 is
1056 1399 1075 1445 a
1098 1380 1255 1472 Pompeio

227 1497 269 1566 ad
292 1497 431 1567 Parthos
462 1497 579 1563 missus
607 1506 709 1578 esset,
739 1493 896 1588 proximis
927 1496 1067 1565 comitiis
1094 1499 1254 1590 praetoriis

227 1617 371 1686 absentis
394 1616 555 1685 rationem
582 1611 714 1700 haberi3
735 1635 838 1704 quum
861 1614 930 1706 ejus
955 1617 1127 1684 necessarii
1154 1615 1253 1685 fidem

228 1735 444 1829 implorarent
462 1732 631 1825 Pompeii,
652 1743 840 1824 praestaret,
860 1731 948 1823 quod
966 1710 1186 1825 proficiscenti
1205 1759 1256 1804 re·

227 1857 383 1948 cepisset,
401 1879 443 1922 ne
460 1877 520 1946 per
542 1853 612 1944 ejus
632 1852 861 1919 auctoritatem
886 1851 1041 1945 deceptus
1064 1852 1253 1943 videretur3

226 1974 362 2066 reliqui,
382 1976 416 2043 in
435 1972 547 2042 labore
567 1971 636 2064 pari
658 1993 696 2040 ac
715 1969 876 2063 periculo,
893 1995 937 2039 ne
959 1995 1044 2040 unus
1063 1981 1177 2042 omnes
1195 1999 1253 2042 an·

225 2093 410 2179 tecederet,
430 2105 629 2162 recusarent.

274 2213 460 2283 LXXXIII.
480 2216 552 2282 Iam
573 2211 615 2280 de
633 2208 814 2280 sacerdotio
830 2210 968 2280 Caesaris
988 2213 1168 2299 Domitius,
1182 2215 1254 2282 Sci·

225 2334 301 2426 pio,
328 2329 553 2425 Lentulusque
577 2331 745 2424 Spinther,
766 2329 967 2423 quotidianis
987 2333 1253 2402 contentionibus

225 2453 266 2520 ad
294 2454 500 2546 gravissimas
523 2451 698 2518 verborum
720 2447 934 2518 contumelias
951 2448 1059 2543 palam
1077 2450 1253 2520 descendc-
1344 2483 1346 2491 ’

223 2587 321 2656 runt,
344 2595 445 2664 quum
469 2568 629 2640 Lentulus
653 2568 757 2634 astatis
780 2567 939 2635 honorem
963 2582 1162 2659 ostentaret,
1184 2573 1253 2640 Do·

225 2693 337 2759 mitius
355 2690 516 2757 urbanam
535 2687 675 2780 gratiam
694 2673 950 2777 dignitatemque
964 2687 1122 2778 jactaret,
1142 2691 1253 2782 Scipio

224 2811 381 2878 affinitate
399 2807 547 2900 Pompeii
567 2804 756 2873 confideret.
779 2803 963 2873 Postulavit
985 2808 1083 2874 etiam
1103 2810 1141 2874 L.
1156 2807 1252 2876 lisca·

225 2931 316 2996 nium
349 2925 544 3021 proditionis
576 2927 734 2993 exercitus
759 2925 867 2993 Attius
896 2923 1003 2994 Rufus
1030 2925 1119 3019 apud
1154 2930 1252 2997 Pom·

223 3049 355 3140 peium,
373 3044 462 3138 quod
485 3059 610 3139 gestum
634 3047 667 3111 in
689 3045 846 3137 Hispania
871 3043 1003 3114 diceret.
1022 3049 1064 3115 Et
1080 3049 1118 3115 L.
1135 3051 1252 3118 Domi-
1333 3071 1340 3089 ·

223 3166 288 3232 tius
303 3165 336 3232 in
350 3161 490 3233 consilio
500 3164 599 3249 dixit,
618 3161 746 3257 placere
760 3164 839 3250 sibi,
857 3161 943 3231 bello
959 3165 1124 3253 confecto,
1141 3181 1251 3238 ternas

223 3282 359 3353 tabellas
375 3283 444 3352 dati
463 3283 503 3352 ad
518 3281 732 3376 judicandum
749 3285 802 3369 iis,
822 3284 879 3376 qui
897 3282 1022 3352 ordinis
1041 3300 1148 3354 essent
1161 3279 1252 3356 setia-

222 3405 317 3493 torii,
338 3401 489 3498 belloque
509 3427 574 3472 una
595 3427 670 3471 cum
692 3403 770 3496 ipsis
790 3401 1034 3491 interfuissent3
1053 3408 1248 3475 sententias·

221 3549 285 3617 que
311 3523 352 3594 de
373 3523 509 3618 singulis
528 3524 669 3610 ferrent,
688 3523 744 3616 qui
770 3525 883 3592 Romae
908 3527 1157 3609 remansissent,
1178 3527 1250 3618 qui·

221 3666 284 3734 que
296 3645 383 3711 intra
395 3643 543 3738 praesidia
559 3643 708 3736 Pompeii
722 3641 857 3710 fuissent
867 3693 876 3724 ‚
888 3667 1003 3736 neque
1016 3667 1148 3736 operam
1164 3645 1198 3711 in
1215 3669 1250 3712 re

220 3761 353 3830 militari
369 3763 619 3857 praestitissent:
638 3785 737 3830 unam
754 3761 824 3830 lore
837 3759 1010 3844 tabellam,
1030 3763 1087 3854 qui
1107 3759 1250 3830 liberan-

219 3879 278 3948 ‹los
297 3884 388 3948 omni
406 3881 552 3975 periculo
570 3879 927 3970 cettseren13alteram,
947 3883 1004 3976 qui
1018 3882 1135 3975 capitis
1155 3882 1249 3950 dam·

220 4013 353 4086 nareut;
374 4001 520 4087 tertiam,
534 4003 591 4094 qui
607 4001 742 4093 pecunia
762 3997 973 4070 mulctarent.
992 4004 1164 4072 Postremo
1178 4027 1249 4070 orn-
