3014 4780
300 325 355 392 281.
475 325 505 382 C.
522 325 621 382 JULII
640 323 802 382 CAESARIS
825 325 1022 382 coutimur.
1044 327 1155 381 LIBER

301 473 403 544 usqne
421 473 476 536 eo,
503 465 541 519 ut
557 447 845 542 caedemproxime
871 475 899 518 a.
916 447 1002 518 vallo
1029 449 1178 521 fecerint.
1207 453 1252 518 ln
1268 475 1348 544 quo

299 569 416 667 proelio
432 569 693 640 adversariorum
713 568 905 638 ceciderunt
925 593 1057 658 cxxru,
1077 567 1348 664 compluresque

284 693 398 759 'armis
418 690 530 776 exuti,
550 684 643 756 multi
666 685 855 757 vulneribus
875 687 982 757 affecti
999 690 1038 757 'in
1057 704 1164 758 castra
1184 703 1267 758 sunt
1285 715 1346 758 re·

290 809 387 898 ,dacii
403 809 526 878 :nostri
542 805 802 892 ceciderunt1113
818 807 920 876 saucii
936 831 987 877 x11
999 807 1138 902 pedites,
1156 810 1288 901 equites
1307 833 1343 877 v,

284 975 285 980 κ
298 929 379 1023 Ejus
397 928 462 998 diei
478 929 660 1020 insequenti
680 903 849 1019 tempore,
864 928 1003 1020 pristine
1018 927 1259 996 consuetudine
1273 953 1343 1021 pro

301 1072 396 1118 muro
415 1049 555 1141 pugnari
572 1061 716 1142 coeptum
731 1060 789 1116 est
806 1047 919 1134 Quum
940 1046 1024 1114 bene
1044 1071 1198 1141 magnam
1217 1046 1343 1116 multi-

300 1167 445 1235 tudinem
463 1165 604 1235 telorum
622 1168 798 1261 ignemque
811 1165 933 1234 nostris
945 1164 1342 1260 defendentibusinjecis·

299 1300 371 1354 sent
381 1335 390 1372 ,
402 1284 579 1353 nefandum
591 1283 918 1377 crudelissimumque
929 1284 1055 1353 facinus
1072 1300 1150 1354 sunt
1164 1289 1339 1380 aggressi,

299 1405 333 1472 in
350 1417 594 1498 conspectuque
618 1419 733 1472 nostro
755 1404 916 1497 hospites,
932 1405 990 1496 qui
1012 1403 1045 1472 in
1070 1403 1192 1498 oppido
1216 1421 1337 1488 erant,

299 1521 461 1618 jugulare,
480 1523 571 1592 etde
588 1547 684 1591 muro
700 1519 1335 1617 praecipites‘mitterecoepernnusicuti

298 1643 388 1738 apud
404 1643 565 1712 Barbaros
586 1669 595 1712 ε
620 1640 711 1736 quod
736 1657 809 1736 post
830 1643 1003 1710 hominum
1026 1644 1218 1713 memoriam
1242 1669 1333 1712 nun·

300 1788 398 1855 qnam
419 1763 618 1832 estfactum.

345 1885 435 1949 XVI.
453 1883 560 1974 Hujus
576 1882 641 1949 diei
656 1896 801 1950 extremo
819 1893 964 1976 tempore
984 1907 1004 1950 a
1021 1883 1228 1975 Pompeianis
1243 1879 1328 1952 clam

298 2013 428 2068 nostros
451 2000 637 2068 tabellarius
658 2015 706 2068 cst
727 2003 859 2088 missus,
878 2017 913 2070 ut
932 2027 970 2070 ea
990 2016 1087 2070 nocte
1105 2015 1211 2070 turres
1228 2027 1327 2096 agge·

298 2144 433 2212 remque
454 2119 684 2206 incenderent,
704 2134 737 2186 et
755 2121 851 2189 tertia
876 2120 989 2216 vigilia
1010 2123 1218 2215 eruptionem
1240 2122 1325 2190 face·

299 2253 382 2307 rent.
398 2241 449 2308 Ita
461 2239 537 2332 igne
552 2236 759 2332 telorumque
774 2237 987 2308 multitudine
998 2241 1106 2333 jacta,
1121 2265 1225 2334 quum
1241 2242 1324 2309 bene

298 2383 451 2452 magnam
472 2371 596 2452 partem
618 2358 707 2426 muri
728 2360 1021 2452 consumpsissent,
1045 2375 1193 2455 portam,
1210 2385 1282 2454 quae
1304 2384 1322 2427 e

297 2479 431 2573 regione
444 2493 476 2546 et
494 2479 528 2551 in
546 2492 724 2572 conspectu
741 2479 889 2573 Pompeii
905 2492 1088 2547 castrorum
1107 2479 1233 2564 suerat,
1250 2503 1322 2571 ape·

297 2611 449 2686 ruerunt,
465 2600 634 2693 copiaeque
650 2611 727 2666 totae
741 2598 948 2691 eruptionem
966 2597 1132 2685 fecerunt,
1148 2622 1320 2691 secumque

296 2716 486 2786 extulerunt
501 2717 640 2786 calcatas
653 2718 694 2785 ad
711 2717 813 2786 fossas
827 2716 1053 2810 complendas,
1071 2733 1103 2786 et
1119 2718 1319 2812 harpagones

295 2838 337 2907 ad
354 2861 541 2931 casas,quae
556 2821 782 2906 stramentitiae
799 2837 840 2904 ab
857 2839 978 2906 nostris
993 2837 1210 2908 hibernorum
1226 2861 1320 2908 causa

295 2956 462 3025 aedificatae
480 2971 591 3042 erant,
608 2955 785 3024 diruendas
801 2940 832 3024 et
853 2955 1086 3045 incendendam
1106 2973 1259 3051 praeterea
1274 2981 1322 3026 an

294 3089 429 3167 gentum
447 3088 480 3142 et
496 3076 710 3162 vestimenta,
728 3088 784 3161 ut,
807 3073 887 3142 dum
909 3077 1012 3145 nostri
1027 3077 1061 3143 in
1077 3076 1187 3171 praeda
1204 3076 1321 3146 detine·

293 3206 429 3280 rentur,
450 3190 514 3279 illi,
534 3193 621 3262 raede
637 3194 737 3282 facta,
757 3194 799 3263 ad
819 3196 969 3288 proesidia
984 3197 1132 3290 Pompeii
1150 3221 1184 3265 se
1202 3197 1322 3289 recipe·

293 3326 384 3380 rent:
394 3335 470 3379 nam
482 3363 491 3399 ,
501 3311 590 3406 quod
599 3313 827 3401 existimabat,
842 3339 897 3382 eos
906 3338 1001 3407 possc
1010 3328 1165 3382 conatum
1176 3313 1320 3402 efficere,

294 3446 389 3502 nocte
413 3447 482 3501 tota
508 3430 594 3500 ultra
621 3433 691 3501 ibat
708 3432 830 3501 flumen
849 3431 976 3502 Salsum
996 3433 1030 3499 in
1056 3433 1136 3500 acie.
1154 3421 1253 3518 Quod
1274 3432 1321 3499 fa-

276 3545 385 3621 'ctnm
400 3548 479 3621 licet
490 3577 550 3621 nec
566 3552 779 3646 opinantibus
795 3551 915 3619 nostris
929 3563 1013 3616 essct
1030 3563 1176 3642 gestum,
1194 3562 1319 3635 tamen,

293 3672 416 3741 virtute
436 3669 523 3758 freti,
543 3667 690 3766 repulsos
708 3669 882 3760 multisque
899 3664 1090 3744 vulneribus
1111 3667 1245 3736 affectos
1262 3691 1319 3761 op·

293 3790 372 3886 pido
412 3804 652 3884 represserunt,
670 3788 843 3885 praedaqne
859 3802 892 3857 ct
909 3787 1010 3856 armis
1026 3812 1141 3858 eorum
1161 3803 1239 3856 sunt
1257 3812 1314 3884 po·

294 3913 361 3997 titi,
386 3911 541 4005 vivosque
566 3909 692 4003 aliquos
719 3923 894 4002 ceperunt,
920 3908 977 4001 qui
1008 3921 1138 4001 postero
1164 3908 1217 3978 die
1245 3922 1316 3978 sunt
