3050 4772
453 364 505 420 na
527 363 645 420 anino
666 364 826 419 cituco
848 365 916 420 uua.
935 367 997 422 vn.
1197 363 1251 441 189

257 491 378 558 XLIV.
401 491 480 556 Haec
500 488 661 582 cogitanti
681 486 831 556 accidere
850 489 920 556 visa
940 503 990 558 est
1010 487 1150 558 facultas
1167 491 1252 559 bene

210 607 362 701 gerendas
380 609 439 676 rei.
460 607 549 676 Nam
565 632 669 700 quum
686 609 815 676 minora
831 609 866 676 in
883 622 992 678 castra
1002 612 1113 703 operis
1131 613 1253 704 perspi·

211 727 320 796 ciendi
334 751 431 796 eausa
447 728 606 814 venisset,
623 726 858 806 animadvertit
875 726 1012 816 collem,
1026 731 1083 822 qui
1097 729 1139 798 ab
1154 729 1254 798 hosti·

210 846 273 915 bus
302 846 491 934 tenebatur,
521 844 683 915 nudatum
709 847 917 934 hominibus,
943 850 1001 941 qui
1028 849 1254 943 superioribus

211 964 327 1034 diebus
338 967 394 1033 vix
403 989 470 1058 prae
480 963 696 1034 multitudine
705 967 796 1034 cerni
807 981 948 1060 poterat.
960 968 1152 1038 Admiratus
1164 993 1254 1062 quae·

210 1086 256 1152 rit
276 1109 317 1154 ex
333 1084 480 1180 perfugis
499 1109 647 1172 causam,
667 1111 811 1179 quorum
831 1111 972 1182 magnus
988 1086 1030 1156 ad
1046 1112 1123 1156 eurn
1140 1089 1252 1181 quoti·

154 1239 157 1246 ·
211 1203 264 1273 die
290 1227 449 1273 numerus
471 1203 669 1274 confluebat.
696 1206 879 1274 Constabat
901 1209 988 1276 inter
1006 1208 1253 1302 omnes,‘quod

208 1325 277 1418 jam
290 1325 361 1418 ipse
375 1327 486 1394 Caesar
495 1347 557 1419 per
571 1323 796 1418 exploratores
807 1340 1025 1422 cognoverat,
1035 1327 1171 1398 dorsum
1183 1353 1253 1398 esse

211 1445 281 1538 ejus
297 1445 370 1540 jugi
390 1468 493 1539 prope
507 1468 655 1537 oequum,
674 1443 731 1513 sed
751 1443 899 1514 silvestre
919 1460 951 1514 et
970 1462 1166 1542 angustum,
1186 1473 1253 1542 qua
1280 1511 1285 1516 .

211 1579 295 1633 esset
314 1565 422 1634 aditus
442 1563 484 1633 ad
502 1562 641 1632 alteram
660 1563 776 1658 oppidi
795 1579 949 1658 partem:
968 1565 1047 1634 huic
1062 1565 1135 1635 loco
1150 1567 1251 1636 rehe-

215 1697 344 1752 menter
363 1682 436 1753 illos
452 1684 584 1770 timere,
602 1706 664 1764 nee
676 1683 743 1776 jam
764 1681 861 1752 aliter
878 1685 1013 1767 sentire,
1025 1687 1094 1752 uno‘
1111 1682 1195 1752 colle
1210 1685 1253 1754 ab

211 1804 370 1872 Romanis
398 1816 575 1896 occupato,
602 1803 628 1869 si
655 1799 798 1869 alterum
820 1803 1021 1892 amisissent,
1049 1803 1130 1895 quin
1159 1827 1253 1897 paene

211 1921 467 2008 circumvallati,
484 1936 583 2014 atque
593 1921 684 1988 omni
700 1921 790 1988 exitu
806 1934 839 1988 et
852 1919 1064 2015 pabulatione
1082 1921 1252 1992 interclusi

212 2040 425 2112 viderentur:
444 2041 588 2110 adhunc
603 2039 823 2116 muniendum
836 2039 946 2110 locum
958 2065 1072 2110 omnes
1088 2044 1253 2111 aVercin·

212 2163 360 2258 getorige
376 2177 537 2232 evocatos.

259 2285 363 2352 XLV.
385 2285 456 2352 Hac
476 2286 682 2380 recognita,
702 2287 810 2354 Caesar
827 2283 930 2351 mittit
953 2279 1141 2375 complures
1159 2283 1253 2376 oqui-

213 2418 284 2472 tum
301 2417 428 2474 turmas
448 2428 489 2472 eo
504 2402 545 2473 de
561 2403 670 2472 media
686 2416 785 2473 nocte
799 2428 808 2471 ε
824 2403 863 2471 iis
879 2403 1020 2496 imperat
1035 2416 1073 2470 ut
1087 2400 1186 2496 paulo
1199 2417 1253 2471 tu·

212 2521 412 2593 multuosius
429 2525 584 2593 omnibus
600 2525 635 2591 in
652 2521 732 2593 locis
744 2536 1013 2618 pervagarentur.
1031 2523 1142 2591 Prima
1159 2519 1251 2608 luce,

131 2653 135 2660 '
213 2667 370 2738 magnum
381 2667 559 2711 numerum
569 2643 884 2737 impedimentorum
894 2666 934 2710 ex
946 2643 1060 2711 castris
1072 2639 1253 2709 mulorum-

211 2787 277 2857 que
299 2761 454 2856 produci,
482 2785 566 2854 eque
588 2763 629 2831 iis
649 2776 829 2832 stramenta
854 2761 1000 2845 detrahi,
1021 2756 1253 2852 mulionesque

212 2908 288 2952 cum
306 2881 501 2967 cassidibus,
521 2882 670 2974 equitum
687 2884 796 2977 specie
815 2878 1095 2965 assimulatione,
1112 2876 1252 2948 collibus

206 3003 416 3094 circumvehi
435 3002 539 3096 jubet.
561 3003 622 3072 His
644 3025 766 3095 paucos
790 3000 882 3070 addit
903 3001 1051 3094 equites,
1073 3001 1130 3095 qui
1154 2998 1253 3070 latius

213 3122 443 3192 ostentationis
467 3147 566 3192 causa
586 3134 798 3216 vagarentur.
820 3123 939 3214 Longo
956 3120 1098 3190 circuitu
1119 3119 1251 3190 easdem

213 3269 327 3312 omnes
341 3243 437 3339 jubet
460 3258 573 3337 petere
597 3242 760 3337 regiones.
777 3243 855 3308 Haec
871 3238 987 3334 procul
1004 3265 1043 3308 ex
1063 3239 1188 3334 oppido
1203 3241 1254 3308 vi·

213 3361 387 3451 debentur,
404 3377 441 3431 ut
458 3376 528 3431 crat
541 3386 561 3430 a
576 3361 744 3456 Gergovia
759 3357 932 3454 despectus
947 3361 983 3427 in
1001 3373 1123 3446 castra3
1145 3383 1253 3452 neque

214 3497 308 3552 tanto
327 3484 450 3577 spatio,
473 3484 556 3551 corti
575 3480 656 3574 quid
675 3494 775 3566 esset,
797 3477 961 3572 explorari
978 3492 1118 3572 poterat.
1139 3478 1254 3572 Legio·

212 3628 290 3674 nem
311 3629 412 3674 unam
434 3603 551 3674 eodem
571 3603 655 3698 jugo
679 3601 799 3688 mittit,
821 3614 854 3668 et
888 3597 1022 3693 paulurn
1046 3623 1253 3693 progressam

213 3726 369 3794 inferiore
401 3725 577 3794 constituit
609 3721 699 3805 loco,
731 3718 886 3813 silvisque
917 3716 1072 3787 occultat.
1102 3720 1254 3812 Augetur

214 3839 321 3916 Gallis
344 3846 504 3940 suspicio,
524 3859 624 3938 atque
648 3867 764 3914 omnes
780 3839 838 3910 illo
853 3837 894 3908 ad
911 3837 1132 3907 munitionem
1153 3838 1255 3932 copim

214 3965 486 4036 transducuntur.
501 3966 617 4033 Vacua
629 3977 735 4032 castra
746 3961 893 4030 hostium
908 3960 1018 4028 Caesar
1033 3959 1255 4052 conspicatus,
