3026 4768
457 392 507 452 DE
526 391 646 446 BELLO
667 389 832 446 GALLICO
854 392 922 446 LIB.
940 392 988 444 1v.
1198 395 1235 452 85

215 512 303 606 rant)
323 514 445 607 passim
467 513 580 606 lugere
598 515 711 606 coepit;
730 513 772 582 ad
790 538 872 606 quos
889 513 1120 582 consectandos
1135 519 1243 584 Caesar'

213 632 394 724 equitatum
414 631 513 700 misit.

263 752 339 818 XV.
364 750 542 837 Germani,
566 765 641 843 post
664 766 794 847 tergum
817 749 961 820 clamore
984 753 1118 838 audito,
1140 777 1243 844 quum

213 891 291 936 suos
309 867 450 936 interfici
466 867 633 956 viderent,
650 872 749 938 armis
769 870 920 962 abjectis,
937 870 1103 964 signisque
1123 867 1243 938 milita·

214 986 305 1056 ribus
325 986 463 1076 relictis,
482 1011 516 1056 se
536 1011 577 1057 ex
597 991 712 1058 castris
732 990 917 1082 ejecerunt;
935 1003 968 1057 et
987 1013 1089 1081 quum
1106 988 1148 1082 ad
1167 991 1249 1057 conss'

215 1104 371 1174 fluentem
389 1109 492 1176 Mosae
511 1122 545 1176 et
563 1107 671 1176 Rheni
689 1109 927 1200 pervenissent,
946 1104 1073 1200 reliqua
1093 1107 1171 1201 suga
1190 1107 1246 1176 de-

213 1239 357 1316 sperate,
370 1249 496 1326 magno
517 1248 656 1294 numero
673 1225 860 1312 interfecto,
876 1224 995 1320 reliqui
1015 1249 1049 1294 se
1068 1227 1102 1294 in
1121 1227 1244 1294 flumen

213 1345 518 1439 precipitaverunt,
540 1359 639 1438 atque
663 1345 709 1413 ihi
727 1345 875 1432 timore,
905 1343 1114 1432 lassitudine,
1132 1346 1163 1413 vi
1184 1344 1247 1412 flu·

215 1464 313 1531 minis
327 1466 492 1558 oppressi,
507 1466 688 1559 perierunt.
711 1465 826 1536 Nostri
843 1464 887 1532 ad
906 1489 1009 1560 unum
1026 1488 1139 1536 omnes
1157 1465 1247 1532 iuco-¹

216 1580 338 1670 lumes,
352 1583 524 1678 perpaucis
540 1581 735 1669 vulneratis,
751 1607 790 1650 ex
805 1584 890 1650 tanti
903 1581 981 1650 belli
998 1583 1130 1668 timore,
1144 1606 1248 1676 quum

101 1730 105 1738 ·
176 1703 183 1720 ¹
216 1702 360 1771 hostium
382 1727 539 1772 numerus
556 1704 703 1797 capitum
722 1725 837 1772 ncxxx
853 1699 994 1768 millium
1013 1699 1141 1786 fuisset,
1161 1725 1195 1768 se
1213 1702 1247 1768 in

215 1835 320 1890 cestra
339 1836 544 1916 receperunt
559 1825 668 1891 Caesar
684 1821 749 1907 his,
766 1845 849 1914 quos
866 1822 900 1888 in
917 1820 1032 1888 castris
1051 1821 1248 1906 retinuerat,

215 1940 403 2012 discedendi
426 1954 620 2034 potestatem
641 1940 727 2009 fecit.
750 1938 820 2025 Illi,
841 1937 998 2032 supplicia
1019 1940 1248 2032 cruciatusque

215 2059 391 2130 Gallorum
411 2061 524 2146 veriti,
550 2084 690 2152 quorum
718 2084 815 2154 agros
840 2072 1053 2146 vexaverant,
1080 2081 1249 2154 remanere

217 2207 251 2250 se
270 2181 359 2276 apud
376 2205 452 2250 eum
472 2177 555 2248 velle
577 2177 742 2247 dixerunt.
765 2179 823 2245 His
839 2180 947 2247 Cesar
964 2175 1148 2244 libertatem
1169 2187 1248 2245 con-

216 2301 321 2370 cessit.
647 2367 649 2372 ,
819 2365 821 2368 .

264 2424 355 2491 XVI.
381 2423 582 2492 Germanico
595 2418 683 2489 bello
698 2419 862 2502 confecto,
875 2414 988 2484 multis
1006 2415 1046 2483 de
1060 2416 1166 2483 causis
1179 2419 1250 2484 Ca·-

216 2565 270 2609 sar
282 2543 412 2630 statuit,
426 2541 488 2610 sibi
503 2541 659 2610 Rhenum
673 2562 742 2606 esse
760 2533 997 2606 transeundum
1014 2557 1180 2626 :quarum
1195 2531 1251 2600 illa

217 2660 282 2728 suit
300 2661 495 2752 justissima,
516 2658 619 2756 quod,
644 2681 747 2751 quum
767 2656 894 2723 videret
910 2656 1095 2722 Germanos
1115 2667 1181 2719 tam
1205 2651 1252 2718 fa-

217 2777 280 2845 cile
302 2775 444 2870 impelli,
462 2791 499 2844 ut
519 2778 553 2845 in
569 2775 713 2845 Galliam
729 2775 900 2858 venirent,
920 2773 987 2840 suis
1003 2794 1135 2864 quoque
1155 2769 1252 2841 rebus

218 2923 274 2966 eos
298 2897 415 2965 timere
435 2893 561 2983 voluit,
584 2919 686 2988 quum
709 2891 950 2986 intelligerent,
977 2903 1010 2958 et
1028 2913 1122 2983 posse
1141 2903 1175 2957 et
1195 2913 1252 2958 eu-

219 3015 296 3085 dere
310 3012 426 3110 populi
439 3014 568 3082 romani
582 3012 763 3081 exercitum
775 3011 929 3080 Rhenum
941 3009 1089 3078 transire.
1106 3007 1254 3080 Accessit

219 3133 440 3228 etiam,·quod
456 3132 512 3203 illa
528 3156 605 3226 pars
619 3131 785 3223 equitatus
798 3129 973 3222 Usipetum
988 3127 1254 3206 etTenchthero·

219 3279 313 3339 rum,
329 3278 430 3348 quam
448 3275 547 3347 supra
563 3249 819 3326 commemoravi
834 3245 1001 3341 praedandi
1019 3243 1254 3319 frumentandi-

220 3397 284 3466 que
308 3395 407 3442 oausa
430 3374 560 3440 Mosam
583 3369 754 3453 transisse,
776 3390 883 3459 neque
907 3362 1035 3463 proelio,
1049 3363 1252 3450 interfuisse,

221 3507 294 3586 post
311 3492 424 3586 lugam
441 3513 575 3558 suorum
593 3511 627 3556 se
642 3501 732 3554 trans
751 3484 905 3562 Rhenum
922 3485 957 3554 in
973 3482 1054 3556 fines
1068 3481 1254 3572 Sigambro-

221 3637 295 3680 rum
313 3623 501 3704 receperat,
515 3631 614 3700 seque
624 3629 699 3674 cum
711 3605 750 3675 iis
760 3605 984 3696 conjunxerat.
996 3596 1046 3668 ‘Ad
1056 3623 1137 3690 quos
1149 3623 1253 3691 quum

223 3737 330 3804 Cesar
354 3709 489 3801 nuntios
513 3729 672 3810 misisset,
698 3727 754 3818 qui
781 3720 1001 3816 postularent,
1022 3743 1093 3812 eos,
1114 3719 1169 3810 qui
1191 3718 1254 3786 sibi

225 3851 404 3944 Galliaque
428 3848 553 3918 bellum
573 3845 777 3928 intulissent,
797 3843 858 3912 sihi
882 3840 1057 3922 dederent,
1077 3835 1253 3930 responde-

235 3989 309 4042 runt
322 3995 333 4038 :-
351 4001 366 4034 ιι
383 3967 501 4063 Populi
521 3966 648 4036 romani
670 3965 844 4058 imperium
866 3962 1019 4032 Rhenum
1035 3960 1130 4028 linire
1147 3983 1154 4026 :
1174 3959 1200 4026 si
1221 3981 1254 4025 se
