<?xml version="1.0" encoding="UTF-8"?>
<!DOCTYPE html PUBLIC "-//W3C//DTD XHTML 1.0 Transitional//EN"
    "http://www.w3.org/TR/xhtml1/DTD/xhtml1-transitional.dtd">
<html xmlns="http://www.w3.org/1999/xhtml" xml:lang="en" lang="en">
 <head>
  <title>
</title>
<meta http-equiv="Content-Type" content="text/html;charset=utf-8" />
  <meta name='ocr-system' content='tesseract 3.04.00' />
  <meta name='ocr-capabilities' content='ocr_page ocr_carea ocr_par ocr_line ocrx_word'/>
</head>
<body>
  <div class='ocr_page' id='page_1' title='image "./cjcaesarisopera00caesgoog_0616.png"; bbox 0 0 3014 4780; ppageno 0'>
   <div class='ocr_carea' id='block_1_1' title="bbox 270 397 1025 456">
    <p class='ocr_par' dir='ltr' id='par_1_1' title="bbox 270 397 1025 456">
     <span class='ocr_line' id='line_1_1' title="bbox 270 397 1025 456; baseline 0.004 -3"><span class='ocrx_word' id='word_1_1' title='bbox 270 397 327 454; x_wconf 79' lang='lat'>310</span> <span class='ocrx_word' id='word_1_2' title='bbox 549 400 665 456; x_wconf 74' lang='lat' dir='ltr'><strong>NO‘I&#39;AE</strong></span> <span class='ocrx_word' id='word_1_3' title='bbox 684 401 726 456; x_wconf 83' lang='lat' dir='ltr'>IN</span> <span class='ocrx_word' id='word_1_4' title='bbox 746 400 1025 456; x_wconf 70' lang='lat' dir='ltr'>cumutamus</span> 
     </span>
    </p>
   </div>
   <div class='ocr_carea' id='block_1_2' title="bbox 206 495 1299 591">
    <p class='ocr_par' dir='ltr' id='par_1_2' title="bbox 116 495 1299 591">
     <span class='ocr_line' id='line_1_2' title="bbox 206 495 1299 591; baseline 0 -19"><span class='ocrx_word' id='word_1_5' title='bbox 206 567 212 581; x_wconf 84' lang='grc'><strong>,</strong></span> <span class='ocrx_word' id='word_1_6' title='bbox 309 515 360 572; x_wconf 78' lang='lat' dir='ltr'>eat</span> <span class='ocrx_word' id='word_1_7' title='bbox 381 534 487 591; x_wconf 75' lang='lat' dir='ltr'>magno</span> <span class='ocrx_word' id='word_1_8' title='bbox 499 495 622 588; x_wconf 67' lang='lat' dir='ltr'>premiis</span> <span class='ocrx_word' id='word_1_9' title='bbox 635 517 789 590; x_wconf 83' lang='lat' dir='ltr'>Pompeius</span> <span class='ocrx_word' id='word_1_10' title='bbox 809 515 910 577; x_wconf 77' lang='lat' dir='ltr'>tribuit,</span> <span class='ocrx_word' id='word_1_11' title='bbox 930 514 1088 570; x_wconf 73' lang='lat' dir='ltr'><strong>Antiochus</strong></span> <span class='ocrx_word' id='word_1_12' title='bbox 1110 515 1185 570; x_wconf 85' lang='lat' dir='ltr'>euim</span> <span class='ocrx_word' id='word_1_13' title='bbox 1210 515 1299 572; x_wconf 74' lang='lat' dir='ltr'>isserat</span> 
     </span>
    </p>
   </div>
   <div class='ocr_carea' id='block_1_3' title="bbox 248 607 1300 1960">
    <p class='ocr_par' dir='ltr' id='par_1_3' title="bbox 248 607 1300 1960">
     <span class='ocr_line' id='line_1_3' title="bbox 268 607 1295 682; baseline 0.002 -21"><span class='ocrx_word' id='word_1_14' title='bbox 268 607 333 662; x_wconf 74' lang='lat' dir='ltr'>liuic</span> <span class='ocrx_word' id='word_1_15' title='bbox 345 609 418 680; x_wconf 82' lang='lat' dir='ltr'>parti</span> <span class='ocrx_word' id='word_1_16' title='bbox 437 608 539 682; x_wconf 68' lang='lat' dir='ltr'>Syrie,</span> <span class='ocrx_word' id='word_1_17' title='bbox 552 627 613 681; x_wconf 79' lang='lat' dir='ltr'>quae</span> <span class='ocrx_word' id='word_1_18' title='bbox 628 609 789 682; x_wconf 79' lang='lat' dir='ltr'>comagene</span> <span class='ocrx_word' id='word_1_19' title='bbox 805 608 922 676; x_wconf 90' lang='lat' dir='ltr'>dicitur,</span> <span class='ocrx_word' id='word_1_20' title='bbox 937 626 953 664; x_wconf 83' lang='lat' dir='ltr'>s</span> <span class='ocrx_word' id='word_1_21' title='bbox 969 607 1106 680; x_wconf 88' lang='lat' dir='ltr'>Pompeio</span> <span class='ocrx_word' id='word_1_22' title='bbox 1120 608 1295 681; x_wconf 69' lang='lat' dir='ltr'>prepositus</span> 
     </span>
     <span class='ocr_line' id='line_1_4' title="bbox 309 698 1258 773; baseline -0.002 -17"><span class='ocrx_word' id='word_1_23' title='bbox 309 700 373 756; x_wconf 66' lang='lat' dir='ltr'>css.</span> <span class='ocrx_word' id='word_1_24' title='bbox 383 701 419 754; x_wconf 99' lang='lat' dir='ltr'>V.</span> <span class='ocrx_word' id='word_1_25' title='bbox 432 698 463 765; x_wconf 79' lang='lat' dir='ltr'>C.</span> <span class='ocrx_word' id='word_1_26' title='bbox 481 701 601 755; x_wconf 77' lang='lat' dir='ltr'>Cassius.</span> <span class='ocrx_word' id='word_1_27' title='bbox 619 701 700 756; x_wconf 87' lang='lat' dir='ltr'>Iluus</span> <span class='ocrx_word' id='word_1_28' title='bbox 717 717 816 755; x_wconf 89' lang='lat' dir='ltr'>eurum</span> <span class='ocrx_word' id='word_1_29' title='bbox 833 699 882 773; x_wconf 89' lang='lat' dir='ltr'>qui</span> <span class='ocrx_word' id='word_1_30' title='bbox 901 701 1038 754; x_wconf 64' lang='lat' dir='ltr'>cesarem</span> <span class='ocrx_word' id='word_1_31' title='bbox 1054 711 1258 772; x_wconf 71' lang='lat' dir='ltr'>percusserunt</span> 
     </span>
     <span class='ocr_line' id='line_1_5' title="bbox 308 791 1300 865; baseline 0 -18"><span class='ocrx_word' id='word_1_32' title='bbox 308 793 372 847; x_wconf 78' lang='lat' dir='ltr'>Car.</span> <span class='ocrx_word' id='word_1_33' title='bbox 391 793 441 848; x_wconf 89' lang='lat' dir='ltr'>IX.</span> <span class='ocrx_word' id='word_1_34' title='bbox 459 792 590 847; x_wconf 70' lang='lat' dir='ltr'>Discessu</span> <span class='ocrx_word' id='word_1_35' title='bbox 608 792 777 848; x_wconf 73' lang='lat' dir='ltr'>libumamrn</span> <span class='ocrx_word' id='word_1_36' title='bbox 796 811 835 848; x_wconf 73' lang='lat' dir='ltr'>ee</span> <span class='ocrx_word' id='word_1_37' title='bbox 854 793 975 864; x_wconf 74' lang='lat' dir='ltr'>Illyrico.</span> <span class='ocrx_word' id='word_1_38' title='bbox 992 791 1055 846; x_wconf 81' lang='lat' dir='ltr'>Hoc</span> <span class='ocrx_word' id='word_1_39' title='bbox 1074 801 1171 864; x_wconf 80' lang='lat' dir='ltr'>caput,</span> <span class='ocrx_word' id='word_1_40' title='bbox 1185 801 1215 846; x_wconf 90' lang='lat' dir='ltr'>ut</span> <span class='ocrx_word' id='word_1_41' title='bbox 1230 803 1300 865; x_wconf 87' lang='lat' dir='ltr'>pote</span> 
     </span>
     <span class='ocr_line' id='line_1_6' title="bbox 268 881 1300 960; baseline -0.004 -20"><span class='ocrx_word' id='word_1_42' title='bbox 268 883 451 960; x_wconf 85' lang='lat' dir='ltr'>nullomodo</span> <span class='ocrx_word' id='word_1_43' title='bbox 475 883 696 958; x_wconf 67' lang='lat' dir='ltr'>precedentibus</span> <span class='ocrx_word' id='word_1_44' title='bbox 716 891 827 956; x_wconf 84' lang='lat' dir='ltr'>aptum,</span> <span class='ocrx_word' id='word_1_45' title='bbox 844 883 881 938; x_wconf 76' lang='lat' dir='ltr'>ab</span> <span class='ocrx_word' id='word_1_46' title='bbox 898 881 994 954; x_wconf 86' lang='lat' dir='ltr'>aliquo</span> <span class='ocrx_word' id='word_1_47' title='bbox 1013 886 1076 939; x_wconf 85' lang='lat' dir='ltr'>loeo</span> <span class='ocrx_word' id='word_1_48' title='bbox 1095 882 1300 956; x_wconf 72' lang='lat' dir='ltr'>transpositum</span> 
     </span>
     <span class='ocr_line' id='line_1_7' title="bbox 268 974 663 1047; baseline -0.005 -16"><span class='ocrx_word' id='word_1_49' title='bbox 268 974 351 1031; x_wconf 82' lang='lat' dir='ltr'>fuisse</span> <span class='ocrx_word' id='word_1_50' title='bbox 369 975 457 1030; x_wconf 72' lang='lat' dir='ltr'>edrici</span> <span class='ocrx_word' id='word_1_51' title='bbox 475 975 663 1047; x_wconf 87' lang='lat' dir='ltr'>conjecerunt.</span> 
     </span>
     <span class='ocr_line' id='line_1_8' title="bbox 308 1065 1297 1140; baseline 0.003 -18"><span class='ocrx_word' id='word_1_52' title='bbox 308 1068 371 1124; x_wconf 73' lang='lat' dir='ltr'>cn.</span> <span class='ocrx_word' id='word_1_53' title='bbox 394 1067 430 1122; x_wconf 89' lang='lat' dir='ltr'>X.</span> <span class='ocrx_word' id='word_1_54' title='bbox 449 1069 713 1124; x_wconf 78' lang='lat' dir='ltr'><em>Demonstravimus.</em></span> <span class='ocrx_word' id='word_1_55' title='bbox 727 1067 767 1122; x_wconf 89' lang='lat' dir='ltr'>Ut</span> <span class='ocrx_word' id='word_1_56' title='bbox 785 1066 883 1121; x_wconf 79' lang='lat' dir='ltr'>videte</span> <span class='ocrx_word' id='word_1_57' title='bbox 898 1075 939 1121; x_wconf 86' lang='lat' dir='ltr'>est</span> <span class='ocrx_word' id='word_1_58' title='bbox 956 1083 972 1120; x_wconf 90' lang='lat' dir='ltr'>e</span> <span class='ocrx_word' id='word_1_59' title='bbox 991 1065 1041 1120; x_wconf 90' lang='lat' dir='ltr'>lib.</span> <span class='ocrx_word' id='word_1_60' title='bbox 1058 1085 1086 1134; x_wconf 85' lang='lat' dir='ltr'>r,</span> <span class='ocrx_word' id='word_1_61' title='bbox 1105 1084 1166 1140; x_wconf 85' lang='lat' dir='ltr'>cap.</span> <span class='ocrx_word' id='word_1_62' title='bbox 1187 1067 1241 1138; x_wconf 74' lang='lat'>23,</span> <span class='ocrx_word' id='word_1_63' title='bbox 1261 1071 1297 1136; x_wconf 71' lang='grc'>34</span> 
     </span>
     <span class='ocr_line' id='line_1_9' title="bbox 268 1159 361 1214; baseline 0 0"><span class='ocrx_word' id='word_1_64' title='bbox 268 1168 296 1214; x_wconf 85' lang='lat' dir='ltr'>et</span> <span class='ocrx_word' id='word_1_65' title='bbox 315 1159 361 1214; x_wconf 77' lang='lat'>38.</span> 
     </span>
     <span class='ocr_line' id='line_1_10' title="bbox 306 1249 1297 1324; baseline 0.002 -19"><span class='ocrx_word' id='word_1_66' title='bbox 306 1251 370 1306; x_wconf 79' lang='lat' dir='ltr'>Car.</span> <span class='ocrx_word' id='word_1_67' title='bbox 384 1251 445 1308; x_wconf 88' lang='lat' dir='ltr'>XX.</span> <span class='ocrx_word' id='word_1_68' title='bbox 459 1251 494 1306; x_wconf 86' lang='lat' dir='ltr'>Ut</span> <span class='ocrx_word' id='word_1_69' title='bbox 511 1249 749 1324; x_wconf 82' lang='lat' dir='ltr'>Caesarproesens</span> <span class='ocrx_word' id='word_1_70' title='bbox 762 1251 947 1306; x_wconf 84' lang='lat' dir='ltr'>constituerat.</span> <span class='ocrx_word' id='word_1_71' title='bbox 960 1249 1076 1323; x_wconf 80' lang='lat' dir='ltr'>Legitur</span> <span class='ocrx_word' id='word_1_72' title='bbox 1091 1249 1166 1304; x_wconf 87' lang='lat' dir='ltr'>enim</span> <span class='ocrx_word' id='word_1_73' title='bbox 1182 1249 1297 1322; x_wconf 86' lang='lat' dir='ltr'>hujusce</span> 
     </span>
     <span class='ocr_line' id='line_1_11' title="bbox 248 1337 1035 1414; baseline 0.003 -23"><span class='ocrx_word' id='word_1_74' title='bbox 248 1337 332 1394; x_wconf 84' lang='lat' dir='ltr'>-libri</span> <span class='ocrx_word' id='word_1_75' title='bbox 352 1359 411 1414; x_wconf 84' lang='lat' dir='ltr'>cup.</span> <span class='ocrx_word' id='word_1_76' title='bbox 434 1360 445 1395; x_wconf 89' lang='lat' dir='ltr'>t</span> <span class='ocrx_word' id='word_1_77' title='bbox 469 1361 476 1394; x_wconf 73' lang='grc' dir='ltr'><strong><em>ε</em></strong></span> <span class='ocrx_word' id='word_1_78' title='bbox 496 1366 508 1390; x_wconf 71' lang='lat' dir='ltr'>s</span> <span class='ocrx_word' id='word_1_79' title='bbox 519 1339 678 1408; x_wconf 86' lang='lat' dir='ltr'>coustituit,</span> <span class='ocrx_word' id='word_1_80' title='bbox 697 1350 730 1394; x_wconf 84' lang='lat' dir='ltr'>ut</span> <span class='ocrx_word' id='word_1_81' title='bbox 748 1339 1035 1395; x_wconf 62' lang='lat' dir='ltr'>emundarentur.»</span> 
     </span>
     <span class='ocr_line' id='line_1_12' title="bbox 305 1429 1291 1506; baseline 0.002 -21"><span class='ocrx_word' id='word_1_82' title='bbox 305 1429 368 1486; x_wconf 74' lang='lat' dir='ltr'>Cur.</span> <span class='ocrx_word' id='word_1_83' title='bbox 383 1431 480 1488; x_wconf 74' lang='lat' dir='ltr'>xxti.</span> <span class='ocrx_word' id='word_1_84' title='bbox 497 1433 542 1487; x_wconf 85' lang='lat' dir='ltr'>Eo</span> <span class='ocrx_word' id='word_1_85' title='bbox 559 1450 644 1506; x_wconf 84' lang='lat' dir='ltr'>quum</span> <span class='ocrx_word' id='word_1_86' title='bbox 658 1451 679 1484; x_wconf 86' lang='lat' dir='ltr'><strong><em>a</em></strong></span> <span class='ocrx_word' id='word_1_87' title='bbox 701 1433 735 1503; x_wconf 85' lang='lat' dir='ltr'>Q.</span> <span class='ocrx_word' id='word_1_88' title='bbox 755 1431 856 1487; x_wconf 84' lang='lat' dir='ltr'>Poedio</span> <span class='ocrx_word' id='word_1_89' title='bbox 868 1442 995 1506; x_wconf 84' lang='lat' dir='ltr'>proetore</span> <span class='ocrx_word' id='word_1_90' title='bbox 1008 1449 1070 1485; x_wconf 86' lang='lat' dir='ltr'>cum</span> <span class='ocrx_word' id='word_1_91' title='bbox 1088 1432 1226 1504; x_wconf 81' lang='lat' dir='ltr'>legione...</span> <span class='ocrx_word' id='word_1_92' title='bbox 1244 1437 1291 1487; x_wconf 84' lang='lat' dir='ltr'>la-</span> 
     </span>
     <span class='ocr_line' id='line_1_13' title="bbox 248 1522 1294 1596; baseline 0.002 -18"><span class='ocrx_word' id='word_1_93' title='bbox 248 1558 253 1566; x_wconf 87' lang='lat'>·</span> <span class='ocrx_word' id='word_1_94' title='bbox 261 1525 332 1596; x_wconf 75' lang='lat' dir='ltr'>pide</span> <span class='ocrx_word' id='word_1_95' title='bbox 348 1524 423 1578; x_wconf 69' lang='lat' dir='ltr'>zetus.</span> <span class='ocrx_word' id='word_1_96' title='bbox 448 1525 543 1593; x_wconf 88' lang='lat' dir='ltr'>Quum</span> <span class='ocrx_word' id='word_1_97' title='bbox 560 1523 712 1578; x_wconf 81' lang='lat' dir='ltr'>verisimile</span> <span class='ocrx_word' id='word_1_98' title='bbox 733 1541 793 1578; x_wconf 92' lang='lat' dir='ltr'>nou</span> <span class='ocrx_word' id='word_1_99' title='bbox 816 1523 852 1578; x_wconf 85' lang='lat' dir='ltr'>sit</span> <span class='ocrx_word' id='word_1_100' title='bbox 869 1522 1006 1578; x_wconf 85' lang='lat' dir='ltr'>IIilonem</span> <span class='ocrx_word' id='word_1_101' title='bbox 1026 1541 1041 1576; x_wconf 90' lang='lat' dir='ltr'>a</span> <span class='ocrx_word' id='word_1_102' title='bbox 1066 1531 1184 1594; x_wconf 72' lang='lat' dir='ltr'>pretore</span> <span class='ocrx_word' id='word_1_103' title='bbox 1201 1523 1294 1595; x_wconf 80' lang='lat' dir='ltr'>lepide</span> 
     </span>
     <span class='ocr_line' id='line_1_14' title="bbox 267 1613 1244 1688; baseline 0.002 -20"><span class='ocrx_word' id='word_1_104' title='bbox 267 1614 352 1669; x_wconf 85' lang='lat' dir='ltr'>ictum</span> <span class='ocrx_word' id='word_1_105' title='bbox 369 1615 465 1688; x_wconf 81' lang='lat' dir='ltr'>luisse,</span> <span class='ocrx_word' id='word_1_106' title='bbox 484 1615 575 1671; x_wconf 83' lang='lat' dir='ltr'>critici</span> <span class='ocrx_word' id='word_1_107' title='bbox 590 1615 771 1686; x_wconf 86' lang='lat' dir='ltr'>conjecerunt</span> <span class='ocrx_word' id='word_1_108' title='bbox 783 1613 838 1669; x_wconf 84' lang='lat' dir='ltr'>hoc</span> <span class='ocrx_word' id='word_1_109' title='bbox 850 1614 914 1670; x_wconf 80' lang='lat' dir='ltr'>loeo</span> <span class='ocrx_word' id='word_1_110' title='bbox 930 1613 1066 1669; x_wconf 80' lang='lat' dir='ltr'>nonnulla</span> <span class='ocrx_word' id='word_1_111' title='bbox 1085 1613 1244 1670; x_wconf 85' lang='lat' dir='ltr'>desiderari.</span> 
     </span>
     <span class='ocr_line' id='line_1_15' title="bbox 305 1703 1293 1780; baseline -0.001 -18"><span class='ocrx_word' id='word_1_112' title='bbox 305 1705 369 1762; x_wconf 65' lang='lat' dir='ltr'>Cer.</span> <span class='ocrx_word' id='word_1_113' title='bbox 383 1708 517 1764; x_wconf 83' lang='lat' dir='ltr'><strong>XXXIX.</strong></span> <span class='ocrx_word' id='word_1_114' title='bbox 537 1709 571 1762; x_wconf 87' lang='lat' dir='ltr'>Ut</span> <span class='ocrx_word' id='word_1_115' title='bbox 586 1725 673 1780; x_wconf 83' lang='lat' dir='ltr'>supra</span> <span class='ocrx_word' id='word_1_116' title='bbox 685 1707 902 1761; x_wconf 71' lang='lat' dir='ltr'>demonstratum</span> <span class='ocrx_word' id='word_1_117' title='bbox 920 1716 969 1760; x_wconf 79' lang='lat' dir='ltr'>ert.</span> <span class='ocrx_word' id='word_1_118' title='bbox 979 1705 1086 1777; x_wconf 83' lang='lat' dir='ltr'>Nempe</span> <span class='ocrx_word' id='word_1_119' title='bbox 1099 1703 1213 1777; x_wconf 84' lang='lat' dir='ltr'>hujusce</span> <span class='ocrx_word' id='word_1_120' title='bbox 1227 1705 1293 1761; x_wconf 81' lang='lat' dir='ltr'><strong>libri</strong></span> 
     </span>
     <span class='ocr_line' id='line_1_16' title="bbox 266 1797 393 1868; baseline 0.024 -18"><span class='ocrx_word' id='word_1_121' title='bbox 266 1813 325 1868; x_wconf 80' lang='lat' dir='ltr'>esp.</span> <span class='ocrx_word' id='word_1_122' title='bbox 346 1797 393 1864; x_wconf 66' lang='grc'>34.</span> 
     </span>
     <span class='ocr_line' id='line_1_17' title="bbox 304 1887 1294 1960; baseline -0.001 -16"><span class='ocrx_word' id='word_1_123' title='bbox 304 1890 368 1945; x_wconf 74' lang='lat' dir='ltr'>Ces.</span> <span class='ocrx_word' id='word_1_124' title='bbox 383 1889 487 1947; x_wconf 88' lang='lat' dir='ltr'><strong>XLIII.</strong></span> <span class='ocrx_word' id='word_1_125' title='bbox 508 1891 647 1945; x_wconf 79' lang='lat' dir='ltr'>Perductn</span> <span class='ocrx_word' id='word_1_126' title='bbox 659 1888 820 1944; x_wconf 81' lang='lat' dir='ltr'>munitione.</span> <span class='ocrx_word' id='word_1_127' title='bbox 834 1889 917 1956; x_wconf 74' lang='lat' dir='ltr'>Ques,</span> <span class='ocrx_word' id='word_1_128' title='bbox 936 1888 1018 1942; x_wconf 84' lang='lat' dir='ltr'>Juxta</span> <span class='ocrx_word' id='word_1_129' title='bbox 1028 1887 1164 1960; x_wconf 72' lang='lat' dir='ltr'>Appiam,</span> <span class='ocrx_word' id='word_1_130' title='bbox 1179 1887 1231 1944; x_wconf 90' lang='lat' dir='ltr'>lib.</span> <span class='ocrx_word' id='word_1_131' title='bbox 1251 1907 1294 1957; x_wconf 77' lang='grc' dir='ltr'>ιι,</span> 
     </span>
    </p>
   </div>
   <div class='ocr_carea' id='block_1_4' title="bbox 264 1976 1375 2055">
    <p class='ocr_par' dir='ltr' id='par_1_4' title="bbox 264 1941 1492 2055">
     <span class='ocr_line' id='line_1_18' title="bbox 264 1976 1375 2055; baseline 0.004 -24"><span class='ocrx_word' id='word_1_132' title='bbox 264 1979 361 2034; x_wconf 83' lang='lat' dir='ltr'>stadiis</span> <span class='ocrx_word' id='word_1_133' title='bbox 379 1981 518 2048; x_wconf 84' lang='lat' dir='ltr'>ducentis,</span> <span class='ocrx_word' id='word_1_134' title='bbox 541 1999 590 2036; x_wconf 84' lang='lat' dir='ltr'>seu</span> <span class='ocrx_word' id='word_1_135' title='bbox 612 1981 707 2037; x_wconf 74' lang='lat' dir='ltr'>nbooo</span> <span class='ocrx_word' id='word_1_136' title='bbox 724 1997 789 2053; x_wconf 82' lang='lat' dir='ltr'>pass</span> <span class='ocrx_word' id='word_1_137' title='bbox 806 1996 877 2034; x_wconf 85' lang='lat' dir='ltr'>rom.</span> <span class='ocrx_word' id='word_1_138' title='bbox 895 1978 970 2054; x_wconf 78' lang='lat' dir='ltr'>(huit</span> <span class='ocrx_word' id='word_1_139' title='bbox 986 1979 1072 2033; x_wconf 82' lang='lat' dir='ltr'>lr&#39;eues</span> <span class='ocrx_word' id='word_1_140' title='bbox 1081 1976 1213 2055; x_wconf 61' lang='lat' dir='ltr'>smne),</span> <span class='ocrx_word' id='word_1_141' title='bbox 1226 1998 1293 2035; x_wconf 86' lang='lat' dir='ltr'>eon·</span> <span class='ocrx_word' id='word_1_142' title='bbox 1373 2037 1375 2040; x_wconf 69' lang='grc'>,</span> 
     </span>
    </p>
   </div>
   <div class='ocr_carea' id='block_1_5' title="bbox 263 2069 1292 2148">
    <p class='ocr_par' dir='ltr' id='par_1_5' title="bbox 263 2069 1292 2148">
     <span class='ocr_line' id='line_1_19' title="bbox 263 2069 1292 2148; baseline 0.003 -25"><span class='ocrx_word' id='word_1_143' title='bbox 263 2069 373 2128; x_wconf 83' lang='lat' dir='ltr'>stiterit.</span> <span class='ocrx_word' id='word_1_144' title='bbox 379 2073 421 2135; x_wconf 78' lang='lat' dir='ltr'>Cf.</span> <span class='ocrx_word' id='word_1_145' title='bbox 432 2073 529 2142; x_wconf 83' lang='lat' dir='ltr'>etium,</span> <span class='ocrx_word' id='word_1_146' title='bbox 538 2073 574 2128; x_wconf 89' lang='lat' dir='ltr'>de</span> <span class='ocrx_word' id='word_1_147' title='bbox 583 2073 629 2127; x_wconf 83' lang='lat' dir='ltr'>ills</span> <span class='ocrx_word' id='word_1_148' title='bbox 640 2074 678 2129; x_wconf 85' lang='lat' dir='ltr'>ad</span> <span class='ocrx_word' id='word_1_149' title='bbox 685 2071 872 2148; x_wconf 74' lang='lat' dir='ltr'><strong>Dyrrachium</strong></span> <span class='ocrx_word' id='word_1_150' title='bbox 879 2071 1048 2143; x_wconf 85' lang='lat' dir='ltr'>munitione,</span> <span class='ocrx_word' id='word_1_151' title='bbox 1058 2071 1229 2143; x_wconf 76' lang='lat' dir='ltr'>Lucas.,v1,</span> <span class='ocrx_word' id='word_1_152' title='bbox 1239 2072 1276 2128; x_wconf 76' lang='lat'>38</span> <span class='ocrx_word' id='word_1_153' title='bbox 1286 2094 1292 2126; x_wconf 94' lang='lat'>:</span> 
     </span>
    </p>
   </div>
   <div class='ocr_carea' id='block_1_6' title="bbox 366 2257 1046 2492">
    <p class='ocr_par' dir='ltr' id='par_1_6' title="bbox 366 2257 1046 2492">
     <span class='ocr_line' id='line_1_20' title="bbox 618 2257 1046 2326; baseline 0.005 -15"><span class='ocrx_word' id='word_1_154' title='bbox 618 2296 795 2311; x_wconf 88' lang='lat'><strong>.........</strong></span> <span class='ocrx_word' id='word_1_155' title='bbox 808 2257 944 2326; x_wconf 76' lang='lat' dir='ltr'>Magnoque</span> <span class='ocrx_word' id='word_1_156' title='bbox 955 2277 1046 2313; x_wconf 79' lang='lat' dir='ltr'>reeesm</span> 
     </span>
     <span class='ocr_line' id='line_1_21' title="bbox 366 2341 969 2409; baseline 0 -17"><span class='ocrx_word' id='word_1_157' title='bbox 366 2342 496 2409; x_wconf 74' lang='lat' dir='ltr'>Amplexus</span> <span class='ocrx_word' id='word_1_158' title='bbox 507 2341 578 2402; x_wconf 81' lang='lat' dir='ltr'>fines,</span> <span class='ocrx_word' id='word_1_159' title='bbox 589 2343 673 2403; x_wconf 82' lang='lat' dir='ltr'>saltus,</span> <span class='ocrx_word' id='word_1_160' title='bbox 687 2357 858 2407; x_wconf 68' lang='lat' dir='ltr'>nemorosaque</span> <span class='ocrx_word' id='word_1_161' title='bbox 872 2351 969 2408; x_wconf 69' lang='lat' dir='ltr'>tesqua,</span> 
     </span>
     <span class='ocr_line' id='line_1_22' title="bbox 367 2423 914 2492; baseline -0.004 -16"><span class='ocrx_word' id='word_1_162' title='bbox 367 2429 396 2476; x_wconf 77' lang='lat' dir='ltr'>El</span> <span class='ocrx_word' id='word_1_163' title='bbox 405 2426 486 2487; x_wconf 71' lang='lat' dir='ltr'>ulvas,</span> <span class='ocrx_word' id='word_1_164' title='bbox 500 2435 611 2492; x_wconf 73' lang='lat' dir='ltr'>suisque</span> <span class='ocrx_word' id='word_1_165' title='bbox 624 2425 686 2476; x_wconf 76' lang='lat' dir='ltr'>ierus</span> <span class='ocrx_word' id='word_1_166' title='bbox 696 2423 807 2491; x_wconf 77' lang='lat' dir='ltr'>indagine</span> <span class='ocrx_word' id='word_1_167' title='bbox 820 2425 914 2476; x_wconf 78' lang='lat' dir='ltr'>elausit.</span> 
     </span>
    </p>
   </div>
   <div class='ocr_carea' id='block_1_7' title="bbox 230 2601 1292 3684">
    <p class='ocr_par' dir='ltr' id='par_1_7' title="bbox 257 2601 1292 3296">
     <span class='ocr_line' id='line_1_23' title="bbox 298 2601 1290 2680; baseline 0.004 -22"><span class='ocrx_word' id='word_1_168' title='bbox 298 2605 363 2660; x_wconf 76' lang='lat' dir='ltr'>Clu.</span> <span class='ocrx_word' id='word_1_169' title='bbox 390 2606 521 2660; x_wconf 88' lang='lat' dir='ltr'><strong>XLVIII.</strong></span> <span class='ocrx_word' id='word_1_170' title='bbox 547 2605 632 2677; x_wconf 86' lang='lat' dir='ltr'>Quod</span> <span class='ocrx_word' id='word_1_171' title='bbox 658 2607 824 2680; x_wconf 80' lang='lat' dir='ltr'>appellatur</span> <span class='ocrx_word' id='word_1_172' title='bbox 842 2603 941 2660; x_wconf 74' lang='lat' dir='ltr'>chara.</span> <span class='ocrx_word' id='word_1_173' title='bbox 963 2605 1015 2660; x_wconf 88' lang='lat' dir='ltr'>Vir</span> <span class='ocrx_word' id='word_1_174' title='bbox 1045 2606 1079 2661; x_wconf 87' lang='lat' dir='ltr'>ol.</span> <span class='ocrx_word' id='word_1_175' title='bbox 1095 2601 1204 2662; x_wconf 83' lang='lat' dir='ltr'>&#39;Cuoier</span> <span class='ocrx_word' id='word_1_176' title='bbox 1231 2607 1290 2662; x_wconf 84' lang='lat' dir='ltr'>boe</span> 
     </span>
     <span class='ocr_line' id='line_1_24' title="bbox 260 2695 1289 2770; baseline 0.002 -18"><span class='ocrx_word' id='word_1_177' title='bbox 260 2695 375 2770; x_wconf 83' lang='lat' dir='ltr'>quidem</span> <span class='ocrx_word' id='word_1_178' title='bbox 390 2697 492 2753; x_wconf 76' lang='lat' dir='ltr'>radicis</span> <span class='ocrx_word' id='word_1_179' title='bbox 510 2715 598 2770; x_wconf 83' lang='lat' dir='ltr'>genus</span> <span class='ocrx_word' id='word_1_180' title='bbox 618 2698 751 2753; x_wconf 84' lang='lat' dir='ltr'>crumben</span> <span class='ocrx_word' id='word_1_181' title='bbox 773 2697 923 2770; x_wconf 80' lang='lat' dir='ltr'>quamdam</span> <span class='ocrx_word' id='word_1_182' title='bbox 941 2697 1025 2752; x_wconf 84' lang='lat' dir='ltr'>inisse</span> <span class='ocrx_word' id='word_1_183' title='bbox 1043 2698 1202 2754; x_wconf 76' lang='lat' dir='ltr'>salvaticum</span> <span class='ocrx_word' id='word_1_184' title='bbox 1221 2716 1289 2754; x_wconf 82' lang='lat' dir='ltr'>ceu-</span> 
     </span>
     <span class='ocr_line' id='line_1_25' title="bbox 260 2787 1292 2864; baseline 0.004 -23"><span class='ocrx_word' id='word_1_185' title='bbox 260 2797 316 2856; x_wconf 86' lang='lat' dir='ltr'>set,</span> <span class='ocrx_word' id='word_1_186' title='bbox 329 2805 463 2861; x_wconf 85' lang='lat' dir='ltr'>suamque</span> <span class='ocrx_word' id='word_1_187' title='bbox 479 2787 643 2860; x_wconf 84' lang='lat' dir='ltr'>opinionem</span> <span class='ocrx_word' id='word_1_188' title='bbox 663 2806 679 2843; x_wconf 89' lang='lat' dir='ltr'>e</span> <span class='ocrx_word' id='word_1_189' title='bbox 693 2787 800 2857; x_wconf 88' lang='lat' dir='ltr'>Plinio,</span> <span class='ocrx_word' id='word_1_190' title='bbox 821 2787 871 2842; x_wconf 90' lang='lat' dir='ltr'>lib.</span> <span class='ocrx_word' id='word_1_191' title='bbox 886 2807 954 2856; x_wconf 78' lang='lat' dir='ltr'>xrs,</span> <span class='ocrx_word' id='word_1_192' title='bbox 976 2805 1036 2862; x_wconf 81' lang='lat' dir='ltr'>esp.</span> <span class='ocrx_word' id='word_1_193' title='bbox 1056 2795 1110 2857; x_wconf 59' lang='grc' dir='ltr'>ἀι,</span> <span class='ocrx_word' id='word_1_194' title='bbox 1126 2801 1292 2864; x_wconf 80' lang='lat' dir='ltr'>nssmnptam</span> 
     </span>
     <span class='ocr_line' id='line_1_26' title="bbox 260 2877 1292 2953; baseline 0.002 -20"><span class='ocrx_word' id='word_1_195' title='bbox 260 2877 409 2950; x_wconf 84' lang='lat' dir='ltr'>inducens,</span> <span class='ocrx_word' id='word_1_196' title='bbox 424 2880 453 2932; x_wconf 87' lang='lat' dir='ltr'>II</span> <span class='ocrx_word' id='word_1_197' title='bbox 469 2879 574 2945; x_wconf 74' lang='lat' dir='ltr'>eer&#39;ste,</span> <span class='ocrx_word' id='word_1_198' title='bbox 594 2878 702 2951; x_wconf 80' lang='lat' dir='ltr'>iuquit,</span> <span class='ocrx_word' id='word_1_199' title='bbox 716 2877 736 2932; x_wconf 81' lang='grc' dir='ltr'><em>ὰ</em></span> <span class='ocrx_word' id='word_1_200' title='bbox 753 2879 833 2934; x_wconf 68' lang='grc' dir='ltr'><em>Γέται</em></span> <span class='ocrx_word' id='word_1_201' title='bbox 847 2897 984 2953; x_wconf 76' lang='lat' dir='ltr'>sauuage,</span> <span class='ocrx_word' id='word_1_202' title='bbox 999 2880 1073 2934; x_wconf 85' lang='lat' dir='ltr'>dans</span> <span class='ocrx_word' id='word_1_203' title='bbox 1082 2883 1198 2934; x_wconf 73' lang='lat' dir='ltr'>murelo</span> <span class='ocrx_word' id='word_1_204' title='bbox 1215 2881 1292 2936; x_wconf 80' lang='lat' dir='ltr'>Hon-</span> 
     </span>
     <span class='ocr_line' id='line_1_27' title="bbox 257 2967 1287 3044; baseline 0.003 -20"><span class='ocrx_word' id='word_1_205' title='bbox 257 2971 334 3044; x_wconf 78' lang='lat' dir='ltr'>gn&#39;e‚</span> <span class='ocrx_word' id='word_1_206' title='bbox 353 2987 407 3024; x_wconf 81' lang='lat' dir='ltr'>une</span> <span class='ocrx_word' id='word_1_207' title='bbox 419 2972 522 3044; x_wconf 79' lang='lat' dir='ltr'>plante</span> <span class='ocrx_word' id='word_1_208' title='bbox 530 2971 567 3025; x_wconf 87' lang='lat' dir='ltr'>de</span> <span class='ocrx_word' id='word_1_209' title='bbox 582 2967 735 3040; x_wconf 83' lang='lat' dir='ltr'>lasamille</span> <span class='ocrx_word' id='word_1_210' title='bbox 749 2971 800 3024; x_wconf 87' lang='lat' dir='ltr'>des</span> <span class='ocrx_word' id='word_1_211' title='bbox 817 2971 926 3036; x_wconf 70' lang='lat' dir='ltr'>chous,</span> <span class='ocrx_word' id='word_1_212' title='bbox 941 2971 1009 3025; x_wconf 87' lang='lat' dir='ltr'>dont</span> <span class='ocrx_word' id='word_1_213' title='bbox 1023 2973 1063 3024; x_wconf 83' lang='lat' dir='ltr'>les</span> <span class='ocrx_word' id='word_1_214' title='bbox 1075 2973 1187 3027; x_wconf 76' lang='lat' dir='ltr'>memes</span> <span class='ocrx_word' id='word_1_215' title='bbox 1195 3013 1205 3039; x_wconf 89' lang='lat'><em>,</em></span> <span class='ocrx_word' id='word_1_216' title='bbox 1227 2973 1287 3027; x_wconf 82' lang='lat' dir='ltr'>lon-</span> 
     </span>
     <span class='ocr_line' id='line_1_28' title="bbox 257 3056 1292 3135; baseline 0.006 -22"><span class='ocrx_word' id='word_1_217' title='bbox 257 3077 326 3132; x_wconf 75' lang='lat' dir='ltr'>gues</span> <span class='ocrx_word' id='word_1_218' title='bbox 347 3058 522 3133; x_wconf 71' lang='lat' dir='ltr'>quelquefors</span> <span class='ocrx_word' id='word_1_219' title='bbox 543 3062 580 3116; x_wconf 84' lang='lat' dir='ltr'>de</span> <span class='ocrx_word' id='word_1_220' title='bbox 594 3073 692 3135; x_wconf 80' lang='lat' dir='ltr'>quatre</span> <span class='ocrx_word' id='word_1_221' title='bbox 702 3062 804 3135; x_wconf 80' lang='lat' dir='ltr'>pieds,</span> <span class='ocrx_word' id='word_1_222' title='bbox 825 3074 854 3118; x_wconf 85' lang='lat' dir='ltr'>et</span> <span class='ocrx_word' id='word_1_223' title='bbox 868 3056 979 3135; x_wconf 70' lang='lat' dir='ltr'>grossos</span> <span class='ocrx_word' id='word_1_224' title='bbox 995 3079 1100 3116; x_wconf 86' lang='lat' dir='ltr'>comme</span> <span class='ocrx_word' id='word_1_225' title='bbox 1117 3063 1244 3131; x_wconf 77' lang='lat' dir='ltr'>tebras,</span> <span class='ocrx_word' id='word_1_226' title='bbox 1262 3081 1292 3118; x_wconf 79' lang='lat' dir='ltr'>se</span> 
     </span>
     <span class='ocr_line' id='line_1_29' title="bbox 258 3151 1292 3228; baseline 0.006 -24"><span class='ocrx_word' id='word_1_227' title='bbox 258 3161 392 3224; x_wconf 79' lang='lat' dir='ltr'>nrangent</span> <span class='ocrx_word' id='word_1_228' title='bbox 407 3152 491 3205; x_wconf 82' lang='lat' dir='ltr'>cru&#39;tes</span> <span class='ocrx_word' id='word_1_229' title='bbox 504 3151 577 3206; x_wconf 82' lang='lat' dir='ltr'>dans</span> <span class='ocrx_word' id='word_1_230' title='bbox 591 3154 630 3207; x_wconf 84' lang='lat' dir='ltr'>du</span> <span class='ocrx_word' id='word_1_231' title='bbox 643 3152 708 3220; x_wconf 81' lang='lat' dir='ltr'>tait,</span> <span class='ocrx_word' id='word_1_232' title='bbox 732 3163 761 3206; x_wconf 87' lang='lat' dir='ltr'>et</span> <span class='ocrx_word' id='word_1_233' title='bbox 777 3164 886 3209; x_wconf 77' lang='lat' dir='ltr'>servent</span> <span class='ocrx_word' id='word_1_234' title='bbox 901 3154 1047 3208; x_wconf 78' lang='lat' dir='ltr'>d&#39;ali&#39;rrrent</span> <span class='ocrx_word' id='word_1_235' title='bbox 1062 3154 1137 3207; x_wconf 77' lang='lat' dir='ltr'>dans</span> <span class='ocrx_word' id='word_1_236' title='bbox 1147 3156 1189 3210; x_wconf 87' lang='lat' dir='ltr'>les</span> <span class='ocrx_word' id='word_1_237' title='bbox 1202 3169 1292 3228; x_wconf 81' lang='lat' dir='ltr'>temps</span> 
     </span>
     <span class='ocr_line' id='line_1_30' title="bbox 258 3242 418 3296; baseline 0.013 -2"><span class='ocrx_word' id='word_1_238' title='bbox 258 3242 294 3295; x_wconf 84' lang='lat' dir='ltr'>de</span> <span class='ocrx_word' id='word_1_239' title='bbox 310 3242 418 3296; x_wconf 81' lang='lat' dir='ltr'>dr&#39;sette.</span> 
     </span>
    </p>

    <p class='ocr_par' dir='ltr' id='par_1_8' title="bbox 260 3331 1291 3478">
     <span class='ocr_line' id='line_1_31' title="bbox 304 3331 1291 3408; baseline 0.005 -23"><span class='ocrx_word' id='word_1_240' title='bbox 304 3331 424 3388; x_wconf 75' lang='lat' dir='ltr'>Vaten&#39;o.</span> <span class='ocrx_word' id='word_1_241' title='bbox 443 3333 501 3402; x_wconf 87' lang='lat' dir='ltr'>Qui</span> <span class='ocrx_word' id='word_1_242' title='bbox 520 3333 626 3390; x_wconf 76' lang='lat' dir='ltr'>fuerint</span> <span class='ocrx_word' id='word_1_243' title='bbox 650 3336 781 3391; x_wconf 85' lang='lat' dir='ltr'>Valerius</span> <span class='ocrx_word' id='word_1_244' title='bbox 806 3336 858 3392; x_wconf 80' lang='lat' dir='ltr'>iste</span> <span class='ocrx_word' id='word_1_245' title='bbox 890 3336 1048 3408; x_wconf 83' lang='lat' dir='ltr'>militesque</span> <span class='ocrx_word' id='word_1_246' title='bbox 1075 3334 1147 3406; x_wconf 84' lang='lat' dir='ltr'>ejus,</span> <span class='ocrx_word' id='word_1_247' title='bbox 1173 3337 1291 3391; x_wconf 90' lang='lat' dir='ltr'>omuino</span> 
     </span>
     <span class='ocr_line' id='line_1_32' title="bbox 260 3423 391 3478; baseline 0.015 -2"><span class='ocrx_word' id='word_1_248' title='bbox 260 3423 391 3478; x_wconf 86' lang='lat' dir='ltr'>nescitur.</span> 
     </span>
    </p>

    <p class='ocr_par' dir='ltr' id='par_1_9' title="bbox 230 3516 1291 3684">
     <span class='ocr_line' id='line_1_33' title="bbox 230 3516 1290 3596; baseline -0.001 -26"><span class='ocrx_word' id='word_1_249' title='bbox 230 3555 234 3565; x_wconf 84' lang='grc'><strong>.</strong></span> <span class='ocrx_word' id='word_1_250' title='bbox 297 3516 361 3570; x_wconf 85' lang='lat' dir='ltr'>Cae.</span> <span class='ocrx_word' id='word_1_251' title='bbox 376 3516 410 3572; x_wconf 89' lang='lat' dir='ltr'>L.</span> <span class='ocrx_word' id='word_1_252' title='bbox 430 3516 511 3592; x_wconf 78' lang='grc' dir='ltr'>(Αἰίο</span> <span class='ocrx_word' id='word_1_253' title='bbox 528 3516 742 3596; x_wconf 65' lang='lat' dir='ltr'>mabam)...</span> <span class='ocrx_word' id='word_1_254' title='bbox 762 3520 827 3576; x_wconf 80' lang='lat' dir='ltr'>liare</span> <span class='ocrx_word' id='word_1_255' title='bbox 845 3520 946 3586; x_wconf 83' lang='lat' dir='ltr'>verba,</span> <span class='ocrx_word' id='word_1_256' title='bbox 960 3535 1022 3589; x_wconf 76' lang='lat' dir='ltr'>quse</span> <span class='ocrx_word' id='word_1_257' title='bbox 1039 3519 1142 3573; x_wconf 82' lang='lat' dir='ltr'>absunt</span> <span class='ocrx_word' id='word_1_258' title='bbox 1155 3534 1171 3570; x_wconf 82' lang='lat' dir='ltr'>a</span> <span class='ocrx_word' id='word_1_259' title='bbox 1185 3516 1290 3570; x_wconf 83' lang='lat' dir='ltr'>vater-i-</span> 
     </span>
     <span class='ocr_line' id='line_1_34' title="bbox 257 3604 1291 3684; baseline -0.001 -23"><span class='ocrx_word' id='word_1_260' title='bbox 257 3608 309 3662; x_wconf 87' lang='lat' dir='ltr'>bus</span> <span class='ocrx_word' id='word_1_261' title='bbox 329 3607 424 3677; x_wconf 65' lang='lat' dir='ltr'>tiss„</span> <span class='ocrx_word' id='word_1_262' title='bbox 443 3627 480 3664; x_wconf 83' lang='lat' dir='ltr'>ex</span> <span class='ocrx_word' id='word_1_263' title='bbox 502 3611 644 3666; x_wconf 82' lang='lat' dir='ltr'>editorum</span> <span class='ocrx_word' id='word_1_264' title='bbox 663 3611 778 3684; x_wconf 83' lang='lat' dir='ltr'>ingenio</span> <span class='ocrx_word' id='word_1_265' title='bbox 796 3611 933 3666; x_wconf 86' lang='lat' dir='ltr'>oriuntur.</span> <span class='ocrx_word' id='word_1_266' title='bbox 957 3609 1087 3662; x_wconf 84' lang='lat' dir='ltr'>Ceterum</span> <span class='ocrx_word' id='word_1_267' title='bbox 1106 3608 1171 3660; x_wconf 86' lang='lat' dir='ltr'>luoa</span> <span class='ocrx_word' id='word_1_268' title='bbox 1188 3604 1291 3660; x_wconf 81' lang='lat' dir='ltr'>clarius</span> 
     </span>
    </p>
   </div>
   <div class='ocr_carea' id='block_1_8' title="bbox 255 3695 1306 4045">
    <p class='ocr_par' dir='ltr' id='par_1_10' title="bbox 255 3695 1306 3960">
     <span class='ocr_line' id='line_1_35' title="bbox 256 3695 1306 3778; baseline 0.001 -28"><span class='ocrx_word' id='word_1_269' title='bbox 256 3705 297 3750; x_wconf 82' lang='lat' dir='ltr'>est</span> <span class='ocrx_word' id='word_1_270' title='bbox 315 3698 437 3768; x_wconf 76' lang='lat' dir='ltr'>plurime</span> <span class='ocrx_word' id='word_1_271' title='bbox 449 3701 505 3756; x_wconf 86' lang='lat' dir='ltr'>boc</span> <span class='ocrx_word' id='word_1_272' title='bbox 524 3702 554 3756; x_wconf 88' lang='lat' dir='ltr'>ia</span> <span class='ocrx_word' id='word_1_273' title='bbox 571 3703 635 3758; x_wconf 89' lang='lat' dir='ltr'>loco</span> <span class='ocrx_word' id='word_1_274' title='bbox 654 3701 824 3768; x_wconf 83' lang='lat' dir='ltr'>desiderari,</span> <span class='ocrx_word' id='word_1_275' title='bbox 837 3715 937 3769; x_wconf 87' lang='lat' dir='ltr'>nempe</span> <span class='ocrx_word' id='word_1_276' title='bbox 950 3714 1007 3768; x_wconf 90' lang='lat' dir='ltr'>quo</span> <span class='ocrx_word' id='word_1_277' title='bbox 1019 3699 1111 3754; x_wconf 67' lang='lat' dir='ltr'>Casus</span> <span class='ocrx_word' id='word_1_278' title='bbox 1128 3695 1250 3764; x_wconf 83' lang='lat' dir='ltr'>abierit,</span> <span class='ocrx_word' id='word_1_279' title='bbox 1262 3707 1306 3778; x_wconf 62' lang='lat' dir='ltr'>et¹</span> 
     </span>
     <span class='ocr_line' id='line_1_36' title="bbox 255 3783 1291 3867; baseline 0.008 -31"><span class='ocrx_word' id='word_1_280' title='bbox 255 3783 366 3839; x_wconf 88' lang='lat' dir='ltr'>initium</span> <span class='ocrx_word' id='word_1_281' title='bbox 376 3788 540 3862; x_wconf 81' lang='lat' dir='ltr'>irruptionis</span> <span class='ocrx_word' id='word_1_282' title='bbox 550 3793 799 3867; x_wconf 86' lang='lat' dir='ltr'>Pompeianorum,</span> <span class='ocrx_word' id='word_1_283' title='bbox 809 3804 838 3846; x_wconf 90' lang='lat' dir='ltr'>nt</span> <span class='ocrx_word' id='word_1_284' title='bbox 847 3798 956 3843; x_wconf 83' lang='lat' dir='ltr'>constat</span> <span class='ocrx_word' id='word_1_285' title='bbox 964 3805 1000 3843; x_wconf 85' lang='lat' dir='ltr'>ex</span> <span class='ocrx_word' id='word_1_286' title='bbox 1014 3788 1164 3862; x_wconf 78' lang='lat' dir='ltr'>Appiano,</span> <span class='ocrx_word' id='word_1_287' title='bbox 1176 3787 1271 3844; x_wconf 82' lang='lat' dir='ltr'>Dione</span> <span class='ocrx_word' id='word_1_288' title='bbox 1283 3829 1291 3856; x_wconf 94' lang='lat'>,</span> 
     </span>
     <span class='ocr_line' id='line_1_37' title="bbox 256 3872 762 3960; baseline 0.028 -36"><span class='ocrx_word' id='word_1_289' title='bbox 256 3872 422 3946; x_wconf 78' lang='lat' dir='ltr'>Plutumho,</span> <span class='ocrx_word' id='word_1_290' title='bbox 439 3881 557 3954; x_wconf 74' lang='lat' dir='ltr'>aliisque</span> <span class='ocrx_word' id='word_1_291' title='bbox 570 3885 762 3960; x_wconf 76' lang='lat' dir='ltr'>scriptoribus</span> 
     </span>
    </p>

    <p class='ocr_par' dir='ltr' id='par_1_11' title="bbox 292 3964 1104 4045">
     <span class='ocr_line' id='line_1_38' title="bbox 292 3964 1104 4045; baseline 0.015 -30"><span class='ocrx_word' id='word_1_292' title='bbox 292 3964 355 4020; x_wconf 77' lang='lat' dir='ltr'>Car.</span> <span class='ocrx_word' id='word_1_293' title='bbox 376 3969 433 4022; x_wconf 88' lang='lat' dir='ltr'>LV.</span> <span class='ocrx_word' id='word_1_294' title='bbox 456 3973 492 4025; x_wconf 81' lang='lat' dir='ltr'>Ut</span> <span class='ocrx_word' id='word_1_295' title='bbox 505 3974 756 4032; x_wconf 68' lang='lat' dir='ltr'>demonstravimus.</span> <span class='ocrx_word' id='word_1_296' title='bbox 770 3971 842 4028; x_wconf 87' lang='lat' dir='ltr'>Vide</span> <span class='ocrx_word' id='word_1_297' title='bbox 860 3989 961 4045; x_wconf 81' lang='lat' dir='ltr'>supra,</span> <span class='ocrx_word' id='word_1_298' title='bbox 979 3988 1040 4044; x_wconf 82' lang='lat' dir='ltr'>unp.</span> <span class='ocrx_word' id='word_1_299' title='bbox 1057 3971 1104 4036; x_wconf 71' lang='lat'>34.</span> 
     </span>
    </p>
   </div>
   <div class='ocr_carea' id='block_1_9' title="bbox 0 0 1512 4780">
    <p class='ocr_par' dir='ltr' id='par_1_12' title="bbox 0 0 1512 4780">
     <span class='ocr_line' id='line_1_39' title="bbox 0 0 1512 4780; baseline 0 1"><span class='ocrx_word' id='word_1_300' title='bbox 0 0 1512 4780; x_wconf 95' lang='lat' dir='ltr'> </span> 
     </span>
    </p>
   </div>
  </div>
 </body>
</html>
