3068 4772
466 381 518 436 on
543 379 665 436 asmo
688 379 980 436 nunnuuumo.
1189 381 1243 454 193

206 533 241 578 se
267 505 403 577 Vatinio
427 501 639 588 dediderunt3
665 503 911 596 comperitque,
940 502 1048 596 ipsum
1067 504 1241 573 Octavium

204 628 314 722 parvis
327 625 507 719 paucisque
523 623 663 714 nauigiis
682 635 781 691 vento
799 620 946 690 secundo
966 623 1132 716 regionem
1151 626 1243 694 Grae·

205 749 263 818 ciae
279 748 419 840 petisse,
447 742 524 812 iude
543 757 582 812 ut
603 741 765 829 Siciliam,
796 741 915 812 deinde
935 740 1077 844 Africam
1098 758 1240 837 caperet.

204 871 255 936 Ita
264 867 356 934 brevi
364 866 485 959 spatio,
498 887 534 934 ce
545 862 792 958 praeclarissime
801 877 908 957 gesta,
917 864 1240 957 provinciarecepta,

205 1000 238 1055 et
258 985 437 1055 Cornillcio
457 982 601 1069 reddita,
621 982 723 1052 classe
742 982 1006 1052 adversariorum
1033 1007 1073 1052 ex
1092 980 1151 1051 illo
1170 997 1241 1053 toto

206 1105 280 1174 sinu
299 1103 450 1199 expulsa,
480 1105 586 1172 victor
608 1127 642 1170 se
661 1100 891 1196 Brundisium,
916 1100 1073 1171 incolumi
1093 1103 1240 1172 exercitu

205 1238 238 1294 et
255 1224 376 1311 classe,
393 1227 526 1319 recepit
884 1279 886 1286 .

150 1373 154 1380 ⁴
254 1348 405 1416 XLVIII.
426 1347 470 1412 Iis
483 1359 593 1414 autem
605 1343 822 1438 temporibus,
836 1343 955 1436 quibus
971 1345 1079 1413 Caesar
1098 1344 1140 1413 ad
1155 1348 1241 1439 Dyr·

204 1464 355 1533 rachium
377 1465 570 1557 Pompeium
591 1463 776 1549 obsidebat,
796 1475 828 1529 et
852 1460 1086 1555 Palaepharsali
1105 1487 1174 1531 rem
1192 1464 1239 1531 se·

203 1581 311 1653 liciter
328 1583 462 1678 gerebat
477 1581 746 1676 Alexandriaeque
758 1607 835 1652 cum
853 1580 998 1675 periculo
1013 1607 1150 1676 magno,
1169 1597 1239 1652 tum

203 1704 301 1773 etiam
318 1704 443 1797 majore
461 1700 601 1796 periculi
616 1701 702 1770 lama
718 1701 915 1786 dimicabat,
934 1702 977 1789 Q.
998 1703 1130 1770 Cassius
1149 1703 1239 1770 Lon·

204 1825 320 1917 ginus,
337 1824 371 1891 in
386 1821 543 1915 IIispania
557 1847 619 1916 pro
635 1835 775 1915 praetore
790 1822 966 1915 provinciae
979 1818 1146 1890 ulterioris
1159 1822 1240 1891 obti-

203 1941 320 2012 neudae
331 1966 429 2011 causa
443 1938 587 2028 relictus,
601 1943 668 2009 sive
682 1940 918 2010 cousuetudine
932 1955 1058 2009 naturae
1073 1966 1158 2030 suae,
1171 1943 1240 2012 sive

204 2060 299 2149 odio,
318 2059 409 2153 quod
431 2062 464 2128 in
482 2058 573 2130 illam
592 2060 796 2154 provinciam
813 2073 1002 2153 susceperat
1019 2075 1181 2153 quaestor,
1198 2084 1238 2130 ex

204 2180 330 2250 insidiis
345 2181 391 2249 ibi
409 2179 621 2266 vulneratus,
639 2203 775 2272 magnas
793 2179 860 2248 odii
877 2182 927 2249 sui
944 2181 1066 2250 lecerat
1082 2183 1239 2252 accessio-

205 2325 279 2388 nes,
291 2299 382 2394 quod
394 2299 446 2369 vel
459 2325 499 2370 ex
514 2302 714 2369 conscientie
729 2323 807 2385 sua,
822 2324 926 2392 quum
941 2300 982 2368 de
994 2325 1028 2370 se
1039 2316 1156 2370 mutuo
1170 2328 1240 2372 seu·

204 2423 266 2490 tire
294 2422 497 2515 provinciam
515 2419 678 2505 crederet,
698 2417 751 2486 vel
773 2417 885 2488 multis
904 2421 1006 2511 signis
1026 2436 1061 2490 et
1092 2423 1238 2490 testimo·

204 2543 267 2610 niis
286 2566 421 2624 eorum,
440 2541 498 2633 qui
518 2537 694 2608 difficulter
711 2537 786 2606 odia
806 2536 1074 2626 dissimulabant,
1093 2539 1240 2608 animad-

204 2677 331 2732 uertere
352 2673 500 2754 poterat,
527 2672 560 2726 et
582 2681 794 2752 compensare
818 2656 1033 2728 offensionem
1061 2659 1239 2752 provinciae

204 2783 364 2852 exercitus
377 2803 489 2847 amore
499 2777 663 2872 cupiebat.
674 2781 790 2871 Itaque
801 2829 811 2865 ,
822 2779 1079 2872 quamprimum
1090 2781 1123 2846 in
1133 2803 1237 2850 unum

205 2898 316 2970 locum
334 2901 515 2968 exercitum
540 2895 720 2984 conduxit,
746 2901 801 2966 HS
824 2911 977 2967 centenos
1003 2896 1163 2968 militibus
1190 2913 1240 2968 est

204 3017 371 3112 pollicitus
389 3043 398 3085 :
416 3041 477 3086 nec
494 3014 599 3085 multo
618 3031 712 3109 post,
734 3041 836 3110 quum
862 3019 894 3085 in
923 3017 1092 3087 Lusitania
1119 3017 1239 3086 Medo-

204 3138 339 3232 bregam
353 3135 533 3231 oppidum,
550 3149 762 3230 montemque
778 3139 985 3207 Herminium
1001 3153 1238 3232 expugnasset,

205 3284 272 3353 quo
290 3257 565 3352 Medobregenses
581 3255 820 3351 confugerant,
837 3257 948 3350 ibique
962 3263 1143 3354 Imperator
1155 3275 1240 3330 esset

205 3377 466 3475 appellatus,HS
476 3375 621 3446 centenis
632 3374 751 3445 milites
762 3375 907 3445 donavit.
919 3375 1026 3446 Multa
1040 3392 1195 3470 praeterea
1208 3393 1241 3448 et

206 3524 326 3595 magna
343 3499 477 3593 praemiu
497 3493 635 3590 singulis
651 3493 849 3564 concedebat
862 3546 872 3582 ,
886 3519 958 3587 quae
973 3497 1156 3589 speciosum
1169 3496 1241 3566 red·

206 3619 329 3690 debant
348 3632 541 3713 praesentem
558 3617 718 3686 exercitus
730 3639 895 3701 amorem3
910 3613 1070 3708 paulatim
1083 3630 1193 3684 tamen
1207 3630 1241 3685 et

207 3737 334 3807 occulte
345 3737 519 3807 militarem
530 3734 737 3829 disciplinam
748 3737 1021 3828 severitatemque
1038 3734 1239 3804 minuebant.

254 3859 375 3926 XLIX.
401 3860 549 3946 Cassius,
570 3855 753 3952 legionibus
775 3857 808 3924 in
829 3856 965 3924 hiberna
985 3855 1177 3949 dispositis,
1198 3855 1240 3924 ad

205 3973 261 4068 J’us
272 3973 448 4045 dicendum
464 3975 654 4046 Cordubam
667 4001 701 4045 se
715 3976 854 4068 recepit,
866 3989 1138 4068 contractumque
1152 3976 1185 4045 in
1203 4001 1243 4046 ea

356 4119 391 4162 u.
1057 4093 1097 4164 13
