3050 4772
263 339 319 398 160
419 341 449 396 C.
473 341 570 396 JULII
592 339 754 396 CAESARIS
777 337 1142 395 COMMENTARIORUM

262 472 335 562 ipso'
346 465 433 535 vallo
442 468 612 559 portisque
626 481 811 534 castrorum
825 463 984 532 barbaros
995 464 1200 530 avertissent.
1217 464 1306 550 Qua·

262 612 336 680 rum
346 587 496 655 omnium
506 611 617 654 rerum
628 585 770 653 maxime
778 581 1012 651 admirandum
1022 581 1305 674 videbatur,quod

262 710 441 795 Germani,
463 709 522 800 qui
540 732 581 775 eo
596 703 735 774 consilio
754 705 912 773 Rhenum
932 703 1151 789 transierant,
1168 716 1206 770 ut
1222 705 1303 771 Am-

261 829 397 922 biorigis
413 827 494 895 fines
507 825 805 920 depopularentur,
822 825 864 892 ad
881 839 988 892 castra
1002 827 1232 892 Romanorum
1250 822 1304 890 dc-

261 947 336 1031 lati,
354 929 598 1040 optatissimum
617 945 802 1038 Ambiorigi
822 943 1021 1012 beneficium
1038 941 1239 1012 obtulerant.

310 1069 431 1134 XLIII.
456 1069 581 1151 Caesar‚
608 1088 722 1133 rursus
744 1063 785 1131 ad
804 1062 970 1130 verendos
992 1060 1103 1129 hostes
1122 1061 1303 1155 profectus,

262 1209 384 1278 magno
401 1201 517 1254 coacto
533 1209 673 1253 numero
690 1209 729 1252 ex
743 1183 893 1252 finitimis
908 1182 1115 1269 civitatibus,
1137 1184 1170 1249 in
1190 1177 1305 1251 omnies

263 1319 373 1397 partes
399 1304 547 1372 dimittit.
571 1307 697 1372 Omnes
723 1305 787 1371 vici
813 1318 912 1396 atque
936 1304 1047 1369 omnia
1070 1301 1209 1370 aedificia
1231 1327 1305 1394 quae

263 1424 404 1518 quisque
420 1439 652 1518 conspexerat,
674 1423 938 1491 incendebantur
949 1447 956 1488 :
967 1421 1079 1515 praeda
1092 1446 1132 1488 ex
1150 1421 1305 1489 omnibus

265 1543 345 1612 locis
361 1543 520 1636 agebatur
537 1568 545 1610 :
563 1542 730 1611 frumenta
745 1567 813 1610 non
827 1538 934 1610 solum
948 1567 968 1609 a
983 1556 1074 1609 tanta
1090 1539 1304 1608 multitudine

260 1665 488 1757 jumentorum
507 1676 606 1755 atque
624 1662 798 1729 hominum
819 1661 1114 1749 consumebantur,
1131 1660 1302 1729 sedetiam

263 1787 343 1853 anni
363 1797 512 1878 tempore
539 1798 637 1876 atque
661 1783 824 1850 imbribus
843 1783 1103 1876 procubueraut3
1123 1797 1181 1868 ut,
1198 1784 1226 1852 si
1247 1785 1304 1874 qui

264 1905 364 1972 etiam
384 1905 418 1971 in
442 1905 615 1997 praesentia
639 1927 673 1970 se
695 1901 936 1990 occuluissent,
960 1917 1071 1972 tamen
1090 1904 1146 1988 iis,
1163 1901 1304 1970 deducto

264 2024 431 2109 exercitu,
454 2044 565 2090 rerum
591 2023 741 2091 omnium
760 2023 874 2115 inopia
895 2023 1103 2116 pereundum
1125 2023 1303 2091 videretur.
1361 2009 1365 2016 ⁵

263 2146 314 2210 Ac
326 2167 411 2234 saepe
426 2143 461 2209 in
474 2167 550 2211 eum
570 2142 680 2211 locum
697 2145 834 2212 ventum
849 2157 917 2227 est,
935 2157 1029 2210 tanto
1045 2145 1079 2210 in
1097 2168 1211 2211 omnes
1228 2167 1304 2235 par-

265 2275 313 2330 tes
338 2260 446 2330 diviso
466 2265 630 2355 equitatu,
654 2276 691 2330 ut
712 2262 811 2331 modo
832 2264 940 2330 visum
962 2262 1002 2329 ab
1023 2287 1057 2330 se
1076 2261 1304 2356 Ambiorigem

265 2383 298 2450 in
324 2382 403 2476 fuga
426 2382 563 2475 captivi,
585 2407 646 2450 nec
671 2380 769 2475 plane
794 2383 893 2450 etiam
925 2383 1031 2450 abisse
1056 2407 1097 2450 ex
1123 2397 1303 2475 conspectu

264 2501 519 2589 contenderent,
541 2516 596 2588 ut,
615 2526 673 2594 spe
692 2501 914 2595 consequendi
933 2500 1039 2589 illata,
1058 2517 1158 2596 atque
1175 2501 1305 2571 infinito

264 2619 377 2692 labore
395 2636 564 2716 suscepto,
584 2623 642 2715 qui
664 2647 697 2690 se
718 2646 880 2691 summam
899 2646 919 2689 a
935 2625 1064 2691 Caesare
1083 2625 1225 2716 gratiam
1244 2624 1305 2691 ini-

266 2756 357 2812 turos
383 2756 552 2836 putarent,
574 2767 667 2836 paene
693 2756 845 2810 naturam
872 2742 983 2811 studio
1009 2743 1194 2830 vincerent,
1221 2768 1305 2810 sem-

256 2887 388 2955 perque
407 2859 545 2956 paulum
562 2862 604 2930 ad
619 2886 784 2930 summam
804 2859 995 2931 felicitatem
1016 2863 1157 2931 defuisse
1180 2862 1305 2930 videre·

264 2993 339 3065 tur,
357 2995 457 3074 atque
473 2980 528 3051 ille
544 2980 678 3049 latebris
694 2995 751 3049 aut
769 2979 906 3049 saltibus
924 3007 959 3050 se
979 2984 1138 3075 eriperet,
1156 2997 1188 3052 et
1204 2998 1305 3051 noctu

264 3097 447 3169 occultatus
469 3099 548 3170 alias
570 3101 720 3194 regiones
742 3115 916 3194 partesque
936 3114 1079 3194 peteret,
1097 3129 1166 3171 non
1182 3090 1306 3197 majore

263 3220 413 3313 equitum
422 3222 591 3313 praesidio,
602 3247 701 3315 quam
711 3235 866 3314 quatuor,
876 3221 997 3314 quibus
1010 3219 1087 3290 solis
1100 3225 1201 3291 vitam
1213 3249 1302 3292 suam

264 3342 473 3409 committere
488 3342 640 3410 audebat.

311 3461 432 3530 XLIV.
449 3460 521 3530 Tali
535 3461 638 3531 modo
658 3465 792 3532 vastatis
810 3465 1015 3558 regionibus,
1032 3466 1216 3534 exercitum
1235 3467 1305 3533 (3ae-

264 3604 317 3649 sar
333 3580 475 3652 duarum
493 3582 682 3650 cohortium
697 3583 820 3652 damno
834 3587 1100 3654 Durocortorum
1117 3589 1303 3654 Remorum

265 3699 408 3791 reducit,
434 3700 644 3796 concilioque
669 3705 703 3772 in
728 3728 804 3772 eum
829 3703 939 3772 locum
959 3702 1078 3775 Gallias
1100 3705 1245 3790 indicto,
1266 3703 1307 3772 de
1370 3785 1374 3793 ,

263 3826 493 3920 conjuratione
511 3827 681 3893 Senonum
698 3841 730 3893 et
749 3825 936 3895 Carnutum
956 3830 1169 3921 questionem
1188 3828 1309 3898 habere

263 3945 421 4028 instituit3
434 3958 467 4011 et
479 3943 520 4012 de
537 3949 689 4032 Accone,
706 3947 763 4038 qui
780 3947 935 4040 princeps
952 3949 1023 4043 ejus
1040 3946 1170 4018 consilii
1187 3949 1309 4036 fuerat,
