3068 4772
515 380 565 436 DE
587 381 709 438 BELLO
729 381 1006 442 CIVILILIB.111.
1227 410 1282 465 1¹9

248 506 469 599 majoremque
508 529 598 597 spem
635 508 823 576 maturitate
860 507 1101 580 frumentorum
1137 519 1277 609 proponi

247 627 409 694 videbant.

295 749 335 814 L.
362 748 401 813 ln
420 769 508 814 novo
530 769 649 840 genere
672 747 751 816 belli
779 773 872 818 novae
898 751 940 819 ab
966 753 1113 844 utrisque
1136 751 1279 824 bellandi

248 866 390 934 rationes
400 866 657 959 reperiebantur.
669 866 894 954 llli‚nnimum
905 895 1008 964 quum
1017 871 1229 944 advertissent
1240 901 1277 944 ex

246 985 399 1079 ignibus,
415 986 674 1055 noctecobortes
689 1002 819 1057 nostres
833 989 875 1058 ad
891 991 1090 1062 munitiones
1101 993 1277 1081 excubare,

246 1103 376 1174 silentio
396 1105 541 1200 aggressi
561 1109 747 1192 universas,
765 1109 851 1178 intra
869 1109 1112 1180 multitudinem
1145 1115 1278 1206 sagittas

244 1225 480 1317 conjiciebant,
505 1240 591 1294 etse
605 1225 774 1295 confestim
799 1226 841 1296 ad
863 1253 938 1298 suns
959 1229 1171 1323 recipiebant.
1196 1233 1278 1320 Qui·

243 1343 307 1412 bus
332 1345 430 1414 rebus
447 1347 570 1433 nostri,
589 1371 653 1415 usu
676 1346 780 1430 docti,
798 1347 867 1416 baeo
889 1350 1094 1442 reperiebant
1111 1352 1276 1440 remedia,

247 1477 285 1532 ut
310 1463 375 1533 alio
400 1462 473 1533 loco
497 1467 589 1560 ignes
612 1465 776 1552 facerent,
800 1465 883 1560 (alio
905 1469 1122 1564 excubarent)
1124 1523 1275 1540 .....

293 1706 348 1771 LI.
376 1704 513 1772 Interim
537 1703 659 1771 certior
678 1703 782 1772 faetrrs
805 1708 839 1775 P.
862 1704 963 1798 Sylla,
988 1731 1083 1800 quem
1110 1707 1277 1777 discedens

244 1823 359 1890 castris
384 1821 569 1915 prefecerat
596 1825 720 1909 Cesar,
738 1823 859 1893 auxilio
884 1824 1011 1894 cohorti
1031 1827 1215 1923 renitlcum
1235 1825 1277 1898 le-

244 1941 397 2033 gionibus
415 1963 457 2025 ¹¹3
474 1941 567 2034 cujus
584 1941 726 2010 adventu
742 1940 836 2010 sacile
848 1959 925 2012 sunt
936 1941 1054 2037 repulsi
1073 1946 1274 2040 Pompeiani.

247 2060 363 2151 Neque
383 2083 463 2127 vero
491 2073 704 2153 conspectum
723 2074 782 2130 aut
803 2062 962 2155 impetum
986 2077 1172 2132 nostrorum
1194 2062 1276 2132 tule-

245 2193 345 2264 runt;
372 2179 554 2272 primisque
572 2177 720 2272 dejectis,
744 2177 861 2273 reliqui
882 2203 917 2250 se
938 2195 1126 2267 verterunt,
1148 2197 1181 2250 et
1201 2179 1275 2250 loco

243 2313 418 2366 cesserunt.
446 2297 509 2366 Sed
537 2299 744 2392 insequentes
771 2314 915 2386 nostros,
946 2325 988 2370 ne
1011 2300 1140 2394 longius
1164 2321 1274 2404 prose·

240 2432 439 2510 querentur,
465 2415 554 2510 Sylla
580 2420 754 2488 revocavit.
783 2422 827 2488 At
854 2417 1001 2513 plerique
1027 2421 1225 2508 existimant,
1245 2421 1272 2488 si

240 2539 348 2608 acrius
370 2540 496 2631 insequi
517 2537 694 2623 voluisset,
718 2535 839 2606 bellum
867 2562 906 2606 eo
930 2537 982 2605 die
1005 2540 1148 2631 potuisse
1171 2539 1270 2608 finiri.

239 2661 343 2753 Cujus
354 2657 527 2727 consilium
539 2655 845 2750 reprehendendum
862 2681 927 2726 non
944 2656 1072 2724 videtur
1083 2683 1091 2724 :
1102 2657 1174 2726 aliae
1183 2659 1271 2727 enirn

239 2793 317 2846 sunt
327 2778 423 2870 legati
443 2791 571 2870 partes,
590 2789 688 2868 atque
707 2775 911 2868 imperatoris
928 2772 1031 2842 :alter
1050 2777 1158 2842 omnia
1176 2799 1272 2868 agere

241 2897 281 2965 ad
301 2898 541 2990 prescriptum,
565 2891 649 2962 alter
664 2891 765 2962 libere
780 2893 822 2961 ad
842 2915 1002 2961 summam
1024 2915 1136 2960 rerum
1153 2917 1271 2963 consu·

241 3013 309 3084 lere
334 3015 439 3084 debet
468 3012 574 3108 Sylla,
598 3037 617 3081 a
650 3015 776 3082 Caesare
809 3015 923 3080 castris
946 3010 1096 3097 relictus,
1122 3009 1269 3081 liberatis

240 3136 323 3222 suis,
347 3135 411 3203 hoc
432 3133 495 3202 tuit
509 3146 700 3220 contentus,
723 3157 828 3225 neque
844 3127 960 3223 proelio
977 3130 1145 3200 decertare
1165 3129 1276 3210 uoluit¹

238 3253 251 3342 (
260 3279 332 3346 quas
348 3279 401 3322 res
420 3267 529 3322 tamen
553 3252 688 3322 fortasse
709 3251 852 3344 aliquem
876 3251 1036 3343 reciperet
1057 3252 1210 3346 casum),
1227 3277 1270 3320 ne

237 3375 465 3468 imperatorias
480 3374 541 3442 sibi
553 3387 663 3466 partes
678 3372 853 3464 sumpsisse
870 3369 1046 3438 videretur.
1057 3373 1267 3465 Pompeianis

237 3519 391 3589 magnam
407 3517 458 3562 res
476 3493 517 3564 ad
536 3505 703 3586 receptum
730 3487 957 3559 difficultatem
979 3487 1146 3558 afferebat.
1165 3492 1268 3577 Num,

128 3653 131 3660 ⁴
236 3637 275 3682 ex
291 3615 406 3708 iniquo
422 3615 583 3710 progressi
600 3611 688 3697 loco,
708 3613 742 3679 in
759 3633 887 3680 summo
906 3610 1119 3678 constiterant
1137 3635 1144 3678 :
1164 3611 1191 3678 si
1209 3635 1268 3704 per

237 3731 360 3802 declive
378 3757 445 3803 sese
464 3735 660 3830 reciperent,
679 3745 857 3801 nostrosex
875 3729 1043 3820 superiore
1061 3729 1267 3819 insequentes

238 3846 311 3917 loco
324 3853 545 3920 verebantur:
562 3875 669 3943 neque
686 3847 826 3919 multum
838 3847 880 3917 ad
897 3845 974 3915 solis
985 3870 1136 3918 occasum
1155 3871 1267 3940 super·

237 3981 308 4034 erat
330 3972 485 4062 temporis
510 3997 518 4038 :
543 3995 601 4064 spe
627 3971 714 4038 enirn
739 3967 931 4038 conficiendi
955 3966 1079 4060 negotii
1107 3989 1210 4060 prope
1231 3967 1264 4034 iu
