3050 4772
473 391 524 448 DE
545 391 666 450 BELLO
686 395 850 453 GALLICO
870 397 939 454 un.
958 399 1006 453 vl.
1207 395 1260 456 155

216 522 321 589 tinere
346 517 389 588 ad
418 520 514 614 sigua
539 519 730 615 manipulos
750 521 870 612 vellet,
891 537 928 592 ut
951 524 1102 593 instituta
1120 526 1205 594 ratio
1227 541 1262 598 et

214 638 422 710 consuetudo
441 643 605 711 exercitus
623 645 754 711 romani
773 643 979 737 postulabat,
994 643 1085 713 locus
1103 645 1174 739 ipse
1190 662 1263 718 erat

214 755 551 855 praesidio'barbaris,
566 786 675 857 neque
690 789 731 832 ex
744 763 877 834 occulto
891 764 1068 838 insidiandi
1085 781 1118 834 et
1133 765 1261 860 disper·

213 905 266 951 sos
286 883 571 953 circumveniendi
591 885 729 979 siugulis
747 885 861 955 deerat
882 885 1029 956 eudocia„
1049 889 1093 956 At
1116 887 1151 954 iu
1174 887 1261 979 ejus·

213 1003 305 1072 modi
323 1002 595 1092 difficultatibus,
614 1022 778 1100 quantum
794 1007 966 1105 diligentia
983 1007 1151 1101 provideri
1168 1022 1262 1100 pote·

212 1139 282 1212 rat,
298 1126 557 1218 providebatur;
573 1143 612 1197 ut
631 1105 742 1222 potius
761 1131 797 1199 in
818 1129 968 1200 nocendo
985 1126 1112 1223 aliquid
1129 1129 1261 1196 omitte·

213 1261 317 1333 retur,
327 1248 389 1316 etsi
398 1250 552 1318 omnium
562 1251 666 1319 animi
676 1251 719 1319 ed
729 1249 959 1322 ulciscendum
969 1249 1149 1336 ardebunt,
1160 1273 1260 1342 quam

212 1391 289 1436 cum
316 1364 430 1462 aliquo
457 1370 661 1441 detrimento
689 1371 835 1440 militum
864 1387 1051 1440 noceretur.
1080 1373 1191 1441 Caesnr
1218 1370 1261 1438 ad

200 1488 370 1558 finitimas
386 1489 538 1560 civitates
559 1493 697 1562 nuntios
714 1491 879 1562 dimittit:
897 1517 1015 1561 omnes
1031 1491 1124 1560 adse
1146 1505 1262 1559 evocat

212 1631 271 1702 spe
285 1607 423 1702 praedse,
437 1609 480 1678 nd
496 1608 703 1706 diripiendos
718 1612 911 1699 Eburones,
929 1626 966 1681 ut
987 1612 1098 1705 potius
1115 1612 1148 1678 iu
1169 1608 1261 1679 silvis

211 1726 390 1797 Gallorum
407 1732 491 1818 rita,
505 1756 606 1823 quam
625 1731 826 1827 legionarius
843 1730 953 1820 miles,
975 1730 1201 1826 periclitetur3
1220 1733 1262 1800 si·

213 1849 282 1918 mul
306 1867 364 1941 nt,
389 1875 509 1946 magna
526 1850 741 1922 multitudine
771 1852 992 1940 circumfusa,
1014 1877 1075 1946 pro
1103 1848 1158 1920 tali
1183 1849 1262 1920 laci·

212 1997 313 2059 nore,
333 1976 434 2067 stirps
455 1997 494 2042 ac
511 1997 632 2044 nomeu
657 1975 798 2044 civitatis
821 1972 969 2043 tollatur.
994 1975 1138 2068 Magnus
1162 1971 1261 2040 undi-

106 2175 108 2182 .
213 2117 279 2185 que
299 2117 459 2162 uumerus
480 2091 634 2166 celeriter
652 2095 817 2162 convenit.

260 2214 404 2280 XXXV.
430 2215 508 2284 Haec
532 2215 567 2281 iu
593 2213 748 2283 omnibus
773 2213 968 2285 Eburonum
990 2213 1140 2306 partibus
1166 2238 1261 2308 gere·

212 2332 351 2422 bantur,
367 2334 505 2430 diesque
522 2333 699 2428 appetebat
715 2335 890 2426 septimus,
903 2358 1003 2426 quem
1023 2334 1066 2403 ad
1084 2333 1174 2404 diem
1188 2339 1260 2405 Cae-

213 2477 267 2521 sar
290 2453 332 2522 nd
360 2454 598 2549 impedimento
628 2452 858 2547 legionemque
884 2455 1009 2522 reverti
1030 2456 1260 2523 constituerat.
1308 2479 1333 2500 ,-

213 2551 296 2661 Hic,
312 2588 477 2667 quantum
493 2576 529 2642 iu
547 2573 636 2644 bello
654 2574 787 2643 fortuna
801 2575 918 2667 possit,
933 2561 972 2642 et*
982 2587 1124 2667 quantos
1143 2573 1262 2642 afferat

214 2719 324 2783 casus,
343 2697 500 2790 cognosci
513 2697 633 2788 potuit.
648 2695 825 2789 Dissipatis
842 2719 880 2761 ac
894 2695 1079 2786 perterritis
1092 2695 1261 2780 hostibus,

213 2832 252 2885 ut
264 2815 581 2901 demonstravimus,
594 2839 713 2884 manus
722 2829 794 2883 erat
805 2811 911 2900 nulla,
923 2837 996 2906 quae
1013 2837 1148 2907 parvam
1161 2813 1261 2884 modo

214 2961 347 3007 causam
373 2935 504 3006 timoris
528 2933 670 3004 afferret.
694 2938 800 3004 Trans
826 2935 982 3004 Rhenum
1009 2934 1052 3002 ad
1074 2938 1261 3006 Germanos

215 3057 368 3151 pervenit
387 3054 495 3145 lema,
516 3055 616 3149 diripi
639 3056 826 3142 Eburones,
848 3068 947 3148 atque
971 3053 1062 3124 ultro
1080 3026 1197 3126 omuei
1219 3057 1261 3126 ad
1354 3035 1357 3044 ¹

217 3177 361 3274 praedom
382 3179 526 3246 evocari.
545 3180 681 3272 Cogunt
697 3177 848 3270 equitum
868 3175 935 3244 duo
957 3174 1061 3275 millia
1077 3178 1260 3272 Sigambri,
1303 3259 1310 3270 ,
1386 3265 1395 3290 .

216 3300 274 3393 qui
303 3313 380 3368 suut
410 3299 554 3392 proximi
585 3297 725 3383 Rheno,
749 3321 768 3365 a
793 3297 914 3390 quibus
942 3311 1093 3391 receptos
1116 3323 1156 3366 ex
1183 3298 1261 3392 fuga

216 3419 446 3488 Tenchtheros
461 3433 563 3510 atque
579 3417 735 3510 Usipetes
756 3441 856 3510 supra
874 3416 1070 3496 docuimus:
1088 3431 1259 3487 transeunt

217 3539 373 3608 Rhenum
397 3538 536 3606 novibus
554 3538 762 3630 ratibusque,
782 3562 851 3606 xxx
871 3536 1017 3607 millibus
1033 3561 1189 3631 passuum
1209 3540 1256 3605 iu-
1324 3541 1327 3548 ’

218 3661 267 3729 fra
287 3683 365 3729 eum
387 3658 500 3728 locum
521 3659 579 3728 ubi
599 3665 684 3753 pons
705 3673 776 3728 erat
797 3658 981 3752 perfectus,
1005 3656 1260 3751 praesidiumque

219 3780 261 3850 ab
283 3783 413 3850 Caesare
434 3777 589 3850 relictum
613 3805 620 3846 :
642 3780 767 3872 primos
790 3779 987 3848 Eburonum
1009 3776 1092 3846 fines
1116 3775 1258 3863 adeunt,

221 3901 343 3970 multos
364 3925 404 3970 ex
425 3901 503 3995 fuga
524 3900 688 3993 dispersos
704 3901 892 3993 excipiunt,
914 3921 1035 3993 magno
1053 3898 1181 3991 pecoris
1199 3921 1258 3964 nu-

222 4049 333 4108 mero,
354 4023 448 4113 cujus
474 4034 554 4088 suut
569 4020 773 4114 cupidissimi
794 4020 945 4106 barbari,
966 4021 1149 4113 potiuntur.
1171 4018 1257 4087 Invi-
