3014 4780
319 363 374 420 η,
489 347 520 402 c.
535 341 636 404 auen
656 347 1166 406 cnsmtscotnmur.1.1sen

320 477 452 542 Zamam
480 473 675 565 perveniunt
693 470 737 540 ad
760 475 940 557 Caesarem,
968 473 1009 540 ab
1028 497 1140 566 eoque
1156 487 1234 542 suut
1252 489 1357 543 metu

317 590 529 686 periculoque
547 593 684 662 liberati.
1295 567 1297 580 Ι

366 705 679 781 nannenten
698 711 873 804 utrobique
889 709 1269 806 geruntur,Considius,
1287 715 1357 806 qui

316 830 439 900 Tisdne
457 853 533 899 cum
554 828 675 899 familia
692 855 771 918 sua,
791 829 985 923 gladiatoria
1005 855 1121 918 manu,
1141 830 1354 926 Gaetulisqne

317 965 474 1045 praeerat,
487 951 619 1045 cognita
637 949 724 1019 caede
739 973 889 1037 suorum,
907 951 1110 1044 Domitiique
1125 965 1159 1019 et
1176 949 1353 1046 legionum

316 1069 459 1139 adventu
477 1069 690 1163 perterritus,
706 1069 876 1163 desperata
892 1068 1011 1158 salute,
1028 1069 1187 1165 oppidum
1201 1070 1351 1156 deserit,

319 1213 421 1280 seque
439 1187 524 1256 olam
541 1212 617 1257 cum
635 1189 748 1282 paucis
772 1188 924 1258 Barbaris
946 1191 1086 1283 pecunIa
1106 1203 1242 1258 onustus
1264 1191 1351 1258 sub-

316 1305 424 1392 ducit,
438 1321 536 1399 atquo
552 1306 585 1373 in
602 1330 739 1402 regnum
755 1306 866 1400 fugere
880 1306 1050 1377 contendit
1063 1331 1073 1394 ς
1089 1331 1188 1401 quem
1203 1308 1349 1397 Gaetuli,

317 1425 367 1494 sui
386 1415 541 1511 comites,
564 1425 600 1494 in
623 1425 755 1514 itinere,
780 1425 897 1519 praedae
923 1427 1055 1520 cupidi,
1079 1425 1270 1514 concidunt,
1300 1452 1350 1496 se·

225 1543 229 1551 “
316 1567 381 1638 quc
403 1545 438 1614 in
451 1547 676 1639 ‘quascunque
694 1559 831 1639 potuere
854 1560 963 1638 partes
989 1545 1174 1616 conferunt.
1197 1550 1236 1617 C.
1260 1548 1346 1616 inte-
1476 1613 1477 1620 ,

315 1665 379 1734 rim
396 1661 575 1759 Virgilius,
591 1679 764 1758 postquam
784 1678 873 1732 terra
893 1666 1041 1756 marique
1058 1662 1188 1735 clausus
1204 1690 1238 1733 se
1256 1665 1341 1734 nihil

318 1783 478 1878 proficere
494 1781 672 1870 intellexit,
690 1807 831 1876 suosque
846 1783 1034 1852 interfectos
1051 1798 1110 1852 aut
1123 1783 1271 1878 fugatos,
1291 1787 1341 1853 Μ.

317 1906 478 1973 Catonem
503 1904 608 1972 Uticae
633 1903 694 1971 sibi
711 1905 818 1996 ipsum
835 1925 952 1970 manus
970 1899 1137 1988 intulisse,
1159 1915 1272 1998 'regem
1290 1927 1345 1972 va-

317 2037 413 2115 gurn',
430 2020 473 2090 ab
490 2024 622 2113 suisque
636 2019 802 2089 desertum
819 2021 860 2090 ab
875 2020 1028 2089 omnibus
1040 2025 1226 2114 aspernari,
1243 2013 1343 2090 Sabu-

315 2165 386 2211 ram
402 2140 539 2231 ejusque
555 2139 666 2232 copias
692 2137 734 2206 ab
761 2140 845 2207 Sitio
865 2163 933 2208 esse
958 2137 1100 2228 deletas,
1116 2141 1223 2211 Uticae
1239 2143 1342 2209 Caesa·

316 2283 386 2327 rom
412 2258 483 2328 sine
510 2283 603 2328 mora
628 2274 816 2358 receptum,
838 2258 879 2326 de
902 2273 995 2329 tanto
1023 2259 1165 2328 exercitu
1188 2259 1341 2353 reliquias

316 2403 385 2448 esse
407 2376 530 2465 nullas,
547 2403 618 2472 quae
635 2379 697 2448 sibi
713 2379 845 2471 suisque
862 2376 971 2446 liberis
984 2377 1192 2471 prodessent3
1207 2405 1226 2448 a
1243 2381 1340 2448 Cani·

318 2499 373 2566 nio
391 2495 670 2592 proconsule,qui
686 2522 761 2570 eum
780 2497 965 2585 obsidebat,
987 2497 1052 2567 lide
1068 2513 1220 2592 accepta,
1242 2523 1340 2591 seque

318 2633 352 2688 et
370 2645 428 2689 sua
448 2620 559 2688 omnia
578 2635 609 2688 et
625 2617 783 2714 oppidum
801 2616 991 2713 proconsuli
1007 2617 1156 2688 transilit.

364 2733 482 2810 XCIV.
501 2743 573 2808 Rex
589 2740 721 2807 interim
738 2739 841 2825 Juba,
858 2739 900 2808 ab
917 2739 1070 2808 omnibus
1087 2740 1272 2810 civitatibus
1288 2763 1338 2808 ex·

316 2857 426 2928 clusus
437 2859 636 2953 ,·dosperata
654 2856 777 2945 salute,
794 2881 897 2951 quum
913 2859 982 2950 jam
1001 2873 1147 2927 eoenatus
1165 2873 1246 2928 esset
1264 2883 1337 2927 curn

316 2979 461 3066 Petreio,
478 2990 517 3044 ut
529 2989 589 3072 per
604 2977 760 3045 virtutem
776 2974 937 3044 interfecti
955 2999 1025 3044 esse
1039 2975 1240 3064 viderentur,
1254 2975 1338 3044 ferro

316 3099 404 3165 inter
428 3121 462 3164 se
485 3094 694 3190 depugnant,
720 3109 819 3188 atque
843 3094 969 3163 firmior
987 3091 1234 3164 imbecilliorem
1257 3094 1339 3164 Iuba

316 3216 482 3285 Petreium
500 3213 593 3282 facile
604 3213 690 3282 ferro
707 3215 925 3307 consumpsit:
943 3213 1060 3282 deinde
1075 3215 1144 3307 ipse
1160 3215 1221 3284 sibi
1237 3235 1337 3308 quum

316 3347 492 3404 conaretur
513 3331 622 3428 gladio
643 3334 832 3428 transjioere
853 3349 986 3427 pectus,
1008 3357 1068 3402 nec
1092 3346 1218 3426 posset,
1237 3331 1340 3425 preci-

317 3455 377 3540 bus
401 3479 420 3523 a
446 3477 541 3523 servo
568 3475 628 3522 suo
651 3455 857 3547 impetravit,
877 3468 916 3522 ut
943 3477 977 3520 se
1001 3451 1216 3538 interficeret,
1241 3449 1341 3541 idque

317 3573 472 3643 obtinuit.

363 3697 466 3788 XCV.
485 3696 523 3763 P.
543 3695 644 3764 Sitius
660 3695 809 3778 interim,
824 3690 918 3786 pulso
935 3689 1080 3756 exercitu
1097 3686 1248 3776 Soburae,
1262 3710 1339 3781 pra·

316 3815 392 3884 secti
411 3814 523 3903 Jubae,
541 3814 677 3908 ipsoque
704 3798 1017 3902 interfecto,·quurn
1043 3807 1105 3875 iter
1126 3830 1200 3876 oum
1227 3807 1338 3902 paucis

309 3959 374 4030 per
403 3934 637 4005 Mauritaniam
654 3932 694 4002 ad
709 3935 869 4002 Caesarem
894 3929 1030 4017 faceret,
1055 3926 1141 3997 forte
1165 3927 1281 3997 incidit
1307 3927 1337 3993 in
