3026 4768
301 341 338 417 96
459 347 489 402 C.
511 346 607 400 IULII
630 347 792 404 CAESAIIIS
815 346 1190 432 consummatorum

301 484 333 537 et
357 471 503 540 conferta
532 471 656 566 legione
691 495 730 538 ea
765 472 919 538 omnibus
947 470 1095 563 partibus
1129 468 1193 538 tela
1221 472 1339 563 conjici

301 589 541 660 animadvertit.
575 593 661 661 Nam
694 589 802 682 quod,
833 590 924 657 omni
950 613 991 656 ex
1023 587 1158 680 reliquis
1190 590 1339 683 partibus

301 709 447 778 demesso
477 711 657 798 frumento,
689 734 754 778 una
789 732 865 802 pars
898 723 968 776 erat
1004 708 1151 801 reliqua,
1184 707 1338 801 suspicati

301 829 429 917 hostes,
450 831 516 899 huc
532 844 662 898 nostros
679 853 749 897 esse
773 842 947 914 venturos,
969 841 1071 896 noctu
1092 829 1127 895 in
1149 825 1240 896 silvis
1257 826 1338 896 deli·

301 963 431 1018 tuerant
458 976 465 1017 :
490 964 562 1018 tum
587 947 766 1043 dispersos,
790 945 956 1038 dispositis
982 948 1101 1028 armis,
1121 947 1154 1014 in
1182 947 1337 1016 metendo

299 1083 493 1162 occupatos,
526 1069 635 1136 subito
662 1066 790 1152 adorti,
820 1067 934 1158 paucis
967 1065 1161 1150 interfectis,
1191 1061 1335 1160 reliquos

299 1187 432 1255 incertis
449 1187 625 1280 ordinibus·
637 1185 912 1279 perturbaverant
929 1210 937 1251 :
956 1182 1054 1252 simul
1069 1184 1218 1276 equitatu
1234 1199 1335 1278 atque

300 1305 418 1375 essedis
432 1304 725 1374 circumdederant.
1274 1373 1275 1376 ,

348 1427 504 1494 XXXIII.
524 1429 637 1495 Genus
651 1424 716 1492 hoc
729 1437 779 1491 est
799 1447 839 1490 ex
854 1421 974 1490 essedis
991 1446 1110 1515 pugnae
1128 1447 1136 1489 :
1154 1424 1262 1516 primo
1276 1447 1335 1515 per

299 1567 413 1611 omnes
422 1557 529 1636 partes
538 1545 796 1638 perequitant,et
805 1539 868 1608 tela
878 1541 1071 1632 conjiciunt,
1082 1554 1181 1633 atque
1192 1542 1263 1635 ipso
1273 1555 1336 1610 ter·

299 1686 374 1729 rore
389 1675 549 1755 equorum
559 1676 592 1730 et
600 1663 738 1753 strepitu
751 1674 899 1729 rotarum
909 1658 1042 1734 ordines
1052 1657 1248 1754 plerumque
1259 1686 1334 1755 per-

300 1781 435 1860 turbant
452 1808 460 1849 :
475 1797 508 1850 et
519 1805 620 1873 quum
633 1805 667 1848 se
676 1782 765 1848 iuter
776 1781 928 1872 equitum
941 1793 1067 1847 turmas
1078 1779 1333 1866 insinuaverint,

298 1903 340 1968 ex'
355 1901 473 1970 essedis
488 1899 659 1984 desiliunt,
677 1898 865 1992 etpedibus
882 1897 1087 1991 proeliantur.
1103 1902 1236 1995 Aurigae
1249 1902 1334 1968 inte-

187 2059 188 2064 *
298 2023 362 2087 rim
381 2017 538 2112 paulatim
557 2045 597 2087 ex
616 2016 730 2112 proelio
750 2017 927 2105 excedunt,
943 2033 1044 2110 atque
1062 2019 1108 2086 ita
1128 2044 1246 2088 currus
1264 2019 1332 2088 col·
1352 2011 1357 2024 ⁴

299 2137 426 2224 locant,
444 2153 497 2223 ut,
513 2141 541 2206 si
562 2137 608 2206 illi
628 2163 647 2206 a
663 2137 876 2206 multitudine
889 2137 1034 2204 hostium
1051 2153 1259 2229 premantur,
1276 2163 1332 2208 ex·

299 2257 446 2350 peditum
460 2256 502 2325 ad
515 2281 591 2324 suos
602 2270 770 2350 receptum
783 2256 936 2324 habeant.
946 2258 998 2324 Ita
1009 2254 1226 2324 mobilitatem
1239 2261 1332 2351 equi·

300 2390 385 2462 tum,
397 2373 608 2444 stabilitatem
621 2375 768 2469 peditum
783 2375 817 2442 in
830 2372 953 2466 proeliis
968 2387 1138 2466 praestant,
1149 2399 1187 2443 ac
1201 2389 1331 2444 tantum

298 2519 359 2564 usu
381 2494 574 2587 quotidiano
594 2508 628 2562 et
646 2494 877 2562 exercitatione
898 2491 1066 2578 efficiunt,
1088 2495 1136 2561 uti
1158 2495 1192 2560 in
1212 2494 1331 2564 declivi

299 2640 337 2684 ac
358 2616 518 2708 praecipiti
534 2612 617 2681 loco·
629 2613 776 2681 incitatos
795 2636 896 2704 equos
911 2611 1086 2698 sustinere,
1102 2625 1134 2680 et
1151 2613 1243 2681 brevi
1262 2639 1331 2682 mo-

298 2735 405 2803 derari
431 2761 470 2804 ac
494 2733 643 2820 flectere,
669 2748 703 2800 et
723 2759 782 2828 per
805 2729 972 2800 temonem
996 2755 1211 2825 percurrere,
1237 2750 1270 2803 et
1296 2737 1347 2845 in⁸

295 2855 377 2946 jugo
400 2856 563 2940 insistere,
589 2869 623 2922 et
645 2848 721 2921 inde
744 2877 777 2923 se
803 2853 836 2918 in
862 2876 978 2920 currus
1004 2852 1158 2920 citissime
1183 2855 1330 2945 recipere

297 2976 497 3042 consuerint.

346 3069 502 3161 XXXIV.
529 3093 661 3181 Quibus
683 3093 794 3180 rebus,
816 3092 1016 3186 perturbatis
1038 3095 1158 3161 nostris
1183 3095 1330 3162 novitate

297 3219 441 3305 pugnae,¹
454 3225 599 3304 ternpore
621 3213 901 3305 opportunissimo
921 3215 1031 3281 Cacsar
1050 3209 1211 3279 auxilium
1232 3211 1328 3280 tulit:

296 3355 442 3424 namque
461 3330 531 3424 ejus
551 3329 696 3398 adventu
716 3331 826 3400 hostes
848 3331 1086 3418 constiterunt,
1109 3333 1213 3398 nostri
1237 3356 1271 3398 se
1291 3357 1330 3398 ex

300 3453 415 3520 timore
437 3462 642 3540 receperunt.
672 3451 750 3538 Quo
776 3449 882 3536 facto,
910 3448 951 3517 ad
980 3446 1204 3518 lacessendum
1232 3451 1330 3517 etad
1355 3497 1357 3502 -

294 3566 570 3636 committendum
599 3566 752 3660 proelium
773 3567 918 3636 alienum
942 3593 1012 3636 csse
1036 3583 1166 3662 tempus
1190 3568 1330 3636 arbitra·

296 3701 365 3772 tue,
384 3712 444 3756 suo
460 3711 495 3755 se
511 3682 584 3754 loco
600 3686 781 3773 continuit,
799 3701 832 3753 et
848 3687 942 3753 brevi
960 3701 1110 3778 tempore
1128 3689 1330 3773 intermisso,

296 3808 328 3873 in
353 3821 458 3897 castra
477 3804 620 3900 legiones
643 3804 787 3872 reduxit.
808 3808 898 3872 Dum
919 3804 988 3872 lraec
1013 3821 1188 3899 geruntur,
1211 3810 1332 3876 nostris

297 3928 447 3995 omnibus
467 3927 648 4019 occupatis,
667 3925 725 4017 qui
743 3938 838 4018 erant
856 3926 890 3992 in
911 3925 998 4019 agris
1015 3923 1155 4018 reliqui,
1174 3925 1331 3996 discesse-
