3042 4772
286 389 341 446 nit
462 384 492 437 C.
511 383 608 438 tttttt
629 381 798 437 cAEsnttts
819 379 1019 436 conttmttT.
1041 379 1150 432 ttetttt

284 531 496 590 concurrere,
517 521 547 574 et
566 503 712 600 legiones
728 506 875 572 tironum
892 503 1087 587 convenire,
1106 502 1140 568 in
1157 499 1208 569 his
1230 515 1328 568 vete-

287 651 367 694 rana
383 624 469 720 legio
487 651 529 714 v,
546 627 694 718 equitum
715 623 756 693 ad
776 624 843 692 duo
864 621 975 693 millia.

333 747 381 814 Il.
398 745 599 840 Legionibus
614 741 759 813 collectis
774 761 828 833 vr,
846 758 878 812 et
894 745 1041 837 equitum
1058 767 1083 812 ιι
1103 739 1268 826 millibus,
1287 757 1326 810 ut

286 889 425 958 quaeque
438 866 545 958 prima
559 861 645 958 legio
663 877 810 950 venerat,
832 863 866 930 iu
886 886 984 930 naves
1003 860 1117 956 longas
1135 861 1325 954 imponeba-

286 997 358 1071 tur,
376 987 502 1078 equites
517 997 627 1052 autem
644 986 678 1052 in
694 984 873 1054 onerarias.
890 985 941 1050 Ita
955 984 1113 1075 majorem
1127 995 1254 1076 partem
1263 1005 1323 1049 na·

286 1106 377 1172 vium
397 1103 590 1173 antecedere
607 1105 720 1197 jussit,
743 1117 776 1170 et
799 1101 941 1200 insulam
959 1117 1071 1194 petere
1092 1103 1320 1195 Aponianam,

287 1249 359 1317 quae
376 1249 443 1292 uon
464 1222 562 1318 louge
586 1223 678 1292 abest
705 1247 725 1291 a
754 1222 1009 1317 Lilybaeo.·lpse
1031 1246 1150 1316 parum
1174 1246 1321 1289 eommo-

286 1356 392 1429 ratus,
427 1342 515 1410 bona
532 1367 712 1436 paucorum
729 1341 841 1409 vendit
864 1339 994 1434 publice
1017 1366 1025 1408 ε
1050 1339 1169 1409 deinde
1189 1339 1321 1410 Allieno

287 1462 436 1555 praetori,
452 1463 510 1555 qui
527 1461 671 1531 Siciliam
687 1461 875 1558 obtinebat,
894 1461 935 1528 de
952 1461 1106 1530 omnibus
1123 1462 1220 1530 rebus
1239 1485 1321 1555 prae·

289 1583 382 1678 cipit,
402 1596 435 1650 et
456 1583 496 1650 de
516 1581 642 1675 reliquo
655 1585 799 1651 exercitu
820 1581 969 1650 celeriter
990 1581 1200 1676 imponendo.
1226 1582 1320 1650 Datis

288 1701 467 1791 mandatis,
484 1703 552 1796 ipse
572 1725 689 1770 navem
705 1700 938 1769 conscendite.
954 1699 1036 1768 d.v1
1057 1698 1118 1768 cal.
1139 1703 1207 1794 jan.
1224 1715 1258 1768 et
1274 1725 1321 1768 re

288 1820 393 1913 liquas
409 1846 509 1888 naves
526 1821 636 1888 statim
652 1834 702 1887 est
714 1833 919 1888 consecutus.
935 1822 985 1886 lta
1003 1833 1102 1887 vento
1118 1834 1223 1906 oerto,
1240 1817 1320 1886 cele-

288 1941 383 2032 rique
412 1943 545 2032 navigio
571 1954 698 2024 vectus,
721 1951 795 2032 post
820 1937 908 2006 diem
930 1951 1080 2031 quartam
1114 1961 1189 2006 cum
1214 1936 1320 2032 longis

287 2060 399 2151 paucis
426 2059 564 2126 navibus
590 2061 625 2126 iu
654 2071 866 2150 conspectum
899 2057 1014 2126 Africae
1038 2057 1129 2126 venit
1148 2083 1156 2124 :
1174 2081 1318 2149 namque

288 2179 447 2245 onerariae
464 2174 614 2268 reliquae,
636 2190 754 2268 praeter
770 2198 904 2267 paucas,
927 2191 1024 2244 vento
1047 2176 1199 2270 dispersae
1219 2192 1319 2270 utque

292 2294 501 2384 errabundae,
519 2295 647 2366 diversa
665 2292 738 2362 loca
753 2295 928 2390 petierunt
944 2294 1104 2387 Clupeam
1123 2295 1224 2366 classe
1242 2321 1322 2390 prte-

288 2413 486 2496 tervebitur,
511 2413 630 2482 deinde
653 2411 828 2505 Neapolim
857 2439 865 2480 ε
891 2412 1060 2508 complura
1085 2431 1243 2509 praeterea
1265 2441 1318 2486 oa·

290 2532 386 2604 stella
403 2550 436 2603 et
455 2533 577 2629 oppida
597 2558 663 2601 non
679 2532 777 2627 longe
794 2557 812 2601 a
831 2535 913 2602 mari
933 2533 1103 2628 relinquit.

335 2657 394 2724 111.
412 2657 591 2748 Postquam
619 2653 840 2723 Adrumetum
868 2656 1002 2723 accessit
1027 2657 1103 2752 qubi
1133 2658 1320 2752 praesidium

251 2828 253 2834 s
287 2788 359 2842 erat
376 2774 653 2858 adversariorum,
665 2773 721 2841 cui
734 2788 871 2866 praeerat
884 2777 923 2844 C.
941 2775 1117 2846 Considius
1127 2777 1157 2871 ),
1170 2794 1230 2849 eta
1243 2777 1322 2849 Clu·

287 2893 358 2985 peis
373 2893 551 2962 secundum
565 2917 656 2962 oram
673 2893 871 2961 maritimam
890 2917 966 2963 cum
983 2898 1131 2987 equitatu
1149 2899 1319 2970 Adrumeti

288 3014 350 3081 Cn.
363 3013 439 3080 Piso
459 3037 535 3080 cum
563 3014 757 3080 Maurorum
781 3013 913 3082 circiter
939 3015 1044 3084 tribus
1062 3015 1208 3087 millibus
1223 3043 1323 3112 appa·

286 3131 355 3200 ruit
384 3156 391 3197 :
417 3132 463 3198 ibi
487 3129 655 3226 paulisper
678 3135 788 3202 Cesar
807 3147 884 3201 aute
914 3149 1048 3228 portum
1079 3154 1322 3224 commoratus,

287 3248 367 3317 dum
383 3246 515 3341 reliquae
531 3272 630 3319 naves
646 3253 877 3338 convenirent,
895 3256 1031 3346 exponit
1049 3255 1244 3341 exercitum;
1263 3281 1321 3323 cu-

287 3368 338 3459 jus
361 3390 517 3436 numerus
536 3369 571 3436 in
589 3372 765 3462 praesentia
782 3371 844 3439 luit
861 3369 1009 3463 peditum
1028 3397 1067 3440 ιιι
1083 3371 1207 3456 millia,
1224 3373 1319 3463 equi·

288 3499 358 3553 tum
375 3511 437 3575 εις
465 3488 643 3581 castrisque
668 3504 746 3558 ante
767 3488 925 3582 oppidum
950 3490 1079 3580 positis,
1102 3491 1172 3557 sine
1199 3491 1321 3583 injuria

287 3606 482 3698 cujusquam
498 3607 658 3693 consedit;
683 3607 878 3698 cohibetque
904 3629 1019 3674 omnes
1040 3607 1196 3700 opraeda.
1214 3611 1322 3704 Oppi·

288 3720 367 3790 dani
383 3727 515 3796 interim
533 3751 645 3796 muros
662 3725 793 3795 armatis
810 3720 976 3816 complent
995 3740 1095 3795 :ante
1113 3742 1245 3820 portam
1260 3729 1323 3798 sre-

288 3857 426 3928 quentos
445 3845 621 3914 considunt
639 3845 679 3924 ad
701 3869 734 3912 se
750 3841 992 3914 defendendum
1012 3871 1019 3914 :
1040 3872 1185 3940 quorum
1204 3840 1323 3919 nume·

289 3977 346 4022 rus
367 3983 392 4028 ιι
408 3960 574 4056 legionum
595 3967 682 4034 intus
702 3977 780 4032 erat.
802 3967 925 4051 Cesar,
944 3967 1070 4038 circum
1089 3969 1249 4064 oppidum
1268 3996 1320 4039 ve-
