<?xml version="1.0" encoding="UTF-8"?>
<!DOCTYPE html PUBLIC "-//W3C//DTD XHTML 1.0 Transitional//EN"
    "http://www.w3.org/TR/xhtml1/DTD/xhtml1-transitional.dtd">
<html xmlns="http://www.w3.org/1999/xhtml" xml:lang="en" lang="en">
 <head>
  <title>
</title>
<meta http-equiv="Content-Type" content="text/html;charset=utf-8" />
  <meta name='ocr-system' content='tesseract 3.04.00' />
  <meta name='ocr-capabilities' content='ocr_page ocr_carea ocr_par ocr_line ocrx_word'/>
</head>
<body>
  <div class='ocr_page' id='page_1' title='image "./cjcaesarisopera00caesgoog_0147.png"; bbox 0 0 3086 4766; ppageno 0'>
   <div class='ocr_carea' id='block_1_1' title="bbox 474 356 1379 430">
    <p class='ocr_par' dir='ltr' id='par_1_1' title="bbox 474 356 1379 430">
     <span class='ocr_line' id='line_1_1' title="bbox 474 356 1379 430; baseline 0 -16"><span class='ocrx_word' id='word_1_1' title='bbox 474 357 525 416; x_wconf 81' lang='lat' dir='ltr'><strong>nn</strong></span> <span class='ocrx_word' id='word_1_2' title='bbox 545 357 664 416; x_wconf 80' lang='lat' dir='ltr'><strong>asmo</strong></span> <span class='ocrx_word' id='word_1_3' title='bbox 687 357 849 430; x_wconf 73' lang='lat' dir='ltr'><strong>clinico</strong></span> <span class='ocrx_word' id='word_1_4' title='bbox 872 358 942 414; x_wconf 85' lang='lat' dir='ltr'><strong>mn</strong></span> <span class='ocrx_word' id='word_1_5' title='bbox 958 359 992 420; x_wconf 78' lang='lat' dir='ltr'><strong>v,</strong></span> <span class='ocrx_word' id='word_1_6' title='bbox 1082 379 1084 384; x_wconf 81' lang='lat'><strong>.</strong></span> <span class='ocrx_word' id='word_1_7' title='bbox 1204 356 1256 414; x_wconf 81' lang='lat'><strong>125</strong></span> <span class='ocrx_word' id='word_1_8' title='bbox 1374 357 1379 366; x_wconf 92' lang='lat'>·</span> 
     </span>
    </p>
   </div>
   <div class='ocr_carea' id='block_1_2' title="bbox 214 481 1331 3212">
    <p class='ocr_par' dir='ltr' id='par_1_2' title="bbox 214 481 1331 3212">
     <span class='ocr_line' id='line_1_2' title="bbox 215 481 1259 579; baseline -0.004 -23"><span class='ocrx_word' id='word_1_9' title='bbox 215 489 303 579; x_wconf 91' lang='lat' dir='ltr'><strong>quit,</strong></span> <span class='ocrx_word' id='word_1_10' title='bbox 330 481 481 557; x_wconf 84' lang='lat' dir='ltr'><strong>Varene?</strong></span> <span class='ocrx_word' id='word_1_11' title='bbox 504 497 562 552; x_wconf 88' lang='lat' dir='ltr'><strong>aut</strong></span> <span class='ocrx_word' id='word_1_12' title='bbox 582 507 681 577; x_wconf 88' lang='lat' dir='ltr'><strong>quem</strong></span> <span class='ocrx_word' id='word_1_13' title='bbox 704 481 815 560; x_wconf 89' lang='lat' dir='ltr'><strong>locum</strong></span> <span class='ocrx_word' id='word_1_14' title='bbox 842 483 1020 578; x_wconf 76' lang='lat' dir='ltr'><strong>probandae</strong></span> <span class='ocrx_word' id='word_1_15' title='bbox 1039 484 1173 558; x_wconf 89' lang='lat' dir='ltr'><strong>virtutis</strong></span> <span class='ocrx_word' id='word_1_16' title='bbox 1194 497 1259 553; x_wconf 75' lang='lat' dir='ltr'><strong>tuse</strong></span> 
     </span>
     <span class='ocr_line' id='line_1_3' title="bbox 214 602 1261 698; baseline 0 -22"><span class='ocrx_word' id='word_1_17' title='bbox 214 603 362 698; x_wconf 79' lang='lat' dir='ltr'>spectas?</span> <span class='ocrx_word' id='word_1_18' title='bbox 388 603 459 689; x_wconf 88' lang='lat' dir='ltr'><strong>hic,</strong></span> <span class='ocrx_word' id='word_1_19' title='bbox 482 603 539 671; x_wconf 89' lang='lat' dir='ltr'><strong>hie</strong></span> <span class='ocrx_word' id='word_1_20' title='bbox 566 602 634 673; x_wconf 90' lang='lat' dir='ltr'><strong>dies</strong></span> <span class='ocrx_word' id='word_1_21' title='bbox 658 602 700 670; x_wconf 88' lang='lat' dir='ltr'><strong>de</strong></span> <span class='ocrx_word' id='word_1_22' title='bbox 725 605 846 672; x_wconf 89' lang='lat' dir='ltr'><strong>nostris</strong></span> <span class='ocrx_word' id='word_1_23' title='bbox 876 603 1109 674; x_wconf 86' lang='lat' dir='ltr'><strong>controversiis</strong></span> <span class='ocrx_word' id='word_1_24' title='bbox 1130 602 1261 696; x_wconf 87' lang='lat' dir='ltr'><strong>judica-</strong></span> 
     </span>
     <span class='ocr_line' id='line_1_4' title="bbox 214 721 1262 816; baseline -0.001 -24"><span class='ocrx_word' id='word_1_25' title='bbox 214 725 274 793; x_wconf 86' lang='lat' dir='ltr'><strong>bit.</strong></span> <span class='ocrx_word' id='word_1_26' title='bbox 290 753 307 788; x_wconf 75' lang='lat'>»</span> <span class='ocrx_word' id='word_1_27' title='bbox 330 726 409 791; x_wconf 84' lang='lat' dir='ltr'><strong>Haec</strong></span> <span class='ocrx_word' id='word_1_28' title='bbox 441 747 545 816; x_wconf 89' lang='lat' dir='ltr'><strong>quum</strong></span> <span class='ocrx_word' id='word_1_29' title='bbox 559 721 722 810; x_wconf 78' lang='lat' dir='ltr'><strong>dixisset,</strong></span> <span class='ocrx_word' id='word_1_30' title='bbox 748 722 898 816; x_wconf 82' lang='lat' dir='ltr'>procedit</span> <span class='ocrx_word' id='word_1_31' title='bbox 926 736 1017 797; x_wconf 82' lang='lat' dir='ltr'><strong>extra</strong></span> <span class='ocrx_word' id='word_1_32' title='bbox 1043 722 1262 808; x_wconf 85' lang='lat' dir='ltr'><strong>munitiones,</strong></span> 
     </span>
     <span class='ocr_line' id='line_1_5' title="bbox 215 841 1262 936; baseline 0.001 -25"><span class='ocrx_word' id='word_1_33' title='bbox 215 865 348 936; x_wconf 87' lang='lat' dir='ltr'><strong>quaque</strong></span> <span class='ocrx_word' id='word_1_34' title='bbox 364 867 441 936; x_wconf 88' lang='lat' dir='ltr'><strong>pars</strong></span> <span class='ocrx_word' id='word_1_35' title='bbox 458 841 605 910; x_wconf 91' lang='lat' dir='ltr'><strong>hostium</strong></span> <span class='ocrx_word' id='word_1_36' title='bbox 622 841 862 912; x_wconf 82' lang='lat' dir='ltr'><strong>confertissima</strong></span> <span class='ocrx_word' id='word_1_37' title='bbox 883 843 954 910; x_wconf 79' lang='lat' dir='ltr'><strong>visa</strong></span> <span class='ocrx_word' id='word_1_38' title='bbox 977 857 1043 929; x_wconf 88' lang='lat' dir='ltr'><strong>est,</strong></span> <span class='ocrx_word' id='word_1_39' title='bbox 1065 843 1100 912; x_wconf 91' lang='lat' dir='ltr'><strong>in</strong></span> <span class='ocrx_word' id='word_1_40' title='bbox 1124 866 1197 912; x_wconf 88' lang='lat' dir='ltr'><strong>eam</strong></span> <span class='ocrx_word' id='word_1_41' title='bbox 1218 841 1262 912; x_wconf 89' lang='lat' dir='ltr'><strong>ir·</strong></span> 
     </span>
     <span class='ocr_line' id='line_1_6' title="bbox 215 958 1262 1055; baseline 0.002 -25"><span class='ocrx_word' id='word_1_42' title='bbox 215 964 358 1055; x_wconf 78' lang='lat' dir='ltr'><strong>rumpit·</strong></span> <span class='ocrx_word' id='word_1_43' title='bbox 370 963 422 1032; x_wconf 87' lang='lat' dir='ltr'><strong>Ne</strong></span> <span class='ocrx_word' id='word_1_44' title='bbox 433 965 585 1032; x_wconf 87' lang='lat' dir='ltr'><strong>Varenus</strong></span> <span class='ocrx_word' id='word_1_45' title='bbox 597 961 732 1055; x_wconf 89' lang='lat' dir='ltr'><strong>quidem</strong></span> <span class='ocrx_word' id='word_1_46' title='bbox 747 976 819 1031; x_wconf 92' lang='lat' dir='ltr'><strong>tum</strong></span> <span class='ocrx_word' id='word_1_47' title='bbox 834 958 922 1030; x_wconf 86' lang='lat' dir='ltr'><strong>vallo</strong></span> <span class='ocrx_word' id='word_1_48' title='bbox 935 986 1003 1031; x_wconf 86' lang='lat' dir='ltr'><strong>sese</strong></span> <span class='ocrx_word' id='word_1_49' title='bbox 1019 963 1188 1049; x_wconf 88' lang='lat' dir='ltr'><strong>continet,</strong></span> <span class='ocrx_word' id='word_1_50' title='bbox 1203 959 1262 1034; x_wconf 85' lang='lat' dir='ltr'><strong>sed</strong></span> 
     </span>
     <span class='ocr_line' id='line_1_7' title="bbox 216 1079 1262 1175; baseline 0.002 -24"><span class='ocrx_word' id='word_1_51' title='bbox 216 1083 368 1152; x_wconf 89' lang='lat' dir='ltr'><strong>omnium</strong></span> <span class='ocrx_word' id='word_1_52' title='bbox 386 1082 513 1150; x_wconf 85' lang='lat' dir='ltr'><strong>veritus</strong></span> <span class='ocrx_word' id='word_1_53' title='bbox 538 1081 831 1169; x_wconf 81' lang='lat' dir='ltr'><strong>existimationem,</strong></span> <span class='ocrx_word' id='word_1_54' title='bbox 851 1081 1074 1175; x_wconf 85' lang='lat' dir='ltr'><strong>subsequitur.</strong></span> <span class='ocrx_word' id='word_1_55' title='bbox 1096 1079 1262 1153; x_wconf 83' lang='lat' dir='ltr'><strong>Mediocri</strong></span> 
     </span>
     <span class='ocr_line' id='line_1_8' title="bbox 216 1185 1261 1296; baseline 0.001 -26"><span class='ocrx_word' id='word_1_56' title='bbox 216 1203 324 1296; x_wconf 88' lang='lat' dir='ltr'><strong>spatio</strong></span> <span class='ocrx_word' id='word_1_57' title='bbox 335 1198 470 1288; x_wconf 88' lang='lat' dir='ltr'><strong>relicto,</strong></span> <span class='ocrx_word' id='word_1_58' title='bbox 483 1198 594 1270; x_wconf 85' lang='lat' dir='ltr'><strong>Pnlfio</strong></span> <span class='ocrx_word' id='word_1_59' title='bbox 608 1198 715 1294; x_wconf 91' lang='lat' dir='ltr'><strong>pilum</strong></span> <span class='ocrx_word' id='word_1_60' title='bbox 729 1202 763 1269; x_wconf 94' lang='lat' dir='ltr'><strong>in</strong></span> <span class='ocrx_word' id='word_1_61' title='bbox 778 1201 890 1272; x_wconf 89' lang='lat' dir='ltr'><strong>hostes</strong></span> <span class='ocrx_word' id='word_1_62' title='bbox 904 1185 1022 1288; x_wconf 82' lang='lat' dir='ltr'><strong>mittit,</strong></span> <span class='ocrx_word' id='word_1_63' title='bbox 1039 1215 1139 1294; x_wconf 90' lang='lat' dir='ltr'><strong>atque</strong></span> <span class='ocrx_word' id='word_1_64' title='bbox 1156 1225 1261 1271; x_wconf 91' lang='lat' dir='ltr'><strong>unum</strong></span> 
     </span>
     <span class='ocr_line' id='line_1_9' title="bbox 216 1318 1263 1414; baseline -0.001 -25"><span class='ocrx_word' id='word_1_65' title='bbox 216 1345 257 1390; x_wconf 89' lang='lat' dir='ltr'><strong>ex</strong></span> <span class='ocrx_word' id='word_1_66' title='bbox 268 1318 488 1394; x_wconf 89' lang='lat' dir='ltr'><strong>multitudine</strong></span> <span class='ocrx_word' id='word_1_67' title='bbox 500 1333 752 1413; x_wconf 81' lang='lat' dir='ltr'><strong>procurrentem</strong></span> <span class='ocrx_word' id='word_1_68' title='bbox 769 1321 932 1414; x_wconf 78' lang='lat' dir='ltr'><strong>transjicit</strong></span> <span class='ocrx_word' id='word_1_69' title='bbox 950 1346 957 1387; x_wconf 94' lang='lat'>:</span> <span class='ocrx_word' id='word_1_70' title='bbox 974 1345 1043 1412; x_wconf 85' lang='lat' dir='ltr'><strong>quo</strong></span> <span class='ocrx_word' id='word_1_71' title='bbox 1057 1344 1213 1414; x_wconf 85' lang='lat' dir='ltr'><strong>percusso</strong></span> <span class='ocrx_word' id='word_1_72' title='bbox 1229 1335 1263 1390; x_wconf 89' lang='lat' dir='ltr'><strong>et</strong></span> 
     </span>
     <span class='ocr_line' id='line_1_10' title="bbox 218 1438 1262 1540; baseline 0 -32"><span class='ocrx_word' id='word_1_73' title='bbox 218 1441 422 1527; x_wconf 85' lang='lat' dir='ltr'><strong>exanimato,</strong></span> <span class='ocrx_word' id='word_1_74' title='bbox 442 1440 531 1508; x_wconf 87' lang='lat' dir='ltr'><strong>hunc</strong></span> <span class='ocrx_word' id='word_1_75' title='bbox 550 1440 652 1508; x_wconf 84' lang='lat' dir='ltr'><strong>scutis</strong></span> <span class='ocrx_word' id='word_1_76' title='bbox 670 1454 851 1535; x_wconf 83' lang='lat' dir='ltr'><strong>protegunt</strong></span> <span class='ocrx_word' id='word_1_77' title='bbox 868 1440 997 1526; x_wconf 86' lang='lat' dir='ltr'><strong>hostes,</strong></span> <span class='ocrx_word' id='word_1_78' title='bbox 1017 1441 1053 1507; x_wconf 91' lang='lat' dir='ltr'><strong>in</strong></span> <span class='ocrx_word' id='word_1_79' title='bbox 1071 1438 1164 1508; x_wconf 90' lang='lat' dir='ltr'><strong>illum</strong></span> <span class='ocrx_word' id='word_1_80' title='bbox 1187 1442 1262 1540; x_wconf 90' lang='lat' dir='ltr'><strong>uni·</strong></span> 
     </span>
     <span class='ocr_line' id='line_1_11' title="bbox 218 1558 1263 1654; baseline 0.001 -26"><span class='ocrx_word' id='word_1_81' title='bbox 218 1561 304 1629; x_wconf 80' lang='lat' dir='ltr'><strong>versi</strong></span> <span class='ocrx_word' id='word_1_82' title='bbox 331 1558 396 1628; x_wconf 86' lang='lat' dir='ltr'><strong>tela</strong></span> <span class='ocrx_word' id='word_1_83' title='bbox 417 1561 615 1654; x_wconf 90' lang='lat' dir='ltr'><strong>conjiciunt,</strong></span> <span class='ocrx_word' id='word_1_84' title='bbox 640 1585 748 1653; x_wconf 89' lang='lat' dir='ltr'><strong>neque</strong></span> <span class='ocrx_word' id='word_1_85' title='bbox 775 1559 856 1628; x_wconf 78' lang='lat' dir='ltr'><strong>dant</strong></span> <span class='ocrx_word' id='word_1_86' title='bbox 886 1558 1095 1654; x_wconf 84' lang='lat' dir='ltr'><strong>regrediendi</strong></span> <span class='ocrx_word' id='word_1_87' title='bbox 1122 1560 1263 1633; x_wconf 84' lang='lat' dir='ltr'><strong>faculta-</strong></span> 
     </span>
     <span class='ocr_line' id='line_1_12' title="bbox 219 1677 1263 1775; baseline 0 -27"><span class='ocrx_word' id='word_1_88' title='bbox 219 1695 296 1749; x_wconf 86' lang='lat' dir='ltr'><strong>tem.</strong></span> <span class='ocrx_word' id='word_1_89' title='bbox 317 1681 540 1775; x_wconf 83' lang='lat' dir='ltr'><strong>Transfigitur</strong></span> <span class='ocrx_word' id='word_1_90' title='bbox 554 1693 684 1748; x_wconf 86' lang='lat' dir='ltr'><strong>scutum</strong></span> <span class='ocrx_word' id='word_1_91' title='bbox 699 1677 861 1765; x_wconf 88' lang='lat' dir='ltr'><strong>Pulfioni,</strong></span> <span class='ocrx_word' id='word_1_92' title='bbox 879 1694 912 1748; x_wconf 89' lang='lat' dir='ltr'><strong>et</strong></span> <span class='ocrx_word' id='word_1_93' title='bbox 922 1693 1081 1752; x_wconf 19' lang='lat' dir='ltr'><strong>,verutum</strong></span> <span class='ocrx_word' id='word_1_94' title='bbox 1100 1681 1135 1747; x_wconf 93' lang='lat' dir='ltr'><strong>in</strong></span> <span class='ocrx_word' id='word_1_95' title='bbox 1152 1677 1263 1748; x_wconf 80' lang='lat' dir='ltr'><strong>balteo</strong></span> 
     </span>
     <span class='ocr_line' id='line_1_13' title="bbox 220 1796 1264 1893; baseline 0.003 -25"><span class='ocrx_word' id='word_1_96' title='bbox 220 1797 384 1893; x_wconf 81' lang='lat' dir='ltr'><strong>deligitur.</strong></span> <span class='ocrx_word' id='word_1_97' title='bbox 411 1800 540 1867; x_wconf 82' lang='lat' dir='ltr'><strong>Avertit</strong></span> <span class='ocrx_word' id='word_1_98' title='bbox 565 1799 619 1876; x_wconf 89' lang='lat' dir='ltr'><strong>hic</strong></span> <span class='ocrx_word' id='word_1_99' title='bbox 645 1823 740 1868; x_wconf 87' lang='lat' dir='ltr'><strong>casus</strong></span> <span class='ocrx_word' id='word_1_100' title='bbox 764 1800 935 1892; x_wconf 83' lang='lat' dir='ltr'><strong>vaginam,</strong></span> <span class='ocrx_word' id='word_1_101' title='bbox 951 1813 996 1872; x_wconf 74' lang='lat' dir='ltr'><strong>,et</strong></span> <span class='ocrx_word' id='word_1_102' title='bbox 1014 1796 1163 1892; x_wconf 78' lang='lat' dir='ltr'><strong>gladium</strong></span> <span class='ocrx_word' id='word_1_103' title='bbox 1185 1799 1264 1871; x_wconf 88' lang='lat' dir='ltr'><strong>edu·</strong></span> 
     </span>
     <span class='ocr_line' id='line_1_14' title="bbox 221 1897 1265 2012; baseline 0.002 -26"><span class='ocrx_word' id='word_1_104' title='bbox 221 1943 295 1986; x_wconf 88' lang='lat' dir='ltr'><strong>cere</strong></span> <span class='ocrx_word' id='word_1_105' title='bbox 311 1918 447 1987; x_wconf 89' lang='lat' dir='ltr'><strong>conanti</strong></span> <span class='ocrx_word' id='word_1_106' title='bbox 463 1917 613 1987; x_wconf 84' lang='lat' dir='ltr'><strong>dextram</strong></span> <span class='ocrx_word' id='word_1_107' title='bbox 631 1933 780 1986; x_wconf 90' lang='lat' dir='ltr'><strong>moratur</strong></span> <span class='ocrx_word' id='word_1_108' title='bbox 798 1941 934 1986; x_wconf 90' lang='lat' dir='ltr'><strong>manum</strong></span> <span class='ocrx_word' id='word_1_109' title='bbox 951 1897 1175 2012; x_wconf 87' lang='lat' dir='ltr'><strong>:impeditum</strong></span> <span class='ocrx_word' id='word_1_110' title='bbox 1192 1918 1265 1995; x_wconf 86' lang='lat' dir='ltr'><strong>hos-</strong></span> 
     </span>
     <span class='ocr_line' id='line_1_15' title="bbox 222 2036 1331 2125; baseline 0 -19"><span class='ocrx_word' id='word_1_111' title='bbox 222 2054 269 2107; x_wconf 89' lang='lat' dir='ltr'><strong>tes</strong></span> <span class='ocrx_word' id='word_1_112' title='bbox 295 2039 552 2108; x_wconf 89' lang='lat' dir='ltr'><strong>circumsistunt.</strong></span> <span class='ocrx_word' id='word_1_113' title='bbox 582 2039 754 2106; x_wconf 88' lang='lat' dir='ltr'><strong>Succurrit</strong></span> <span class='ocrx_word' id='word_1_114' title='bbox 781 2039 934 2108; x_wconf 88' lang='lat' dir='ltr'><strong>inimieus</strong></span> <span class='ocrx_word' id='word_1_115' title='bbox 961 2036 1009 2106; x_wconf 90' lang='lat' dir='ltr'><strong>illi</strong></span> <span class='ocrx_word' id='word_1_116' title='bbox 1038 2040 1205 2125; x_wconf 87' lang='lat' dir='ltr'><strong>Varenus,</strong></span> <span class='ocrx_word' id='word_1_117' title='bbox 1231 2052 1264 2116; x_wconf 82' lang='lat' dir='ltr'><strong>et</strong></span> <span class='ocrx_word' id='word_1_118' title='bbox 1330 2051 1331 2054; x_wconf 76' lang='grc'>’</span> 
     </span>
     <span class='ocr_line' id='line_1_16' title="bbox 221 2156 1264 2229; baseline 0 -2"><span class='ocrx_word' id='word_1_119' title='bbox 221 2157 386 2228; x_wconf 85' lang='lat' dir='ltr'><strong>laboranti</strong></span> <span class='ocrx_word' id='word_1_120' title='bbox 413 2158 579 2227; x_wconf 87' lang='lat' dir='ltr'><strong>subvenit.</strong></span> <span class='ocrx_word' id='word_1_121' title='bbox 606 2156 659 2228; x_wconf 87' lang='lat' dir='ltr'><strong>Ad</strong></span> <span class='ocrx_word' id='word_1_122' title='bbox 689 2157 780 2226; x_wconf 91' lang='lat' dir='ltr'><strong>hunc</strong></span> <span class='ocrx_word' id='word_1_123' title='bbox 806 2183 840 2227; x_wconf 89' lang='lat' dir='ltr'><strong>se</strong></span> <span class='ocrx_word' id='word_1_124' title='bbox 856 2157 1042 2227; x_wconf 48' lang='lat' dir='ltr'><strong>¹confestim</strong></span> <span class='ocrx_word' id='word_1_125' title='bbox 1069 2178 1088 2225; x_wconf 86' lang='lat' dir='ltr'><strong>a</strong></span> <span class='ocrx_word' id='word_1_126' title='bbox 1111 2157 1264 2229; x_wconf 87' lang='lat' dir='ltr'><strong>Pullione</strong></span> 
     </span>
     <span class='ocr_line' id='line_1_17' title="bbox 222 2275 1264 2348; baseline 0 -2"><span class='ocrx_word' id='word_1_127' title='bbox 222 2279 330 2348; x_wconf 87' lang='lat' dir='ltr'><strong>omnis</strong></span> <span class='ocrx_word' id='word_1_128' title='bbox 359 2277 553 2348; x_wconf 90' lang='lat' dir='ltr'><strong>multitudo</strong></span> <span class='ocrx_word' id='word_1_129' title='bbox 569 2278 735 2346; x_wconf 85' lang='lat' dir='ltr'><strong>convertit</strong></span> <span class='ocrx_word' id='word_1_130' title='bbox 764 2303 772 2345; x_wconf 91' lang='lat'>:</span> <span class='ocrx_word' id='word_1_131' title='bbox 800 2275 895 2348; x_wconf 88' lang='lat' dir='ltr'><strong>illum</strong></span> <span class='ocrx_word' id='word_1_132' title='bbox 924 2292 1041 2347; x_wconf 88' lang='lat' dir='ltr'><strong>veruto</strong></span> <span class='ocrx_word' id='word_1_133' title='bbox 1067 2279 1264 2347; x_wconf 86' lang='lat' dir='ltr'><strong>transfixum</strong></span> 
     </span>
     <span class='ocr_line' id='line_1_18' title="bbox 223 2395 1265 2492; baseline 0.001 -26"><span class='ocrx_word' id='word_1_134' title='bbox 223 2398 438 2467; x_wconf 89' lang='lat' dir='ltr'><strong>arbitrantur.</strong></span> <span class='ocrx_word' id='word_1_135' title='bbox 476 2400 639 2466; x_wconf 86' lang='lat' dir='ltr'><strong>Occursat</strong></span> <span class='ocrx_word' id='word_1_136' title='bbox 668 2398 761 2466; x_wconf 88' lang='lat' dir='ltr'><strong>ocius</strong></span> <span class='ocrx_word' id='word_1_137' title='bbox 792 2395 921 2492; x_wconf 85' lang='lat' dir='ltr'><strong>gladio,</strong></span> <span class='ocrx_word' id='word_1_138' title='bbox 951 2399 1169 2492; x_wconf 88' lang='lat' dir='ltr'><strong>cominusque</strong></span> <span class='ocrx_word' id='word_1_139' title='bbox 1183 2424 1265 2468; x_wconf 86' lang='lat' dir='ltr'><strong>rem</strong></span> 
     </span>
     <span class='ocr_line' id='line_1_19' title="bbox 222 2515 1265 2612; baseline -0.001 -27"><span class='ocrx_word' id='word_1_140' title='bbox 222 2519 308 2612; x_wconf 81' lang='lat' dir='ltr'><strong>gerit</strong></span> <span class='ocrx_word' id='word_1_141' title='bbox 335 2520 504 2603; x_wconf 88' lang='lat' dir='ltr'><strong>Varenus,</strong></span> <span class='ocrx_word' id='word_1_142' title='bbox 529 2531 630 2610; x_wconf 89' lang='lat' dir='ltr'><strong>atque</strong></span> <span class='ocrx_word' id='word_1_143' title='bbox 655 2541 724 2585; x_wconf 90' lang='lat' dir='ltr'><strong>uno</strong></span> <span class='ocrx_word' id='word_1_144' title='bbox 750 2517 941 2604; x_wconf 87' lang='lat' dir='ltr'><strong>interfecto,</strong></span> <span class='ocrx_word' id='word_1_145' title='bbox 960 2516 1107 2610; x_wconf 89' lang='lat' dir='ltr'><strong>reliquos</strong></span> <span class='ocrx_word' id='word_1_146' title='bbox 1126 2515 1265 2611; x_wconf 88' lang='lat' dir='ltr'><strong>paulum</strong></span> 
     </span>
     <span class='ocr_line' id='line_1_20' title="bbox 223 2633 1267 2730; baseline 0 -26"><span class='ocrx_word' id='word_1_147' title='bbox 223 2633 406 2729; x_wconf 82' lang='lat' dir='ltr'><strong>propellit:</strong></span> <span class='ocrx_word' id='word_1_148' title='bbox 428 2635 509 2704; x_wconf 89' lang='lat' dir='ltr'><strong>dum</strong></span> <span class='ocrx_word' id='word_1_149' title='bbox 523 2635 684 2730; x_wconf 87' lang='lat' dir='ltr'><strong>cupidius</strong></span> <span class='ocrx_word' id='word_1_150' title='bbox 710 2637 826 2723; x_wconf 88' lang='lat' dir='ltr'><strong>instat,</strong></span> <span class='ocrx_word' id='word_1_151' title='bbox 847 2638 881 2704; x_wconf 92' lang='lat' dir='ltr'><strong>in</strong></span> <span class='ocrx_word' id='word_1_152' title='bbox 912 2634 1024 2706; x_wconf 90' lang='lat' dir='ltr'><strong>locum</strong></span> <span class='ocrx_word' id='word_1_153' title='bbox 1047 2637 1193 2729; x_wconf 88' lang='lat' dir='ltr'><strong>dejectus</strong></span> <span class='ocrx_word' id='word_1_154' title='bbox 1217 2638 1267 2704; x_wconf 91' lang='lat' dir='ltr'><strong>in·</strong></span> 
     </span>
     <span class='ocr_line' id='line_1_21' title="bbox 224 2753 1266 2831; baseline -0.001 -7"><span class='ocrx_word' id='word_1_155' title='bbox 224 2755 380 2824; x_wconf 80' lang='lat' dir='ltr'><strong>seriorem</strong></span> <span class='ocrx_word' id='word_1_156' title='bbox 399 2753 556 2822; x_wconf 91' lang='lat' dir='ltr'><strong>concidit.</strong></span> <span class='ocrx_word' id='word_1_157' title='bbox 579 2756 666 2823; x_wconf 88' lang='lat' dir='ltr'><strong>Huic</strong></span> <span class='ocrx_word' id='word_1_158' title='bbox 685 2780 800 2824; x_wconf 90' lang='lat' dir='ltr'><strong>rursus</strong></span> <span class='ocrx_word' id='word_1_159' title='bbox 820 2755 1047 2828; x_wconf 86' lang='lat' dir='ltr'><strong>circumvento</strong></span> <span class='ocrx_word' id='word_1_160' title='bbox 1073 2754 1137 2824; x_wconf 84' lang='lat' dir='ltr'><strong>fert</strong></span> <span class='ocrx_word' id='word_1_161' title='bbox 1159 2755 1266 2831; x_wconf 87' lang='lat' dir='ltr'><strong>subsi-</strong></span> 
     </span>
     <span class='ocr_line' id='line_1_22' title="bbox 224 2871 1267 2969; baseline 0.003 -27"><span class='ocrx_word' id='word_1_162' title='bbox 224 2874 317 2943; x_wconf 89' lang='lat' dir='ltr'><strong>dium</strong></span> <span class='ocrx_word' id='word_1_163' title='bbox 340 2871 464 2961; x_wconf 88' lang='lat' dir='ltr'><strong>Pullio,</strong></span> <span class='ocrx_word' id='word_1_164' title='bbox 490 2886 589 2967; x_wconf 88' lang='lat' dir='ltr'><strong>atque</strong></span> <span class='ocrx_word' id='word_1_165' title='bbox 612 2876 711 2943; x_wconf 89' lang='lat' dir='ltr'><strong>ambo</strong></span> <span class='ocrx_word' id='word_1_166' title='bbox 733 2872 935 2959; x_wconf 89' lang='lat' dir='ltr'><strong>incolumes,</strong></span> <span class='ocrx_word' id='word_1_167' title='bbox 960 2873 1186 2969; x_wconf 86' lang='lat' dir='ltr'><strong>compluribus</strong></span> <span class='ocrx_word' id='word_1_168' title='bbox 1215 2877 1267 2945; x_wconf 92' lang='lat' dir='ltr'><strong>in-</strong></span> 
     </span>
     <span class='ocr_line' id='line_1_23' title="bbox 225 2971 1267 3080; baseline 0.004 -18"><span class='ocrx_word' id='word_1_169' title='bbox 225 2993 384 3080; x_wconf 84' lang='lat' dir='ltr'><strong>terfectis,</strong></span> <span class='ocrx_word' id='word_1_170' title='bbox 406 3017 535 3062; x_wconf 87' lang='lat' dir='ltr'><strong>summa</strong></span> <span class='ocrx_word' id='word_1_171' title='bbox 554 3018 631 3062; x_wconf 91' lang='lat' dir='ltr'><strong>cum</strong></span> <span class='ocrx_word' id='word_1_172' title='bbox 650 2991 746 3062; x_wconf 89' lang='lat' dir='ltr'><strong>laude</strong></span> <span class='ocrx_word' id='word_1_173' title='bbox 764 3019 833 3064; x_wconf 84' lang='lat' dir='ltr'><strong>sese</strong></span> <span class='ocrx_word' id='word_1_174' title='bbox 853 2997 940 3062; x_wconf 89' lang='lat' dir='ltr'><strong>intra</strong></span> <span class='ocrx_word' id='word_1_175' title='bbox 960 2971 1161 3066; x_wconf 82' lang='lat' dir='ltr'><strong>munitiones</strong></span> <span class='ocrx_word' id='word_1_176' title='bbox 1182 2999 1267 3070; x_wconf 87' lang='lat' dir='ltr'><strong>reci-</strong></span> 
     </span>
     <span class='ocr_line' id='line_1_24' title="bbox 225 3113 1268 3212; baseline 0.006 -31"><span class='ocrx_word' id='word_1_177' title='bbox 225 3115 330 3206; x_wconf 87' lang='lat' dir='ltr'><strong>piunt.</strong></span> <span class='ocrx_word' id='word_1_178' title='bbox 346 3113 400 3182; x_wconf 89' lang='lat' dir='ltr'><strong>Sic</strong></span> <span class='ocrx_word' id='word_1_179' title='bbox 414 3113 547 3183; x_wconf 87' lang='lat' dir='ltr'><strong>fortuna</strong></span> <span class='ocrx_word' id='word_1_180' title='bbox 561 3115 596 3182; x_wconf 89' lang='lat' dir='ltr'><strong>in</strong></span> <span class='ocrx_word' id='word_1_181' title='bbox 614 3115 827 3184; x_wconf 90' lang='lat' dir='ltr'><strong>contentione</strong></span> <span class='ocrx_word' id='word_1_182' title='bbox 843 3130 877 3183; x_wconf 89' lang='lat' dir='ltr'><strong>et</strong></span> <span class='ocrx_word' id='word_1_183' title='bbox 891 3115 1072 3184; x_wconf 88' lang='lat' dir='ltr'><strong>certamine</strong></span> <span class='ocrx_word' id='word_1_184' title='bbox 1088 3131 1268 3212; x_wconf 89' lang='lat' dir='ltr'><strong>utrumque</strong></span> 
     </span>
    </p>
   </div>
   <div class='ocr_carea' id='block_1_3' title="bbox 224 3226 1271 4044">
    <p class='ocr_par' dir='ltr' id='par_1_3' title="bbox 224 3226 1271 4044">
     <span class='ocr_line' id='line_1_25' title="bbox 225 3226 1267 3329; baseline 0.006 -29"><span class='ocrx_word' id='word_1_185' title='bbox 225 3234 382 3321; x_wconf 88' lang='lat' dir='ltr'><strong>versavit,</strong></span> <span class='ocrx_word' id='word_1_186' title='bbox 394 3248 442 3306; x_wconf 86' lang='lat' dir='ltr'><strong>¹ut</strong></span> <span class='ocrx_word' id='word_1_187' title='bbox 456 3231 542 3302; x_wconf 87' lang='lat' dir='ltr'><strong>alter</strong></span> <span class='ocrx_word' id='word_1_188' title='bbox 561 3233 656 3302; x_wconf 86' lang='lat' dir='ltr'><strong>alteri</strong></span> <span class='ocrx_word' id='word_1_189' title='bbox 675 3234 829 3304; x_wconf 89' lang='lat' dir='ltr'><strong>inimicus</strong></span> <span class='ocrx_word' id='word_1_190' title='bbox 846 3234 970 3303; x_wconf 85' lang='lat' dir='ltr'><strong>auxilio</strong></span> <span class='ocrx_word' id='word_1_191' title='bbox 986 3226 1150 3329; x_wconf 89' lang='lat' dir='ltr'><strong>salutique</strong></span> <span class='ocrx_word' id='word_1_192' title='bbox 1167 3252 1267 3325; x_wconf 89' lang='lat' dir='ltr'><strong>esset,</strong></span> 
     </span>
     <span class='ocr_line' id='line_1_26' title="bbox 225 3353 1268 3448; baseline 0.002 -27"><span class='ocrx_word' id='word_1_193' title='bbox 225 3376 333 3446; x_wconf 87' lang='lat' dir='ltr'><strong>neque</strong></span> <span class='ocrx_word' id='word_1_194' title='bbox 355 3353 499 3447; x_wconf 86' lang='lat' dir='ltr'><strong>judicari</strong></span> <span class='ocrx_word' id='word_1_195' title='bbox 526 3367 655 3448; x_wconf 88' lang='lat' dir='ltr'><strong>posset,</strong></span> <span class='ocrx_word' id='word_1_196' title='bbox 684 3367 759 3424; x_wconf 91' lang='lat' dir='ltr'><strong>uter</strong></span> <span class='ocrx_word' id='word_1_197' title='bbox 789 3355 856 3422; x_wconf 92' lang='lat' dir='ltr'><strong>utri</strong></span> <span class='ocrx_word' id='word_1_198' title='bbox 884 3355 1268 3426; x_wconf 65' lang='lat' dir='ltr'><strong>virtute&#39;antelerendus</strong></span> 
     </span>
     <span class='ocr_line' id='line_1_27' title="bbox 224 3473 1238 3550; baseline 0.009 -9"><span class='ocrx_word' id='word_1_199' title='bbox 224 3473 405 3543; x_wconf 86' lang='lat' dir='ltr'><strong>videretur.</strong></span> <span class='ocrx_word' id='word_1_200' title='bbox 1236 3543 1238 3550; x_wconf 93' lang='lat'><strong>.</strong></span> 
     </span>
     <span class='ocr_line' id='line_1_28' title="bbox 273 3591 1269 3688; baseline 0 -26"><span class='ocrx_word' id='word_1_201' title='bbox 273 3595 378 3662; x_wconf 86' lang='lat' dir='ltr'><strong>XLV.</strong></span> <span class='ocrx_word' id='word_1_202' title='bbox 395 3595 534 3682; x_wconf 85' lang='lat' dir='ltr'><strong>Quanto</strong></span> <span class='ocrx_word' id='word_1_203' title='bbox 548 3607 620 3662; x_wconf 89' lang='lat' dir='ltr'><strong>erat</strong></span> <span class='ocrx_word' id='word_1_204' title='bbox 634 3593 670 3663; x_wconf 88' lang='lat' dir='ltr'><strong>in</strong></span> <span class='ocrx_word' id='word_1_205' title='bbox 690 3591 759 3662; x_wconf 89' lang='lat' dir='ltr'><strong>dies</strong></span> <span class='ocrx_word' id='word_1_206' title='bbox 778 3595 911 3687; x_wconf 77' lang='lat' dir='ltr'><strong>grauior</strong></span> <span class='ocrx_word' id='word_1_207' title='bbox 926 3607 1025 3688; x_wconf 90' lang='lat' dir='ltr'><strong>atque</strong></span> <span class='ocrx_word' id='word_1_208' title='bbox 1042 3595 1189 3686; x_wconf 86' lang='lat' dir='ltr'><strong>asperior</strong></span> <span class='ocrx_word' id='word_1_209' title='bbox 1208 3618 1269 3686; x_wconf 93' lang='lat' dir='ltr'><strong>op·</strong></span> 
     </span>
     <span class='ocr_line' id='line_1_29' title="bbox 227 3709 1270 3808; baseline -0.002 -26"><span class='ocrx_word' id='word_1_210' title='bbox 227 3713 403 3808; x_wconf 82' lang='lat' dir='ltr'><strong>pugnatio,</strong></span> <span class='ocrx_word' id='word_1_211' title='bbox 423 3728 457 3782; x_wconf 87' lang='lat' dir='ltr'><strong>et</strong></span> <span class='ocrx_word' id='word_1_212' title='bbox 483 3713 626 3782; x_wconf 87' lang='lat' dir='ltr'><strong>maxime</strong></span> <span class='ocrx_word' id='word_1_213' title='bbox 644 3709 749 3805; x_wconf 84' lang='lat' dir='ltr'><strong>qnod,</strong></span> <span class='ocrx_word' id='word_1_214' title='bbox 774 3737 893 3807; x_wconf 84' lang='lat' dir='ltr'><strong>magna</strong></span> <span class='ocrx_word' id='word_1_215' title='bbox 910 3727 1004 3806; x_wconf 92' lang='lat' dir='ltr'><strong>parte</strong></span> <span class='ocrx_word' id='word_1_216' title='bbox 1027 3710 1172 3780; x_wconf 90' lang='lat' dir='ltr'><strong>militum</strong></span> <span class='ocrx_word' id='word_1_217' title='bbox 1191 3736 1270 3781; x_wconf 88' lang='lat' dir='ltr'><strong>con-</strong></span> 
     </span>
     <span class='ocr_line' id='line_1_30' title="bbox 227 3829 1269 3926; baseline -0.002 -24"><span class='ocrx_word' id='word_1_218' title='bbox 227 3833 311 3902; x_wconf 83' lang='lat' dir='ltr'><strong>lecta</strong></span> <span class='ocrx_word' id='word_1_219' title='bbox 328 3831 537 3920; x_wconf 84' lang='lat' dir='ltr'><strong>vulneribus,</strong></span> <span class='ocrx_word' id='word_1_220' title='bbox 561 3855 614 3900; x_wconf 87' lang='lat' dir='ltr'><strong>res</strong></span> <span class='ocrx_word' id='word_1_221' title='bbox 633 3831 675 3900; x_wconf 91' lang='lat' dir='ltr'><strong>ad</strong></span> <span class='ocrx_word' id='word_1_222' title='bbox 697 3833 898 3925; x_wconf 86' lang='lat' dir='ltr'><strong>paucitatem</strong></span> <span class='ocrx_word' id='word_1_223' title='bbox 920 3829 1129 3901; x_wconf 88' lang='lat' dir='ltr'><strong>defensorum</strong></span> <span class='ocrx_word' id='word_1_224' title='bbox 1152 3855 1269 3926; x_wconf 87' lang='lat' dir='ltr'><strong>perve-</strong></span> 
     </span>
     <span class='ocr_line' id='line_1_31' title="bbox 229 3950 1271 4044; baseline -0.002 -22"><span class='ocrx_word' id='word_1_225' title='bbox 229 3968 342 4038; x_wconf 89' lang='lat' dir='ltr'><strong>nerat,</strong></span> <span class='ocrx_word' id='word_1_226' title='bbox 369 3967 462 4022; x_wconf 87' lang='lat' dir='ltr'><strong>tanto</strong></span> <span class='ocrx_word' id='word_1_227' title='bbox 487 3952 669 4022; x_wconf 85' lang='lat' dir='ltr'><strong>crebriores</strong></span> <span class='ocrx_word' id='word_1_228' title='bbox 700 3950 817 4020; x_wconf 78' lang='lat' dir='ltr'><strong>litterae</strong></span> <span class='ocrx_word' id='word_1_229' title='bbox 846 3953 1022 4044; x_wconf 87' lang='lat' dir='ltr'><strong>nuntiique</strong></span> <span class='ocrx_word' id='word_1_230' title='bbox 1046 3951 1090 4020; x_wconf 91' lang='lat' dir='ltr'><strong>ad</strong></span> <span class='ocrx_word' id='word_1_231' title='bbox 1108 3954 1271 4024; x_wconf 72' lang='lat' dir='ltr'><strong>Cesaram</strong></span> 
     </span>
    </p>
   </div>
   <div class='ocr_carea' id='block_1_4' title="bbox 0 0 1566 4766">
    <p class='ocr_par' dir='ltr' id='par_1_4' title="bbox 0 0 1566 4766">
     <span class='ocr_line' id='line_1_32' title="bbox 0 0 1566 4766; baseline 0 0"><span class='ocrx_word' id='word_1_232' title='bbox 0 0 1566 4766; x_wconf 95' lang='lat' dir='ltr'><strong> </strong></span> 
     </span>
    </p>
   </div>
  </div>
 </body>
</html>
