3038 4766
489 364 539 421 nn
560 363 681 422 senno
702 364 818 422 cumr
837 364 906 420 mn.
924 365 962 418 11.
1202 385 1239 442 79

261 491 399 559 XXXV.
417 488 493 577 Qua
509 491 544 558 in
561 487 639 584 friga
655 488 774 558 Fabius
791 488 947 584 Pelignus
962 487 1115 582 quidam,
1131 515 1169 560 ex
1188 493 1239 562 in·

214 609 299 678 limis
313 608 485 678 ordinibus
497 607 538 677 de
549 599 693 677 enercitu
711 609 881 697 Curionis,
898 609 1041 701 primum
1055 631 1171 703 agmen
1186 611 1239 681 lu·

213 728 373 823 gientinm
387 741 593 816 consecutus,
615 751 733 823 magna
750 753 831 798 voce
842 732 969 799 Varum
979 729 1111 798 nomine
1125 728 1238 824 appel·

213 846 284 918 lans
302 847 504 941 requirebat,
521 848 570 916 nti
588 871 673 917 unus
693 871 762 917 esse
778 871 820 917 ex
837 848 907 942 ejus
925 846 1100 936 militibus,
1116 862 1151 917 et
1168 872 1241 918 mo-

214 989 291 1034 nere
309 964 434 1060 aliquid
457 964 596 1037 vellete
614 965 722 1036 dicere
744 967 921 1038 rideretur.
940 969 1008 1038 Ubi
1029 966 1101 1057 ille,
1123 970 1240 1061 sepius

212 1084 415 1180 appelluurs,
435 1089 560 1180 aspexit
576 1111 615 1156 ac
634 1087 768 1175 restitit,
784 1100 837 1176 et,
855 1088 929 1180 quis
950 1101 1054 1176 esset,
1076 1101 1134 1157 aut
1158 1087 1238 1181 quid

212 1203 328 1289 vellet,
345 1205 493 1298 quasivit
503 1258 513 1292 ,
523 1205 699 1275 humerum
716 1221 866 1300 apertum
879 1205 988 1301 gladio
1002 1209 1145 1301 appetit,
1160 1227 1240 1301 puu-

212 1321 347 1417 lumque
363 1323 487 1412 obluit,
504 1326 584 1418 quin
606 1329 736 1396 Vtrum
759 1325 958 1395 interficeret
975 1351 984 1394 ε
1005 1326 1095 1420 quod
1113 1325 1169 1396 illc
1184 1349 1241 1420 po-

213 1442 369 1533 riculum,
382 1444 510 1514 sublato
528 1445 571 1514 ad
583 1446 652 1539 ejus
667 1459 821 1515 conatum
836 1441 947 1533 scirto,
959 1446 1084 1516 vitavit.
1099 1447 1240 1534 Fabius,

212 1589 231 1633 s
247 1565 404 1658 proximis
425 1564 582 1634 militibus
600 1563 867 1653 circumventus,
879 1563 1082 1646 interficitur.
1102 1571 1172 1636 Hac
1189 1566 1242 1636 ln-

214 1685 373 1779 gicntium
400 1683 612 1754 multitudine
642 1708 681 1752 ac
701 1683 799 1752 turbs
823 1698 926 1778 portu
944 1698 1127 1753 castrorum
1147 1707 1244 1754 occu-

214 1819 350 1898 pontur,
368 1819 466 1897 atque
482 1805 544 1873 iter
562 1803 755 1898 impeditum
775 1800 949 1897 pluriesque
965 1803 1000 1870 in
1015 1825 1055 1870 eo
1073 1800 1147 1871 loco
1170 1805 1242 1874 sino

213 1922 370 2011 vulnere,
392 1947 494 2017 quum
522 1924 557 1991 in
582 1920 697 2017 proelio
717 1937 776 1991 aut
802 1921 897 2016 fuga,
923 1922 1090 1991 intereunt
1108 1947 1117 1990 ε
1134 1946 1242 2016 neque

213 2041 353 2113 multum
367 2042 488 2128 abluit,
506 2043 698 2136 quinetiam
712 2043 826 2112 castris
840 2039 1099 2135 expellerentnr3
1113 2065 1151 2110 uc
1164 2065 1243 2112 oon-

213 2161 296 2231 nulli
315 2163 467 2256 protinus
487 2161 601 2232 eodem
622 2185 720 2233 cursu
745 2163 780 2231 in
807 2162 967 2257 oppidum
990 2161 1240 2232 contenderunt.

212 2280 276 2350 Sed
291 2305 395 2375 quum
409 2280 472 2352 loci
489 2296 609 2352 nature
619 2295 652 2350 et
663 2283 803 2352 munitio
817 2295 1001 2351 castrorum
1019 2281 1146 2350 editum
1164 2306 1242 2375 pro·

214 2400 364 2491 bibebat,
377 2415 464 2490 tum,
478 2401 569 2496 quod
586 2401 628 2470 ad
643 2401 794 2495 proelium
811 2403 931 2496 egressi
947 2403 1104 2471 Curionis
1120 2399 1242 2471 milites
1356 2499 1359 2504 ἱ

213 2520 254 2590 iis
265 2521 363 2590 rebus
384 2521 589 2616 indigebant,
608 2545 681 2615 quae
696 2519 739 2590 nd
758 2522 1038 2615 oppugnationem
1057 2536 1239 2592 castrorum

213 2641 400 2711 erentusui.
413 2643 531 2733 ltaque
541 2640 645 2710 Curio
661 2641 840 2708 exercitum
855 2639 889 2706 in
900 2653 1006 2708 castre
1018 2640 1163 2727 reducit,
1174 2643 1240 2709 suis

214 2761 368 2828 omnibus
384 2772 502 2853 preter
514 2758 652 2828 Fabium
668 2756 904 2845 incolumibus,
918 2781 959 2826 cx
973 2781 1111 2827 numero
1127 2758 1242 2828 adver-

214 2857 376 2948 sariorum
390 2878 519 2946 circiter
526 2900 572 2947 nc
585 2876 781 2966 interfectis,
794 2900 834 2946 uc
852 2875 941 2947 mille
960 2875 1139 2946 vulneratis
1157 2903 1166 2947 ε
1185 2881 1241 2972 qui

214 3019 348 3083 omnes,
365 2997 507 3066 discessu
515 2997 687 3086 Curionis,
705 2996 865 3090 multique
881 3011 1058 3093 praeteres,
1075 3020 1135 3091 per
1146 2998 1243 3067 simn-

215 3112 369 3184 lationem
394 3111 586 3204 vulnerum,
615 3139 656 3186 ex
679 3118 793 3186 cestris
811 3117 847 3185 in
864 3115 1023 3210 oppidum
1048 3131 1185 3212 propter
1202 3119 1242 3187 ti·

216 3255 341 3302 morem
362 3257 431 3304 sese
458 3235 629 3330 recipiunt.
648 3237 777 3325 Quare
794 3235 1041 3327 animadversa,
1059 3241 1191 3326 Varus,
1209 3253 1243 3308 et

216 3367 341 3424 terrore
352 3355 514 3425 exercitus
531 3357 683 3452 cognito,
699 3355 912 3424 buccinatores
927 3357 960 3424 in
978 3358 1094 3426 cestris
1110 3373 1144 3427 et
1161 3379 1243 3453 puu-

215 3471 261 3544 cis
277 3473 317 3544 ud
336 3476 475 3568 speciem
494 3473 712 3544 tabernuculis
731 3456 870 3560 relictis,
891 3473 1045 3545 detortis
1065 3475 1178 3572 vigilie
1198 3479 1240 3546 si·
1331 3459 1333 3464 f

217 3593 316 3663 lentio
340 3597 516 3666 exercitum
537 3596 570 3662 in
589 3590 747 3688 oppidum
771 3593 909 3665 reducit.

263 3714 563 3784 XXXVI.Postero
576 3713 630 3783 die
640 3765 649 3803 ,
661 3713 765 3784 Curio
782 3715 913 3784 Uticam
924 3713 1090 3798 obsidere,
1105 3728 1140 3781 et
1155 3711 1241 3783 rollo

216 3831 469 3904 circummunire
489 3834 640 3904 instituit.
663 3838 743 3906 Errt
759 3836 794 3904 in
815 3832 937 3929 oppido
956 3831 1133 3903 multitudo
1159 3835 1242 3902 inso-

217 3947 288 4020 lens
308 3951 399 4039 belli,
419 3951 634 4026 diuturnitate
660 3957 734 4042 otii3
757 3955 928 4024 Uticenses
955 3978 1017 4047 pro
1044 3951 1240 4046 quibusdum
