3096 4762
457 395 509 451 DE
530 397 652 453 BELLO
674 395 836 452 GfflleO
859 397 927 452 ΜΒ.
946 397 967 450 1.
1203 413 1237 470 ¹9

193 519 418 590 Helvetiorum
441 520 523 589 fines
540 523 738 606 transirent,
760 535 795 587 et
814 521 948 589 finitimi
966 517 1082 589 Galliae
1103 524 1238 614 provin·

142 719 146 725 Ι
191 641 247 709 ciac
271 639 575 733 Allobrogibusque
599 654 719 709 essent.
746 641 865 728 Boios,
896 639 1086 732 petentibus
1108 641 1237 728 AEduis,

191 760 281 854 quod
309 747 441 854 egregia
469 760 593 828 virtute
616 775 712 828 eraut
737 759 884 854 cogniti,
906 775 944 827 ut
970 763 1003 827 in
1025 760 1238 830 finibussuis

193 877 409 968 collocarent,
425 881 612 948 concessit:
627 880 750 972 quibus
768 877 816 946 illi
834 901 932 972 agros
947 876 1130 961 dederunt,
1145 906 1239 973 quos-
1308 885 1311 892 ⁴

193 1023 257 1094 que
283 1014 397 1094 postea
424 1000 458 1067 in
489 999 605 1094 parem
632 1001 716 1093 juris
750 996 980 1092 libertatisque
1012 1000 1238 1070 conditionem

193 1133 290 1212 atque
306 1120 368 1213 ipsi
383 1135 498 1204 erant,
517 1135 723 1213 receperunt.

241 1241 367 1308 XXIX.
385 1243 423 1307 In
439 1240 554 1308 castris
566 1237 796 1308 Helvetiorum
814 1237 934 1307 tabulae
947 1254 1084 1332 repertos
1097 1255 1175 1308 suist
1186 1239 1239 1308 lit-

193 1361 271 1427 toris
287 1360 401 1453 graecis
423 1359 598 1446 confectae,
617 1375 651 1427 et
672 1358 714 1426 ad
730 1361 893 1427 Coesarem
910 1357 1035 1445 relatae3
1058 1361 1178 1453 quibus
1204 1362 1238 1428 in

190 1477 312 1548 tabulis
345 1481 544 1547 nominatim
576 1480 661 1548 ratio
694 1479 844 1548 confecta
874 1493 960 1566 erat,
990 1481 1047 1572 qui
1079 1505 1239 1548 numerus

190 1599 291 1668 domo
312 1600 432 1668 exisset
455 1621 588 1685 eornm,
617 1602 675 1694 qui
701 1623 793 1667 arma
817 1597 902 1666 ferre
926 1613 1080 1692 possent3
1100 1614 1134 1667 et
1159 1601 1239 1668 item

189 1719 369 1812 separatim
395 1720 505 1812 pueri,
525 1743 636 1806 senes,
662 1716 896 1810 mulieresque.
916 1719 1071 1806 Quarum
1088 1722 1239 1786 omnium

189 1863 304 1908 rerum
318 1861 447 1906 summa
463 1852 550 1921 erat,
564 1838 713 1931 capitum
726 1836 956 1906 Helvetiorum
969 1837 1072 1907 millia
1089 1861 1239 1924 ccnxur,

188 1957 413 2053 Tulingorum
443 1955 547 2025 millia
573 1981 693 2041 xxxvi,
723 1959 980 2052 Latobrigorum
1000 1983 1083 2044 xiv,
1113 1963 1240 2028 Raura-

78 2075 88 2084 “
188 2103 307 2147 corum
333 2101 439 2164 xxm,
466 2078 629 2145 Boiorum
656 2099 752 2146 xxxu
776 2103 784 2145 τ
808 2102 847 2145 ex
874 2079 926 2146 his
942 2081 1010 2172 qui
1035 2103 1127 2148 arma
1152 2079 1239 2148 serre

189 2213 342 2290 possent,
360 2197 401 2266 ad
418 2190 522 2266 millia
537 2222 619 2268 xcu.
634 2199 770 2265 Summa
787 2199 937 2266 omnium
954 2197 1090 2266 fuerunt
1104 2198 1147 2266 ad
1163 2199 1238 2268 mil·

99 2373 101 2376 .
188 2318 235 2386 lin
252 2341 436 2389 ccccxvm.
454 2323 596 2404 Eorum,
618 2319 675 2411 qui
695 2317 831 2386 domum
847 2318 1038 2402 redierunt,
1059 2343 1157 2387 censu
1180 2321 1239 2387 ha·

187 2439 282 2524 bito,
304 2453 343 2508 ut
366 2443 474 2508 Coesnr
491 2440 728 2532 imperaverat,
747 2452 898 2531 repertus
919 2454 967 2506 est
986 2463 1146 2508 numerus
1164 2440 1237 2509 mil-

188 2557 274 2627 lium
295 2575 410 2629 cetx.

241 2680 349 2744 XXX.
374 2677 468 2746 Bello
486 2677 715 2747 Helvetiorum
732 2676 896 2763 confecto,
916 2679 1017 2746 totius
1034 2678 1101 2746 fere
1118 2676 1236 2752 Galliae

190 2797 313 2890 legati,
343 2797 509 2890 principes
539 2798 731 2884 civitatum,
764 2797 805 2864 ad
838 2799 999 2864 Caesarem
1031 2795 1234 2891 gratulatum

188 2931 423 2987 convenerunt
443 2942 451 2984 ε
471 2914 693 3011 «Intelligere
714 2941 798 3004 sese,
819 2917 967 3002 tametsi,
989 2941 1051 3010 pro
1070 2919 1235 2988 veteribus

189 3035 422 3107 Helvetiorum
441 3037 572 3130 injuriis
592 3035 705 3130 populi
727 3037 877 3123 romani,
895 3036 937 3104 ab
954 3037 994 3104 iis
1012 3062 1125 3131 poenas
1146 3037 1234 3108 bello
1298 3121 1301 3132 ¹

189 3159 380 3251 repetisset,
399 3171 509 3226 tamen
525 3179 598 3225 eam
614 3179 686 3224 rem
703 3179 769 3223 nou
786 3157 896 3224 miuus
912 3179 953 3224 ex
965 3180 1027 3224 usu
1044 3171 1139 3225 terrae
1154 3161 1234 3227 Gal-

190 3277 260 3363 liae,
279 3302 380 3370 quam
402 3276 515 3371 populi
540 3277 669 3344 romani
693 3273 864 3360 accidisse3
885 3289 1061 3369 propterea
1083 3277 1172 3370 quod
1193 3303 1242 3364 eo,

188 3397 346 3480 consilio,
365 3397 607 3466 florentissimis
624 3395 741 3481 rebus,
758 3395 874 3464 domos
895 3420 971 3464 sues
989 3395 1131 3466 Helvetii
1156 3395 1233 3465 reli·

188 3521 359 3614 quissent,
386 3532 423 3584 ut
448 3518 510 3584 toti
526 3513 643 3584 Galliae
670 3513 794 3582 bellum
821 3514 1003 3600 inferrent,
1027 3517 1233 3610 imperioque

188 3640 395 3733 potirentur,
415 3635 591 3728 locumque
607 3633 776 3702 domicilio
796 3658 836 3702 ex
858 3659 977 3728 magna
993 3637 1087 3728 copia
1109 3635 1231 3730 delige·

190 3775 282 3846 rent,
297 3783 398 3852 quem
414 3782 452 3826 ex
467 3756 559 3825 omni
573 3752 684 3823 Gallia
697 3757 1016 3849 opportunissimum
1034 3778 1071 3822 ac
1088 3754 1233 3825 fructuo-

189 3880 354 3976 sissimum
369 3877 591 3971 judicassent,
607 3874 818 3969 reliquasque
834 3875 982 3943 civitates
1000 3875 1231 3968 stipendiarias

189 4001 360 4068 haberent.
380 3999 567 4082 Petierunt,
588 3998 638 4064 uti
655 3995 718 4064 sibi
738 3990 915 4065 concilium
936 3995 1038 4062 totius
1054 3993 1172 4063 Galliae
1196 3997 1228 4063 in

1058 4125 1088 4164 2.
