3050 4772
268 351 321 417 ιω
423 353 453 406 c
477 349 573 405 sunu
596 347 760 405 cnsxats
779 341 1146 402 communitorum
1173 307 1175 313 ’

263 476 340 547 liam
361 478 394 542 in
416 475 538 544 finibus
557 477 785 544 warnorum
805 470 917 540 audita
938 484 1033 557 sunt,
1053 472 1144 566 quod
1163 473 1304 566 spatium

262 609 312 662 est
332 593 474 662 millium
492 594 624 662 circiter
639 617 714 662 cnx.
993 577 995 582 ’

310 717 368 783 IV.
395 712 502 784 Simili
531 714 660 782 ratione
685 712 731 779 ibi
758 712 1026 804 Vercingetorix,
1055 711 1178 780 Celtilli
1199 710 1303 798 filius,

254 839 449 922 'Arvernus,
466 857 602 902 summae
617 833 775 927 potentiae
786 827 975 898 adolescens
987 829 1097 924 (cujus
1110 844 1204 924 pater
1219 833 1305 925 prin-

260 955 408 1048 cipatum
437 952 554 1023 Galliae
579 953 681 1020 totius
703 951 911 1036 obtinuerat,
933 963 966 1018 et
986 951 1029 1018 ob
1058 935 1131 1019 eam
1156 975 1303 1038 causam,

260 1073 350 1166 quod
379 1097 520 1167 regnum
545 1071 736 1166 appetebat,
761 1072 803 1140 ab
827 1073 961 1139 civitate
981 1086 1052 1139 erat
1077 1071 1302 1163 interfectus),

262 1193 451 1260 convocatis
475 1193 541 1260 suis
566 1189 756 1277 clientibus,
781 1189 877 1260 facile
901 1215 956 1266 eos
979 1189 1136 1257 incendit.
1159 1192 1304 1284 Cognito

260 1312 330 1403 ejus
344 1309 497 1398 consilio,
511 1309 552 1377 ad
570 1334 661 1378 arma
677 1311 888 1379 concurritur
906 1335 913 1376 :
931 1309 972 1377 ab
989 1301 1228 1393 Gobanitione,
1244 1334 1301 1402 pa-

262 1443 338 1497 truo
357 1453 432 1516 suo,
456 1428 656 1522 reliquisque
677 1427 897 1524 principibus,
920 1430 977 1521 qui
1001 1429 1087 1496 hanc
1110 1427 1301 1496 tentandam
1379 1501 1385 1522 ς

260 1549 430 1618 fortunam
447 1573 515 1616 non
530 1548 776 1632 existimabant,
792 1545 968 1641 expellitur
986 1573 1026 1615 ex
1038 1545 1162 1641 oppido
1176 1551 1302 1642 Gergo-
1380 1527 1384 1532 ¹

260 1668 313 1734 via
335 1694 342 1736 :
367 1693 435 1736 non
457 1667 582 1735 destitit
599 1682 724 1754 tamen,
742 1681 842 1760 atque
859 1668 893 1736 in
915 1668 1001 1760 agris
1022 1667 1122 1736 habet
1143 1665 1304 1735 dilectum

259 1789 427 1881 egentium
444 1812 483 1856 ac
503 1786 718 1879 perditorum.
733 1789 804 1854 Hac
825 1800 937 1854 coacta
955 1781 1069 1873 manu,
1086 1810 1300 1880 quoscunque

260 1907 329 1975 adit
344 1932 384 1975 ex
402 1901 605 1992 civitate,'ad
620 1930 710 1975 suam
730 1907 927 1974 sententiam
942 1906 1095 1999 perducit
1110 1927 1119 1974 ε
1136 1906 1299 1992 hortatur,

259 2041 298 2093 ut
322 2028 507 2094 communis
527 2024 689 2093 libertatis
709 2049 807 2093 causa
828 2049 920 2094 arma
939 2021 1086 2118 capiant,
1107 2016 1299 2119 magnisque

259 2145 380 2214 coactis
407 2146 527 2237 copiis,
554 2143 758 2212 adversarios
785 2169 876 2230 suos,
903 2169 921 2211 a
951 2144 1071 2236 quibus
1099 2144 1199 2238 paulo
1223 2160 1299 2214 ante

256 2279 330 2332 erat
344 2267 482 2357 ejectus,
498 2262 632 2359 expellit
648 2289 688 2331 ex
706 2265 847 2332 civitate.
865 2267 935 2332 Rex
951 2265 992 2331 ab
1007 2265 1074 2332 suis
1089 2264 1297 2359 appellatur:

257 2381 395 2452 dimittit
415 2407 664 2476 quoquoversus
683 2381 879 2477 legationes;
899 2383 1101 2482 obtestatur,
1123 2399 1159 2451 ut
1179 2386 1213 2452 in
1234 2383 1298 2453 lide

257 2518 421 2574 maneant.
441 2501 601 2572 Celeriter
620 2503 682 2571 sibi
699 2500 859 2588 Senones,
874 2502 1033 2591 Parisios,
1049 2495 1217 2590 Pictones,
1234 2508 1298 2574 Ca·

256 2622 392 2709 durcos,
422 2627 593 2710 Turones,
627 2622 804 2711 Aulercos,
832 2625 1045 2710 Lemovices,
1070 2622 1195 2713 Andes,
1223 2623 1298 2694 reli·

256 2767 406 2836 quosque
423 2767 553 2828 omnes,
570 2743 628 2835 qui
645 2745 817 2812 Oceanum
835 2745 1019 2838 attingunt,
1034 2745 1186 2839 adjungit
1201 2769 1209 2812 τ
1224 2770 1297 2813 om·

257 2865 348 2930 nium
370 2887 530 2933 consensu
552 2862 688 2930 adeum
709 2862 856 2931 defertur
879 2857 1066 2959 imperium.
1088 2867 1165 2955 Qua
1186 2865 1294 2936 oblata

256 2995 432 3071 potestate,
453 2983 607 3051 omnibus
625 2982 676 3049 his
696 2985 884 3052 civitatibus
901 2985 1033 3055 obsides
1053 2989 1207 3079 imperat,
1224 3010 1295 3053 cer-

257 3111 326 3164 tum
345 3123 520 3170 numerum
539 3100 683 3170 militum
700 3101 789 3170 adse
806 3101 956 3171 celeriter
975 3103 1095 3172 adduci
1111 3107 1224 3197 jubet3
1243 3131 1295 3174 ar-

255 3242 385 3286 morum
409 3237 569 3313 quantum
597 3245 736 3315 quaeque
763 3224 877 3291 civitas
901 3223 1006 3308 domi,
1035 3223 1191 3316 quodque
1217 3240 1295 3292 aute

255 3353 385 3431 tempus
422 3338 563 3423 efficiat,
592 3343 774 3410 constituit.
810 3347 849 3412 ln
879 3341 994 3435 primis
1026 3342 1187 3434 equitatui
1223 3356 1292 3409 stu-

253 3457 320 3526 det.
346 3461 491 3528 Summae
517 3456 695 3553 diligentiae
728 3485 892 3531 summam
924 3463 1054 3556 imperii
1082 3463 1290 3530 severitatem

252 3577 345 3647 addit
367 3606 374 3646 :
394 3579 623 3674 magnitudine
651 3580 804 3675 supplicii
835 3581 1024 3651 dubitantes
1052 3584 1162 3676 cogit;
1189 3605 1290 3670 nam,

252 3699 377 3791 majore
399 3700 573 3768 commisso
597 3698 736 3788 delicto,
759 3701 828 3795 igni
849 3715 949 3795 atque
972 3703 1126 3771 omnibus
1149 3717 1292 3770 tormen·

255 3819 296 3886 tis
317 3833 429 3903 necat;
450 3817 573 3888 leviore
598 3819 639 3888 de
659 3845 773 3904 causa,
797 3819 932 3889 auribus
959 3820 1112 3906 desectiS,
1139 3838 1198 3891 aut
1221 3823 1290 3891 sin-

257 3935 338 4028 gulis
361 3937 485 4036 effossis
511 3939 635 4030 oculiS,
664 3939 798 4022 domum
828 3943 980 4031 remittit,
1001 3955 1039 4009 ut
1063 3944 1129 4010 sint
1154 3941 1287 4037 reliquis
