3048 4770
270 359 304 426 34
426 360 456 414 C.
478 360 574 416 JULII
595 361 757 418 CAESARIS
778 361 1145 419 comnmuTaulouUm

316 484 452 553 XLVII.
479 483 586 566 Biduo
610 500 685 578 post
711 486 896 556 Ariovistus
925 487 967 555 ad
989 491 1152 558 Caesarem
1180 489 1305 584 legatos

270 605 390 688 uiittit,
408 600 492 671 velle
511 627 545 672 se
565 602 606 673 de
627 603 679 674 his
699 605 812 693 rebus,
830 630 904 699 quae
923 609 1083 676 intereos
1105 610 1158 702 agi
1177 623 1305 701 coepue,

269 747 376 817 neque
392 723 544 817 perfectae
556 738 678 810 essent,
690 748 787 818 agere
799 751 876 793 cum
892 751 948 812 co,
966 729 1015 794 uti
1030 741 1087 795 aut
1102 728 1222 795 iterum
1239 725 1307 796 col-

268 842 383 938 loquio
393 843 481 912 diem
499 844 726 930 constitueret,
745 859 819 932 aut,
835 847 863 914 si
879 846 912 915 id
928 847 1037 915 miuus
1053 845 1167 934 vellet,
1184 873 1223 915 ex
1241 849 1307 916 suis

270 964 386 1060 legatis
399 963 544 1057 aliquem
558 963 600 1031 ad
616 988 651 1032 se
666 965 823 1034 mitteret.
841 963 1062 1058 Colloquendi
1075 968 1195 1035 Casani
1210 991 1309 1034 causa

270 1086 339 1154 visa
352 1109 421 1153 non
434 1098 501 1171 est,
514 1098 547 1152 et
563 1107 603 1151 eo
618 1085 737 1178 magis,
752 1084 843 1177 quod
860 1084 966 1178 pridie
979 1085 1049 1178 ejus
1065 1083 1130 1152 diei
1147 1086 1308 1154 Germani

270 1204 405 1274 retineri
419 1228 486 1272 non
504 1218 697 1297 potuerant,
713 1205 794 1296 quin
813 1206 848 1272 in
865 1218 995 1272 nostros
1012 1201 1078 1271 tela
1094 1204 1306 1296 conjicerent.

270 1327 434 1417 Legatum
454 1347 494 1390 ex
515 1323 582 1391 suis
599 1347 668 1392 sese
684 1347 805 1417 magno
822 1349 899 1392 cum
915 1320 1064 1416 periculo
1081 1323 1123 1391 ad
1141 1347 1216 1391 eum
1233 1324 1309 1391 mis-

270 1466 402 1529 surum,
412 1455 445 1509 et
454 1441 644 1510 hominibus
654 1441 731 1510 feris
741 1441 967 1534 objecturum,
982 1441 1198 1510 existimabat.
1211 1444 1310 1510 Com-

271 1561 499 1632 modissimum
515 1562 621 1629 visum
642 1575 707 1646 est,
728 1563 766 1628 C.
782 1559 952 1629 Valerium
968 1559 1163 1648 Procillum,
1184 1565 1223 1630 C.
1240 1562 1309 1628 Va·

272 1681 345 1750 lerii
356 1681 480 1752 Caburi
495 1679 618 1769 lilium,
635 1705 763 1749 summa
776 1682 899 1748 virtute
913 1694 947 1748 et
962 1681 1171 1749 humanitate
1187 1679 1310 1748 adoles-

273 1816 402 1870 centem
421 1799 529 1895 (cujus
544 1815 638 1894 pater
654 1825 675 1868 a
688 1802 726 1869 C.
739 1796 874 1868 Valerio
890 1799 1009 1869 Flacco
1023 1801 1155 1868 civitate
1168 1799 1310 1868 donatus

273 1919 376 2014 erat),
390 1935 423 1989 et
436 1933 574 2012 propter
587 1918 705 2006 fidem,
722 1932 755 1985 et
768 1933 906 2013 propter
921 1916 1042 2014 linguae
1053 1917 1193 1995 Gallicae
1208 1920 1311 1987 scien-

274 2043 369 2125 tiam,
386 2063 451 2132 qua
466 2036 572 2106 multa
584 2039 654 2129 jam
670 2038 854 2106 Ariovistus
873 2037 1054 2132 longinqua
1072 2038 1311 2107 consuetudine

274 2159 445 2244 utebatur,
463 2171 512 2242 et,
534 2154 623 2249 quod
644 2157 734 2223 ineo
755 2155 913 2248 peccandi
933 2158 1110 2226 Germanis
1128 2181 1225 2225 causa
1243 2181 1310 2224 non

274 2293 375 2367 esset,
390 2276 432 2346 ad
445 2301 520 2350 eum
534 2277 684 2362 mittere,
697 2292 729 2345 et
742 2279 790 2348 Μ.
807 2279 979 2365 Mettium,
993 2279 1049 2370 qui
1065 2277 1209 2370 hospitio
1220 2279 1313 2346 Ario

275 2400 352 2468 visti
364 2421 442 2466 usus
458 2411 538 2491 erat.
555 2397 615 2465 His
629 2395 813 2485 mandavit,
827 2412 879 2485 ut,
893 2423 966 2491 quae
976 2396 1100 2466 diceret
1110 2397 1311 2483 Ariovistus,

275 2531 527 2613 cognoscerent,
547 2529 581 2584 et
600 2516 643 2584 ad
660 2541 694 2586 se
709 2516 879 2587 referrent.
898 2520 993 2607 Quos
1006 2540 1111 2609 quum
1125 2515 1214 2609 apud
1230 2517 1313 2598 sein

275 2641 391 2710 castris
410 2638 594 2711 Ariovistus
619 2638 858 2730 conspexisset,
882 2639 1030 2706 exercitu
1052 2660 1113 2705 suo
1136 2649 1314 2729 prasente,

277 2757 498 2828 conclamavit
526 2783 534 2825 :
563 2756 695 2844 «Quid
721 2755 763 2824 ad
797 2781 831 2826 se
860 2755 1032 2825 venirent?
1056 2781 1099 2824 au
1123 2751 1315 2848 speculandi

278 2875 401 2946 causa?
417 2907 432 2941 1>
452 2882 621 2947 Conantes
646 2875 756 2944 dicere
775 2875 963 2968 prohibuit,
983 2891 1017 2942 et
1035 2877 1070 2942 in
1087 2888 1221 2943 catenas
1236 2898 1318 2941 con·

275 2998 367 3090 jecit.
1136 3004 1139 3010 '

326 3115 480 3184 XLVIII.
499 3114 624 3182 Eodem
641 3113 694 3182 die
708 3127 814 3182 castra
836 3114 1016 3207 promovit,
1030 3129 1063 3180 ct
1081 3111 1229 3181 millibus
1243 3138 1320 3207 pas·

278 3258 376 3304 suum
392 3256 427 3302 vl
447 3235 617 3302 aCaesaris
635 3233 750 3301 castris
767 3233 828 3300 snb
846 3246 959 3301 monte
976 3232 1134 3301 consedit.
1152 3236 1321 3306 Postridie

279 3355 350 3447 ejus
363 3351 429 3420 diei
442 3367 562 3445 praeter
578 3365 683 3424 castra
699 3353 837 3420 Caesaris
852 3375 927 3420 suas
944 3353 1056 3446 copias
1069 3353 1270 3446 transduxit,
1287 3371 1319 3424 et

286 3470 427 3541 millibus
439 3495 594 3564 passuum
607 3471 736 3539 duobus
748 3469 837 3539 ultra
850 3487 1046 3556 eumeastra
1060 3473 1154 3559 fecit,
1163 3498 1203 3543 eo
1212 3477 1319 3543 eonsi-

281 3591 342 3678 lio,
356 3594 405 3662 uti
416 3587 584 3666 frurdento
594 3607 863 3684 commeatuque,
874 3595 930 3685 qui
941 3616 980 3660 ex
993 3594 1150 3684 Sequanis
1162 3605 1194 3659 et
1204 3593 1319 3660 AEduis

280 3727 548 3808 supportaretur,
570 3716 732 3783 Cesarem
757 3709 1002 3779 intercluderet.
1030 3715 1077 3780 Ex
1102 3735 1142 3777 eo
1171 3709 1224 3777 die
1251 3711 1322 3778 dies

179 3813 180 3818 ἵ
281 3831 457 3902 continuos
483 3833 630 3925 quinque
654 3833 764 3900 Caesar
783 3855 846 3924 pro
872 3833 987 3899 castris
1010 3856 1084 3900 suas
1108 3830 1221 3927 copias
1246 3854 1322 3927 pro

282 3953 391 4038 duxit,
406 3965 440 4018 et
456 3939 562 4018 aciem
577 3953 775 4020 instructam
793 3949 923 4036 habuit,
945 3966 999 4039 ut,
1014 3953 1041 4020 si
1058 3953 1159 4024 vellet
1174 3951 1319 4025 Ariovis-
