3026 4768
242 368 279 426 86
391 369 421 423 C.
444 369 541 424 JtJLtt
563 367 726 424 CAESARIS
748 367 1111 424 commentatorum

238 493 342 560 invito
355 494 542 562 Germanm
563 493 597 561 in
613 491 758 564 Galliam
776 495 934 578 transire,
950 519 1019 561 non
1040 515 1171 585 aequum
1188 491 1273 559 eris·

239 612 388 698 timaret,
415 635 479 679 cur·
502 613 552 680 sui
574 612 756 705 quidquam
777 637 846 681 esse
868 613 1000 705 imperii
1023 625 1081 681 aut
1104 611 1274 704 potestatis

238 745 329 800 trans
359 731 515 800 Rhenum
541 729 773 826 poturlaretla
796 731 876 802 Ubii
904 745 1034 819 autem,
1062 729 1119 825 qui
1147 729 1205 796 uni
1234 753 1273 796 ex

240 849 487 920 transrhenanis
506 849 548 920 ad
569 853 732 920 Caesarem
753 849 876 946 legatos
901 850 1079 937 miserant,
1095 849 1274 918 amicitiam

239 967 405 1055 lacerant,
428 969 559 1040 obsides
581 969 759 1060 dederant,
785 989 985 1066 magnopere
1010 969 1171 1053 ombant,
1201 997 1219 1034 ι
1238 983 1274 1036 ut

239 1088 302 1157 sibi
312 1086 473 1158 auxilium
489 1089 604 1179 lbrret,
621 1089 712 1184 quod
729 1091 873 1186 graviter
891 1091 935 1159 ab
951 1089 1066 1160 Suavis
1085 1111 1275 1182 premeren-

241 1221 314 1293 tur3
325 1205 394 1297 vel,
413 1209 440 1278 si
455 1207 490 1278 id
507 1209 615 1279 faeere
627 1211 898 1304 occupationibus
915 1205 1104 1305 reipublicae
1118 1206 1274 1301 prohibe·

240 1341 348 1416 retur,
369 1330 548 1398 exercitum
569 1331 669 1402 modo
692 1331 846 1400 Rhenum
870 1342 1136 1424 transportaret:
1157 1325 1192 1394 id
1213 1327 1275 1396 sibi

240 1445 283 1514 ad
304 1445 464 1516 auxilium
488 1473 646 1544 spemque
670 1449 789 1546 reliqui
815 1450 974 1543 temporis
996 1449 1075 1518 satis
1100 1448 1275 1519 diturum:

242 1579 375 1636 tantum
405 1591 474 1636 esse
502 1593 623 1642 nomen
649 1583 747 1668 atque
776 1569 964 1664 opinionem
994 1568 1065 1662 ejus
1094 1568 1275 1654 exercitus,

122 1783 128 1796 Ι
242 1685 414 1756 arioristo
428 1685 539 1782 pulso,
555 1703 589 1758 et
603 1689 668 1757 hoc
680 1689 860 1758 novissimo
873 1687 991 1783 proelio
1004 1687 1104 1775 lacto,
1123 1685 1275 1758 etiamad

241 1805 377 1877 ultimas
394 1811 639 1879 Germanorum
654 1809 817 1897 rabones,
841 1811 889 1877 uti
907 1809 1064 1902 opinione
1082 1819 1116 1875 ct
1134 1805 1277 1876 amicitia

242 1924 360 2020 populi
368 1928 496 2002 romani
508 1929 573 2001 tuti
588 1951 658 1999 esse
669 1927 806 2022 possint.
824 1929 969 1998 Navium
983 1949 1138 2020 magnam
1148 1926 1277 2018 copiam

243 2045 588 2138 adtrausportandum
599 2049 780 2122 exercitum
795 2043 1045 2140 pollicebantur.
1063 2072 1079 2106 a

290 2164 398 2230 XVII.
421 2165 529 2231 Caesar
545 2165 596 2232 his
614 2163 655 2232 de
670 2166 790 2253 causis,
806 2188 888 2256 quaa
907 2162 1177 2248 commemoravi,
1195 2160 1279 2244 Rhe·

244 2304 328 2361 num,
350 2281 490 2352 transire
509 2282 728 2358 decreverat:
754 2280 812 2360 sed
831 2282 969 2356 navibus
992 2281 1149 2372 transire,
1170 2303 1278 2372 neque

244 2401 322 2476 satis
340 2413 452 2470 tutum
468 2396 538 2468 esse
558 2399 795 2484 arbitrabatur,
813 2422 919 2491 neque
936 2423 1017 2486 suae,
1036 2421 1143 2490 neque
1162 2395 1278 2491 populi

244 2519 373 2588 ronrani
387 2517 555 2612 dignitatis
570 2541 640 2587 esse
657 2517 830 2587 statuebat.
846 2519 978 2611 Itaque,
992 2517 1053 2586 etsi
1073 2541 1201 2586 summa
1220 2516 1279 2585 dif-

243 2637 371 2709 ficultas
394 2636 535 2708 faciendi
557 2637 665 2730 pontis
687 2637 952 2731 proponebatur,
975 2651 1113 2732 propter
1132 2634 1279 2706 latitudi-

245 2783 337 2845 nem,
362 2757 588 2852 mpiditatem,
614 2755 887 2851 altitudinemque
916 2757 1080 2843 fluminis,
1106 2771 1216 2826 tamen
1245 2756 1280 2824 id

246 2875 308 2942 sibi
324 2874 605 2962 contendendum,
622 2889 681 2944 aut
692 2872 795 2942 ¹aliter
811 2897 877 2944 aon
893 2873 1174 2956 transducendum
1190 2899 1280 2948 cter-

245 2993 348 3062 citum
359 2995 575 3063 existimabat.
588 2995 764 3063 Rationem
776 2995 877 3088 igitur
888 2997 999 3088 pontis
1012 2995 1098 3063 hanc
1113 2994 1256 3066 instituit
1269 3019 1277 3061 ε

250 3110 433 3207 signabitis
454 3112 706 3208 sesquipedalia,
724 3111 861 3208 paulum
878 3115 920 3182 ab
940 3116 1008 3185 imo
1031 3130 1212 3207 praeacuta,
1232 3113 1281 3182 di·

249 3254 358 3300 utensa
380 3229 422 3298 ad
446 3229 654 3302 altitudinem
680 3229 840 3321 fluminis,
864 3232 1036 3303 intervallo
1055 3234 1176 3328 pedum
1197 3236 1280 3304 duo-

248 3375 322 3419 rum
343 3352 431 3420 inter
448 3374 484 3418 se
498 3352 668 3447 jungebat.
685 3357 763 3422 Haec
779 3377 882 3446 quum
907 3353 1204 3422 machinationibus
1224 3355 1281 3421 im-

247 3471 345 3538 missa
361 3471 394 3538 in
413 3469 534 3538 flumen
554 3469 727 3558 defixerat,
745 3472 935 3566 fistucisque
950 3471 1122 3567 adegerat,
1139 3497 1206 3541 non
1228 3498 1281 3542 su·

245 3588 338 3660 blicae
364 3589 463 3658 niodo
483 3588 615 3658 derecta
640 3590 681 3658 ad
709 3589 997 3684 perpendiculum,
1025 3591 1081 3660 sed
1107 3615 1213 3684 prona
1242 3616 1281 3657 ac

249 3713 417 3806 fastigata,
432 3725 469 3778 ut
482 3709 663 3778 secundum
676 3725 831 3778 naturam
847 3709 994 3776 fluminis
1009 3709 1281 3800 procumberent;

245 3833 284 3899 iis
305 3832 385 3898 item
405 3831 570 3897 contraria
589 3829 682 3915 bina,
703 3827 746 3897 ad
762 3827 915 3896 eumdem
930 3827 1070 3895 modum
1086 3829 1217 3920 juncta,
1233 3827 1281 3892 iu·

246 3947 387 4017 tervallo
396 3947 516 4041 pedum
531 3948 795 4042 quadragenum,
810 3948 850 4016 ah
861 3947 1014 4016 inferiore
1028 3961 1136 4041 parte,
1162 3963 1276 4016 contra
