<?xml version="1.0" encoding="UTF-8"?>
<!DOCTYPE html PUBLIC "-//W3C//DTD XHTML 1.0 Transitional//EN"
    "http://www.w3.org/TR/xhtml1/DTD/xhtml1-transitional.dtd">
<html xmlns="http://www.w3.org/1999/xhtml" xml:lang="en" lang="en">
 <head>
  <title>
</title>
<meta http-equiv="Content-Type" content="text/html;charset=utf-8" />
  <meta name='ocr-system' content='tesseract 3.04.00' />
  <meta name='ocr-capabilities' content='ocr_page ocr_carea ocr_par ocr_line ocrx_word'/>
</head>
<body>
  <div class='ocr_page' id='page_1' title='image "./cjcaesarisopera00caesgoog_0400.png"; bbox 0 0 3038 4766; ppageno 0'>
   <div class='ocr_carea' id='block_1_1' title="bbox 160 367 1170 442">
    <p class='ocr_par' dir='ltr' id='par_1_1' title="bbox 160 367 1170 442">
     <span class='ocr_line' id='line_1_1' title="bbox 160 367 1170 442; baseline -0.01 -6"><span class='ocrx_word' id='word_1_1' title='bbox 160 381 172 394; x_wconf 82' lang='lat'><strong><em>‘</em></strong></span> <span class='ocrx_word' id='word_1_2' title='bbox 295 367 333 442; x_wconf 80' lang='lat' dir='ltr'><strong>9l</strong></span> <span class='ocrx_word' id='word_1_3' title='bbox 375 379 389 408; x_wconf 74' lang='lat'>²</span> <span class='ocrx_word' id='word_1_4' title='bbox 452 369 484 425; x_wconf 89' lang='lat' dir='ltr'><strong>C.</strong></span> <span class='ocrx_word' id='word_1_5' title='bbox 503 369 601 442; x_wconf 67' lang='lat' dir='ltr'><strong>suun</strong></span> <span class='ocrx_word' id='word_1_6' title='bbox 620 369 786 425; x_wconf 77' lang='lat' dir='ltr'><strong>cAEsams</strong></span> <span class='ocrx_word' id='word_1_7' title='bbox 806 367 1170 426; x_wconf 72' lang='lat' dir='ltr'><strong>comnrsmonum</strong></span> 
     </span>
    </p>
   </div>
   <div class='ocr_carea' id='block_1_2' title="bbox 244 492 1327 1780">
    <p class='ocr_par' dir='ltr' id='par_1_2' title="bbox 272 492 1327 826">
     <span class='ocr_line' id='line_1_2' title="bbox 272 492 1327 588; baseline 0.002 -27"><span class='ocrx_word' id='word_1_8' title='bbox 272 535 279 588; x_wconf 55' lang='lat'>3</span> <span class='ocrx_word' id='word_1_9' title='bbox 295 493 490 562; x_wconf 85' lang='lat' dir='ltr'><strong>continuato</strong></span> <span class='ocrx_word' id='word_1_10' title='bbox 507 507 540 562; x_wconf 87' lang='lat' dir='ltr'><strong>et</strong></span> <span class='ocrx_word' id='word_1_11' title='bbox 558 507 655 562; x_wconf 88' lang='lat' dir='ltr'><strong>nocte</strong></span> <span class='ocrx_word' id='word_1_12' title='bbox 673 505 707 562; x_wconf 90' lang='lat' dir='ltr'><strong>et</strong></span> <span class='ocrx_word' id='word_1_13' title='bbox 724 492 778 563; x_wconf 91' lang='lat' dir='ltr'><strong>die</strong></span> <span class='ocrx_word' id='word_1_14' title='bbox 793 493 929 578; x_wconf 88' lang='lat' dir='ltr'><strong>itinere,</strong></span> <span class='ocrx_word' id='word_1_15' title='bbox 951 505 1051 587; x_wconf 85' lang='lat' dir='ltr'><strong>atquc</strong></span> <span class='ocrx_word' id='word_1_16' title='bbox 1067 495 1203 564; x_wconf 85' lang='lat' dir='ltr'><strong>mutatis</strong></span> <span class='ocrx_word' id='word_1_17' title='bbox 1220 492 1263 562; x_wconf 84' lang='lat' dir='ltr'><strong>ed</strong></span> <span class='ocrx_word' id='word_1_18' title='bbox 1276 519 1327 563; x_wconf 88' lang='lat' dir='ltr'><strong>ce-</strong></span> 
     </span>
     <span class='ocr_line' id='line_1_3' title="bbox 276 589 1327 706; baseline 0.002 -26"><span class='ocrx_word' id='word_1_19' title='bbox 276 589 456 681; x_wconf 62' lang='lat' dir='ltr'><strong>³leritatem</strong></span> <span class='ocrx_word' id='word_1_20' title='bbox 471 613 648 705; x_wconf 88' lang='lat' dir='ltr'><strong>jumentis,</strong></span> <span class='ocrx_word' id='word_1_21' title='bbox 667 611 710 681; x_wconf 87' lang='lat' dir='ltr'><strong>ad</strong></span> <span class='ocrx_word' id='word_1_22' title='bbox 733 613 927 706; x_wconf 87' lang='lat' dir='ltr'><strong>Pompeium</strong></span> <span class='ocrx_word' id='word_1_23' title='bbox 945 610 1135 700; x_wconf 82' lang='lat' dir='ltr'>contendit,</span> <span class='ocrx_word' id='word_1_24' title='bbox 1159 626 1197 681; x_wconf 86' lang='lat' dir='ltr'><strong>ut</strong></span> <span class='ocrx_word' id='word_1_25' title='bbox 1216 611 1327 682; x_wconf 87' lang='lat' dir='ltr'><strong>adesse</strong></span> 
     </span>
     <span class='ocr_line' id='line_1_4' title="bbox 294 731 1326 826; baseline 0.001 -27"><span class='ocrx_word' id='word_1_26' title='bbox 294 732 457 800; x_wconf 67' lang='lat' dir='ltr'><strong>Caesarem</strong></span> <span class='ocrx_word' id='word_1_27' title='bbox 478 731 632 800; x_wconf 85' lang='lat' dir='ltr'><strong>omnibus</strong></span> <span class='ocrx_word' id='word_1_28' title='bbox 655 731 761 825; x_wconf 89' lang='lat' dir='ltr'><strong>copiis</strong></span> <span class='ocrx_word' id='word_1_29' title='bbox 784 733 961 800; x_wconf 83' lang='lat' dir='ltr'><strong>nuntiaret.</strong></span> <span class='ocrx_word' id='word_1_30' title='bbox 989 732 1164 826; x_wconf 83' lang='lat' dir='ltr'><strong>Pompeius·</strong></span> <span class='ocrx_word' id='word_1_31' title='bbox 1188 744 1259 800; x_wconf 88' lang='lat' dir='ltr'><strong>erat</strong></span> <span class='ocrx_word' id='word_1_32' title='bbox 1285 756 1326 800; x_wconf 91' lang='lat' dir='ltr'><strong>eo</strong></span> 
     </span>
    </p>

    <p class='ocr_par' dir='ltr' id='par_1_3' title="bbox 295 849 1326 946">
     <span class='ocr_line' id='line_1_5' title="bbox 295 849 1326 946; baseline 0.001 -26"><span class='ocrx_word' id='word_1_33' title='bbox 295 865 441 946; x_wconf 89' lang='lat' dir='ltr'><strong>tempore</strong></span> <span class='ocrx_word' id='word_1_34' title='bbox 457 852 492 919; x_wconf 91' lang='lat' dir='ltr'><strong>in</strong></span> <span class='ocrx_word' id='word_1_35' title='bbox 507 849 693 939; x_wconf 84' lang='lat' dir='ltr'><strong>Candavia,</strong></span> <span class='ocrx_word' id='word_1_36' title='bbox 712 852 838 944; x_wconf 90' lang='lat' dir='ltr'><strong>iterque</strong></span> <span class='ocrx_word' id='word_1_37' title='bbox 858 874 899 919; x_wconf 85' lang='lat' dir='ltr'><strong>ex</strong></span> <span class='ocrx_word' id='word_1_38' title='bbox 917 849 1114 920; x_wconf 86' lang='lat' dir='ltr'><strong>Macedonia</strong></span> <span class='ocrx_word' id='word_1_39' title='bbox 1134 851 1168 918; x_wconf 90' lang='lat' dir='ltr'><strong>in</strong></span> <span class='ocrx_word' id='word_1_40' title='bbox 1186 850 1326 921; x_wconf 86' lang='lat' dir='ltr'><strong>hiberna</strong></span> 
     </span>
    </p>

    <p class='ocr_par' dir='ltr' id='par_1_4' title="bbox 278 968 1325 1183">
     <span class='ocr_line' id='line_1_6' title="bbox 278 968 1325 1066; baseline -0.003 -26"><span class='ocrx_word' id='word_1_41' title='bbox 278 970 504 1066; x_wconf 72' lang='lat' dir='ltr'><strong>,Apolloniam</strong></span> <span class='ocrx_word' id='word_1_42' title='bbox 524 970 811 1065; x_wconf 80' lang='lat' dir='ltr'><strong>Dyrrachiumque</strong></span> <span class='ocrx_word' id='word_1_43' title='bbox 832 968 983 1039; x_wconf 84' lang='lat' dir='ltr'><strong>habebat.</strong></span> <span class='ocrx_word' id='word_1_44' title='bbox 1006 968 1070 1040; x_wconf 87' lang='lat' dir='ltr'><strong>Sed</strong></span> <span class='ocrx_word' id='word_1_45' title='bbox 1085 995 1124 1061; x_wconf 78' lang='lat' dir='ltr'><strong>re</strong></span> <span class='ocrx_word' id='word_1_46' title='bbox 1144 993 1230 1038; x_wconf 81' lang='lat' dir='ltr'><strong>nova</strong></span> <span class='ocrx_word' id='word_1_47' title='bbox 1251 995 1325 1064; x_wconf 84' lang='lat' dir='ltr'><strong>per·</strong></span> 
     </span>
     <span class='ocr_line' id='line_1_7' title="bbox 296 1086 1322 1183; baseline -0.001 -24"><span class='ocrx_word' id='word_1_48' title='bbox 296 1090 468 1177; x_wconf 86' lang='lat' dir='ltr'><strong>turbatus,</strong></span> <span class='ocrx_word' id='word_1_49' title='bbox 484 1089 665 1183; x_wconf 85' lang='lat' dir='ltr'><strong>majoribus</strong></span> <span class='ocrx_word' id='word_1_50' title='bbox 680 1089 852 1182; x_wconf 76' lang='lat' dir='ltr'><strong>itineribus</strong></span> <span class='ocrx_word' id='word_1_51' title='bbox 864 1086 1072 1182; x_wconf 80' lang='lat' dir='ltr'>Apolloniam</span> <span class='ocrx_word' id='word_1_52' title='bbox 1086 1103 1195 1182; x_wconf 88' lang='lat' dir='ltr'><strong>petere</strong></span> <span class='ocrx_word' id='word_1_53' title='bbox 1210 1090 1322 1182; x_wconf 86' lang='lat' dir='ltr'><strong>coepit,</strong></span> 
     </span>
    </p>

    <p class='ocr_par' dir='ltr' id='par_1_5' title="bbox 295 1206 1325 1301">
     <span class='ocr_line' id='line_1_8' title="bbox 295 1206 1325 1301; baseline 0 -25"><span class='ocrx_word' id='word_1_54' title='bbox 295 1231 336 1276; x_wconf 89' lang='lat' dir='ltr'><strong>ne</strong></span> <span class='ocrx_word' id='word_1_55' title='bbox 349 1213 465 1278; x_wconf 73' lang='lat' dir='ltr'><strong>&#39;Caesar</strong></span> <span class='ocrx_word' id='word_1_56' title='bbox 482 1231 548 1277; x_wconf 82' lang='lat' dir='ltr'><strong>orae</strong></span> <span class='ocrx_word' id='word_1_57' title='bbox 564 1208 733 1277; x_wconf 80' lang='lat' dir='ltr'><strong>maritimae</strong></span> <span class='ocrx_word' id='word_1_58' title='bbox 750 1209 897 1277; x_wconf 84' lang='lat' dir='ltr'><strong>civitates</strong></span> <span class='ocrx_word' id='word_1_59' title='bbox 909 1221 1096 1301; x_wconf 85' lang='lat' dir='ltr'><strong>occuparet.</strong></span> <span class='ocrx_word' id='word_1_60' title='bbox 1111 1213 1157 1277; x_wconf 84' lang='lat' dir='ltr'><strong>At</strong></span> <span class='ocrx_word' id='word_1_61' title='bbox 1177 1206 1251 1296; x_wconf 90' lang='lat' dir='ltr'><strong>ille,</strong></span> <span class='ocrx_word' id='word_1_62' title='bbox 1270 1232 1325 1277; x_wconf 81' lang='lat' dir='ltr'><strong>ex·</strong></span> 
     </span>
    </p>

    <p class='ocr_par' dir='ltr' id='par_1_6' title="bbox 244 1297 1323 1780">
     <span class='ocr_line' id='line_1_9' title="bbox 244 1297 1323 1421; baseline 0.004 -28"><span class='ocrx_word' id='word_1_63' title='bbox 244 1297 254 1317; x_wconf 45' lang='grc'><em>·</em></span> <span class='ocrx_word' id='word_1_64' title='bbox 295 1326 409 1420; x_wconf 86' lang='lat' dir='ltr'><strong>positis</strong></span> <span class='ocrx_word' id='word_1_65' title='bbox 434 1325 615 1415; x_wconf 86' lang='lat' dir='ltr'><strong>militibus,</strong></span> <span class='ocrx_word' id='word_1_66' title='bbox 635 1327 752 1397; x_wconf 86' lang='lat' dir='ltr'><strong>eodem</strong></span> <span class='ocrx_word' id='word_1_67' title='bbox 771 1325 825 1396; x_wconf 95' lang='lat' dir='ltr'><strong>die</strong></span> <span class='ocrx_word' id='word_1_68' title='bbox 841 1329 980 1396; x_wconf 89' lang='lat' dir='ltr'><strong>Oricum</strong></span> <span class='ocrx_word' id='word_1_69' title='bbox 999 1325 1228 1421; x_wconf 85' lang='lat' dir='ltr'><strong>proficiscitur.</strong></span> <span class='ocrx_word' id='word_1_70' title='bbox 1245 1328 1323 1415; x_wconf 87' lang='lat' dir='ltr'><strong>Quo</strong></span> 
     </span>
     <span class='ocr_line' id='line_1_10' title="bbox 294 1445 1323 1542; baseline 0 -28"><span class='ocrx_word' id='word_1_71' title='bbox 294 1466 397 1538; x_wconf 86' lang='lat' dir='ltr'><strong>quum</strong></span> <span class='ocrx_word' id='word_1_72' title='bbox 410 1445 570 1531; x_wconf 86' lang='lat' dir='ltr'><strong>venisset,</strong></span> <span class='ocrx_word' id='word_1_73' title='bbox 586 1449 623 1514; x_wconf 82' lang='lat'><strong>1.</strong></span> <span class='ocrx_word' id='word_1_74' title='bbox 639 1451 844 1542; x_wconf 76' lang='lat' dir='ltr'><strong>Torquatus,</strong></span> <span class='ocrx_word' id='word_1_75' title='bbox 856 1446 913 1539; x_wconf 91' lang='lat' dir='ltr'><strong>qui</strong></span> <span class='ocrx_word' id='word_1_76' title='bbox 927 1446 1021 1539; x_wconf 86' lang='lat' dir='ltr'><strong>jussu</strong></span> <span class='ocrx_word' id='word_1_77' title='bbox 1035 1447 1182 1541; x_wconf 91' lang='lat' dir='ltr'><strong>Pompeii</strong></span> <span class='ocrx_word' id='word_1_78' title='bbox 1199 1445 1323 1541; x_wconf 91' lang='lat' dir='ltr'><strong>oppido</strong></span> 
     </span>
     <span class='ocr_line' id='line_1_11' title="bbox 294 1561 1321 1659; baseline 0.003 -27"><span class='ocrx_word' id='word_1_79' title='bbox 294 1578 433 1659; x_wconf 74' lang='lat' dir='ltr'><strong>praeerat</strong></span> <span class='ocrx_word' id='word_1_80' title='bbox 448 1564 703 1659; x_wconf 75' lang='lat' dir='ltr'><strong>praesidiumque</strong></span> <span class='ocrx_word' id='word_1_81' title='bbox 721 1566 767 1634; x_wconf 92' lang='lat' dir='ltr'><strong>ibi</strong></span> <span class='ocrx_word' id='word_1_82' title='bbox 785 1561 1020 1634; x_wconf 77' lang='lat' dir='ltr'><strong>Parthinorum</strong></span> <span class='ocrx_word' id='word_1_83' title='bbox 1039 1565 1200 1654; x_wconf 84' lang='lat' dir='ltr'><strong>habebat,</strong></span> <span class='ocrx_word' id='word_1_84' title='bbox 1220 1589 1321 1635; x_wconf 83' lang='lat' dir='ltr'><strong>couc-</strong></span> 
     </span>
     <span class='ocr_line' id='line_1_12' title="bbox 294 1679 1323 1780; baseline 0.001 -27"><span class='ocrx_word' id='word_1_85' title='bbox 294 1699 347 1754; x_wconf 90' lang='lat' dir='ltr'><strong>tus</strong></span> <span class='ocrx_word' id='word_1_86' title='bbox 358 1685 464 1779; x_wconf 86' lang='lat' dir='ltr'><strong>portis</strong></span> <span class='ocrx_word' id='word_1_87' title='bbox 478 1683 596 1754; x_wconf 79' lang='lat' dir='ltr'><strong>clausis</strong></span> <span class='ocrx_word' id='word_1_88' title='bbox 611 1685 771 1780; x_wconf 85' lang='lat' dir='ltr'><strong>oppidum</strong></span> <span class='ocrx_word' id='word_1_89' title='bbox 784 1679 979 1771; x_wconf 83' lang='lat' dir='ltr'><strong>delend&#39;ere,</strong></span> <span class='ocrx_word' id='word_1_90' title='bbox 992 1707 1094 1777; x_wconf 92' lang='lat' dir='ltr'><strong>quum</strong></span> <span class='ocrx_word' id='word_1_91' title='bbox 1104 1687 1238 1754; x_wconf 72' lang='lat' dir='ltr'><strong>Grecos</strong></span> <span class='ocrx_word' id='word_1_92' title='bbox 1254 1709 1323 1754; x_wconf 91' lang='lat' dir='ltr'><strong>mu·</strong></span> 
     </span>
    </p>
   </div>
   <div class='ocr_carea' id='block_1_3' title="bbox 178 1803 1322 1898">
    <p class='ocr_par' dir='ltr' id='par_1_7' title="bbox 178 1803 1322 1898">
     <span class='ocr_line' id='line_1_13' title="bbox 178 1803 1322 1898; baseline -0.002 -23"><span class='ocrx_word' id='word_1_93' title='bbox 178 1864 183 1875; x_wconf 95' lang='lat'><strong>.</strong></span> <span class='ocrx_word' id='word_1_94' title='bbox 293 1829 368 1873; x_wconf 88' lang='lat' dir='ltr'><strong>rum</strong></span> <span class='ocrx_word' id='word_1_95' title='bbox 382 1803 557 1876; x_wconf 83' lang='lat' dir='ltr'><strong>ascendere</strong></span> <span class='ocrx_word' id='word_1_96' title='bbox 573 1819 672 1898; x_wconf 76' lang='lat' dir='ltr'><strong>atque</strong></span> <span class='ocrx_word' id='word_1_97' title='bbox 687 1827 778 1874; x_wconf 86' lang='lat' dir='ltr'><strong>arrna</strong></span> <span class='ocrx_word' id='word_1_98' title='bbox 798 1823 915 1898; x_wconf 85' lang='lat' dir='ltr'><strong>capere</strong></span> <span class='ocrx_word' id='word_1_99' title='bbox 927 1803 1081 1897; x_wconf 87' lang='lat' dir='ltr'><strong>juberet,</strong></span> <span class='ocrx_word' id='word_1_100' title='bbox 1099 1803 1147 1872; x_wconf 92' lang='lat' dir='ltr'><strong>illi</strong></span> <span class='ocrx_word' id='word_1_101' title='bbox 1165 1818 1273 1874; x_wconf 89' lang='lat' dir='ltr'><strong>autem</strong></span> <span class='ocrx_word' id='word_1_102' title='bbox 1288 1829 1322 1873; x_wconf 88' lang='lat' dir='ltr'><strong>se</strong></span> 
     </span>
    </p>
   </div>
   <div class='ocr_carea' id='block_1_4' title="bbox 293 1922 1332 3448">
    <p class='ocr_par' dir='ltr' id='par_1_8' title="bbox 293 1922 1324 2492">
     <span class='ocr_line' id='line_1_14' title="bbox 294 1922 1323 2018; baseline -0.003 -25"><span class='ocrx_word' id='word_1_103' title='bbox 294 1939 409 1993; x_wconf 85' lang='lat' dir='ltr'><strong>eontra</strong></span> <span class='ocrx_word' id='word_1_104' title='bbox 429 1925 603 2016; x_wconf 87' lang='lat' dir='ltr'><strong>imperium</strong></span> <span class='ocrx_word' id='word_1_105' title='bbox 625 1922 740 2018; x_wconf 90' lang='lat' dir='ltr'><strong>populi</strong></span> <span class='ocrx_word' id='word_1_106' title='bbox 766 1924 893 1991; x_wconf 87' lang='lat' dir='ltr'><strong>romani</strong></span> <span class='ocrx_word' id='word_1_107' title='bbox 916 1936 1121 2017; x_wconf 83' lang='lat' dir='ltr'><strong>pugnaturos</strong></span> <span class='ocrx_word' id='word_1_108' title='bbox 1138 1947 1208 1992; x_wconf 88' lang='lat' dir='ltr'><strong>esse</strong></span> <span class='ocrx_word' id='word_1_109' title='bbox 1226 1945 1323 2016; x_wconf 84' lang='lat' dir='ltr'><strong>nega·</strong></span> 
     </span>
     <span class='ocr_line' id='line_1_15' title="bbox 295 2039 1322 2136; baseline 0 -26"><span class='ocrx_word' id='word_1_110' title='bbox 295 2057 389 2128; x_wconf 85' lang='lat' dir='ltr'><strong>rent,</strong></span> <span class='ocrx_word' id='word_1_111' title='bbox 409 2041 566 2136; x_wconf 88' lang='lat' dir='ltr'><strong>oppidani</strong></span> <span class='ocrx_word' id='word_1_112' title='bbox 590 2057 701 2110; x_wconf 84' lang='lat' dir='ltr'><strong>sutem</strong></span> <span class='ocrx_word' id='word_1_113' title='bbox 721 2043 820 2111; x_wconf 87' lang='lat' dir='ltr'><strong>etiam</strong></span> <span class='ocrx_word' id='word_1_114' title='bbox 840 2039 899 2109; x_wconf 86' lang='lat' dir='ltr'><strong>sua</strong></span> <span class='ocrx_word' id='word_1_115' title='bbox 923 2057 1041 2135; x_wconf 87' lang='lat' dir='ltr'><strong>sponte</strong></span> <span class='ocrx_word' id='word_1_116' title='bbox 1061 2045 1222 2111; x_wconf 83' lang='lat' dir='ltr'><strong>Caesarem</strong></span> <span class='ocrx_word' id='word_1_117' title='bbox 1243 2043 1322 2110; x_wconf 88' lang='lat' dir='ltr'><strong>reci·</strong></span> 
     </span>
     <span class='ocr_line' id='line_1_16' title="bbox 295 2159 1321 2255; baseline 0.002 -27"><span class='ocrx_word' id='word_1_118' title='bbox 295 2184 372 2255; x_wconf 83' lang='lat' dir='ltr'><strong>pere</strong></span> <span class='ocrx_word' id='word_1_119' title='bbox 399 2175 614 2248; x_wconf 83' lang='lat' dir='ltr'><strong>conarentur,</strong></span> <span class='ocrx_word' id='word_1_120' title='bbox 644 2160 821 2254; x_wconf 88' lang='lat' dir='ltr'><strong>desperatis</strong></span> <span class='ocrx_word' id='word_1_121' title='bbox 850 2160 1003 2230; x_wconf 89' lang='lat' dir='ltr'><strong>omnibus</strong></span> <span class='ocrx_word' id='word_1_122' title='bbox 1032 2159 1180 2249; x_wconf 84' lang='lat' dir='ltr'><strong>auxiliis,</strong></span> <span class='ocrx_word' id='word_1_123' title='bbox 1209 2177 1321 2255; x_wconf 89' lang='lat' dir='ltr'><strong>portas</strong></span> 
     </span>
     <span class='ocr_line' id='line_1_17' title="bbox 295 2277 1324 2373; baseline 0.002 -26"><span class='ocrx_word' id='word_1_124' title='bbox 295 2280 443 2373; x_wconf 84' lang='lat' dir='ltr'><strong>speruit,</strong></span> <span class='ocrx_word' id='word_1_125' title='bbox 456 2293 488 2348; x_wconf 85' lang='lat' dir='ltr'><strong>et</strong></span> <span class='ocrx_word' id='word_1_126' title='bbox 504 2303 539 2348; x_wconf 86' lang='lat' dir='ltr'><strong>sc</strong></span> <span class='ocrx_word' id='word_1_127' title='bbox 552 2293 650 2373; x_wconf 85' lang='lat' dir='ltr'><strong>atque</strong></span> <span class='ocrx_word' id='word_1_128' title='bbox 667 2278 823 2372; x_wconf 90' lang='lat' dir='ltr'><strong>oppidum</strong></span> <span class='ocrx_word' id='word_1_129' title='bbox 838 2281 959 2350; x_wconf 87' lang='lat' dir='ltr'><strong>Caesari</strong></span> <span class='ocrx_word' id='word_1_130' title='bbox 979 2279 1104 2349; x_wconf 86' lang='lat' dir='ltr'><strong>dedidit</strong></span> <span class='ocrx_word' id='word_1_131' title='bbox 1114 2331 1127 2368; x_wconf 87' lang='lat'><strong>,</strong></span> <span class='ocrx_word' id='word_1_132' title='bbox 1137 2277 1324 2350; x_wconf 84' lang='lat' dir='ltr'><strong>incolumis·</strong></span> 
     </span>
     <span class='ocr_line' id='line_1_18' title="bbox 293 2392 1091 2492; baseline -0.003 -25"><span class='ocrx_word' id='word_1_133' title='bbox 293 2421 357 2492; x_wconf 91' lang='lat' dir='ltr'><strong>que</strong></span> <span class='ocrx_word' id='word_1_134' title='bbox 374 2396 415 2466; x_wconf 87' lang='lat' dir='ltr'><strong>ab</strong></span> <span class='ocrx_word' id='word_1_135' title='bbox 433 2421 473 2466; x_wconf 89' lang='lat' dir='ltr'><strong>eo</strong></span> <span class='ocrx_word' id='word_1_136' title='bbox 492 2412 701 2468; x_wconf 85' lang='lat' dir='ltr'><strong>conservatus</strong></span> <span class='ocrx_word' id='word_1_137' title='bbox 718 2412 777 2466; x_wconf 87' lang='lat' dir='ltr'><strong>cst.</strong></span> <span class='ocrx_word' id='word_1_138' title='bbox 1087 2392 1091 2398; x_wconf 78' lang='grc'><strong>’</strong></span> 
     </span>
    </p>

    <p class='ocr_par' dir='ltr' id='par_1_9' title="bbox 294 2516 1332 3454">
     <span class='ocr_line' id='line_1_19' title="bbox 341 2516 1321 2612; baseline 0.003 -26"><span class='ocrx_word' id='word_1_139' title='bbox 341 2519 418 2586; x_wconf 89' lang='lat' dir='ltr'><strong>Xll.</strong></span> <span class='ocrx_word' id='word_1_140' title='bbox 439 2519 583 2610; x_wconf 86' lang='lat' dir='ltr'><strong>Recepto</strong></span> <span class='ocrx_word' id='word_1_141' title='bbox 606 2517 716 2586; x_wconf 80' lang='lat' dir='ltr'><strong>Caesar</strong></span> <span class='ocrx_word' id='word_1_142' title='bbox 736 2517 855 2604; x_wconf 90' lang='lat' dir='ltr'><strong>Orico,</strong></span> <span class='ocrx_word' id='word_1_143' title='bbox 878 2516 969 2586; x_wconf 83' lang='lat' dir='ltr'><strong>nulla</strong></span> <span class='ocrx_word' id='word_1_144' title='bbox 994 2519 1185 2612; x_wconf 82' lang='lat' dir='ltr'><strong>interposita</strong></span> <span class='ocrx_word' id='word_1_145' title='bbox 1211 2543 1321 2608; x_wconf 81' lang='lat' dir='ltr'><strong>mora,</strong></span> 
     </span>
     <span class='ocr_line' id='line_1_20' title="bbox 296 2635 1332 2731; baseline 0.002 -25"><span class='ocrx_word' id='word_1_146' title='bbox 296 2635 506 2731; x_wconf 83' lang='lat' dir='ltr'><strong>Apolloniam</strong></span> <span class='ocrx_word' id='word_1_147' title='bbox 528 2636 759 2730; x_wconf 88' lang='lat' dir='ltr'><strong>proficiscitur.</strong></span> <span class='ocrx_word' id='word_1_148' title='bbox 776 2637 857 2730; x_wconf 88' lang='lat' dir='ltr'><strong>Ejus</strong></span> <span class='ocrx_word' id='word_1_149' title='bbox 877 2636 1021 2707; x_wconf 80' lang='lat' dir='ltr'><strong>adventu</strong></span> <span class='ocrx_word' id='word_1_150' title='bbox 1045 2637 1174 2726; x_wconf 89' lang='lat' dir='ltr'><strong>audito,</strong></span> <span class='ocrx_word' id='word_1_151' title='bbox 1192 2642 1231 2708; x_wconf 90' lang='lat' dir='ltr'><strong>L.</strong></span> <span class='ocrx_word' id='word_1_152' title='bbox 1250 2643 1332 2709; x_wconf 53' lang='lat' dir='ltr'><strong>Sta?</strong></span> 
     </span>
     <span class='ocr_line' id='line_1_21' title="bbox 295 2755 1324 2851; baseline 0.001 -26"><span class='ocrx_word' id='word_1_153' title='bbox 295 2757 420 2842; x_wconf 86' lang='lat' dir='ltr'><strong>berius,</strong></span> <span class='ocrx_word' id='word_1_154' title='bbox 432 2758 490 2850; x_wconf 90' lang='lat' dir='ltr'><strong>qui</strong></span> <span class='ocrx_word' id='word_1_155' title='bbox 509 2755 555 2826; x_wconf 91' lang='lat' dir='ltr'><strong>ibi</strong></span> <span class='ocrx_word' id='word_1_156' title='bbox 568 2770 726 2850; x_wconf 74' lang='lat' dir='ltr'><strong>praeerat,</strong></span> <span class='ocrx_word' id='word_1_157' title='bbox 740 2779 858 2850; x_wconf 87' lang='lat' dir='ltr'><strong>aquam</strong></span> <span class='ocrx_word' id='word_1_158' title='bbox 870 2771 1075 2851; x_wconf 86' lang='lat' dir='ltr'><strong>comportare</strong></span> <span class='ocrx_word' id='word_1_159' title='bbox 1091 2759 1261 2844; x_wconf 82' lang='lat' dir='ltr'><strong>increem,</strong></span> <span class='ocrx_word' id='word_1_160' title='bbox 1277 2771 1324 2826; x_wconf 85' lang='lat' dir='ltr'><strong>at·</strong></span> 
     </span>
     <span class='ocr_line' id='line_1_22' title="bbox 294 2875 1322 2974; baseline 0.004 -30"><span class='ocrx_word' id='word_1_161' title='bbox 294 2899 358 2970; x_wconf 88' lang='lat' dir='ltr'><strong>que</strong></span> <span class='ocrx_word' id='word_1_162' title='bbox 376 2899 448 2946; x_wconf 88' lang='lat' dir='ltr'><strong>eam</strong></span> <span class='ocrx_word' id='word_1_163' title='bbox 465 2877 612 2964; x_wconf 87' lang='lat' dir='ltr'><strong>munire,</strong></span> <span class='ocrx_word' id='word_1_164' title='bbox 627 2875 823 2969; x_wconf 78' lang='lat' dir='ltr'><strong>obsidesque</strong></span> <span class='ocrx_word' id='word_1_165' title='bbox 848 2877 889 2946; x_wconf 85' lang='lat' dir='ltr'><strong>ab</strong></span> <span class='ocrx_word' id='word_1_166' title='bbox 909 2875 1171 2971; x_wconf 76' lang='lat' dir='ltr'><strong>Apolloniatibus</strong></span> <span class='ocrx_word' id='word_1_167' title='bbox 1191 2879 1322 2974; x_wconf 82' lang='lat' dir='ltr'><strong>exigere</strong></span> 
     </span>
     <span class='ocr_line' id='line_1_23' title="bbox 295 2987 1324 3092; baseline 0.003 -30"><span class='ocrx_word' id='word_1_168' title='bbox 295 2987 402 3087; x_wconf 73' lang='lat' dir='ltr'><strong>erepit.</strong></span> <span class='ocrx_word' id='word_1_169' title='bbox 424 2995 477 3065; x_wconf 90' lang='lat' dir='ltr'><strong>Illi</strong></span> <span class='ocrx_word' id='word_1_170' title='bbox 498 3018 576 3065; x_wconf 84' lang='lat' dir='ltr'><strong>vero</strong></span> <span class='ocrx_word' id='word_1_171' title='bbox 591 2993 752 3065; x_wconf 74' lang='lat' dir='ltr'><strong>«daturos</strong></span> <span class='ocrx_word' id='word_1_172' title='bbox 770 3019 804 3065; x_wconf 88' lang='lat' dir='ltr'><strong>se</strong></span> <span class='ocrx_word' id='word_1_173' title='bbox 827 3019 965 3090; x_wconf 81' lang='lat' dir='ltr'><strong>negare,</strong></span> <span class='ocrx_word' id='word_1_174' title='bbox 989 3019 1094 3090; x_wconf 90' lang='lat' dir='ltr'><strong>neque</strong></span> <span class='ocrx_word' id='word_1_175' title='bbox 1113 3011 1223 3092; x_wconf 86' lang='lat' dir='ltr'><strong>portas</strong></span> <span class='ocrx_word' id='word_1_176' title='bbox 1245 3021 1324 3066; x_wconf 89' lang='lat' dir='ltr'><strong>cou-</strong></span> 
     </span>
     <span class='ocr_line' id='line_1_24' title="bbox 295 3109 1323 3210; baseline 0.005 -31"><span class='ocrx_word' id='word_1_177' title='bbox 295 3110 358 3179; x_wconf 90' lang='lat' dir='ltr'><strong>suli</strong></span> <span class='ocrx_word' id='word_1_178' title='bbox 367 3109 602 3205; x_wconf 76' lang='lat' dir='ltr'><strong>·praeclusuros;</strong></span> <span class='ocrx_word' id='word_1_179' title='bbox 620 3137 725 3207; x_wconf 88' lang='lat' dir='ltr'><strong>neque</strong></span> <span class='ocrx_word' id='word_1_180' title='bbox 741 3114 803 3183; x_wconf 90' lang='lat' dir='ltr'><strong>sibi</strong></span> <span class='ocrx_word' id='word_1_181' title='bbox 820 3112 981 3207; x_wconf 86' lang='lat' dir='ltr'><strong>judicium</strong></span> <span class='ocrx_word' id='word_1_182' title='bbox 999 3131 1190 3210; x_wconf 82' lang='lat' dir='ltr'><strong>sumpturos</strong></span> <span class='ocrx_word' id='word_1_183' title='bbox 1207 3131 1323 3188; x_wconf 81' lang='lat' dir='ltr'><strong>eontra</strong></span> 
     </span>
     <span class='ocr_line' id='line_1_25' title="bbox 296 3230 1322 3328; baseline 0.003 -30"><span class='ocrx_word' id='word_1_184' title='bbox 296 3243 392 3323; x_wconf 84' lang='lat' dir='ltr'><strong>atque</strong></span> <span class='ocrx_word' id='word_1_185' title='bbox 408 3233 526 3300; x_wconf 61' lang='lat' dir='ltr'><strong>&#39;omnis</strong></span> <span class='ocrx_word' id='word_1_186' title='bbox 551 3230 648 3301; x_wconf 82' lang='lat' dir='ltr'><strong>Italia</strong></span> <span class='ocrx_word' id='word_1_187' title='bbox 670 3231 877 3327; x_wconf 87' lang='lat' dir='ltr'><strong>populusque</strong></span> <span class='ocrx_word' id='word_1_188' title='bbox 898 3258 1053 3304; x_wconf 84' lang='lat' dir='ltr'><strong>romanus</strong></span> <span class='ocrx_word' id='word_1_189' title='bbox 1073 3234 1322 3328; x_wconf 76' lang='lat' dir='ltr'><strong>judicavisset.»</strong></span> 
     </span>
     <span class='ocr_line' id='line_1_26' title="bbox 296 3348 1324 3448; baseline 0.009 -33"><span class='ocrx_word' id='word_1_190' title='bbox 296 3349 450 3437; x_wconf 80' lang='lat' dir='ltr'><strong>Quorum</strong></span> <span class='ocrx_word' id='word_1_191' title='bbox 478 3351 610 3444; x_wconf 78' lang='lat' dir='ltr'><strong>cognita</strong></span> <span class='ocrx_word' id='word_1_192' title='bbox 642 3348 832 3440; x_wconf 77' lang='lat' dir='ltr'><strong>voluntate,</strong></span> <span class='ocrx_word' id='word_1_193' title='bbox 860 3349 945 3422; x_wconf 90' lang='lat' dir='ltr'><strong>clam</strong></span> <span class='ocrx_word' id='word_1_194' title='bbox 974 3355 1120 3448; x_wconf 81' lang='lat' dir='ltr'><strong>profugit</strong></span> <span class='ocrx_word' id='word_1_195' title='bbox 1148 3354 1324 3448; x_wconf 80' lang='lat' dir='ltr'><strong>Apollonia</strong></span> 
     </span>
    </p>
   </div>
   <div class='ocr_carea' id='block_1_5' title="bbox 106 3467 1323 3567">
    <p class='ocr_par' dir='ltr' id='par_1_10' title="bbox 106 3467 1323 3567">
     <span class='ocr_line' id='line_1_27' title="bbox 106 3467 1323 3567; baseline 0.006 -30"><span class='ocrx_word' id='word_1_196' title='bbox 106 3472 108 3480; x_wconf 89' lang='lat'>&#39;</span> <span class='ocrx_word' id='word_1_197' title='bbox 160 3541 164 3548; x_wconf 66' lang='grc'><strong>,</strong></span> <span class='ocrx_word' id='word_1_198' title='bbox 297 3467 474 3538; x_wconf 89' lang='lat' dir='ltr'><strong>Staberius.</strong></span> <span class='ocrx_word' id='word_1_199' title='bbox 495 3467 549 3539; x_wconf 92' lang='lat' dir='ltr'><strong>llli</strong></span> <span class='ocrx_word' id='word_1_200' title='bbox 570 3468 613 3543; x_wconf 80' lang='lat' dir='ltr'><strong>ad</strong></span> <span class='ocrx_word' id='word_1_201' title='bbox 635 3474 796 3542; x_wconf 68' lang='lat' dir='ltr'><strong>Cmsarem</strong></span> <span class='ocrx_word' id='word_1_202' title='bbox 814 3469 938 3566; x_wconf 82' lang='lat' dir='ltr'><strong>legatos</strong></span> <span class='ocrx_word' id='word_1_203' title='bbox 959 3475 1115 3557; x_wconf 89' lang='lat' dir='ltr'><strong>mittunt,</strong></span> <span class='ocrx_word' id='word_1_204' title='bbox 1135 3473 1323 3567; x_wconf 90' lang='lat' dir='ltr'><strong>oppidoque</strong></span> 
     </span>
    </p>
   </div>
   <div class='ocr_carea' id='block_1_6' title="bbox 296 3589 1324 4044">
    <p class='ocr_par' dir='ltr' id='par_1_11' title="bbox 296 3589 1324 3684">
     <span class='ocr_line' id='line_1_28' title="bbox 296 3589 1324 3684; baseline 0.005 -27"><span class='ocrx_word' id='word_1_205' title='bbox 296 3589 468 3682; x_wconf 87' lang='lat' dir='ltr'><strong>recipiunt.</strong></span> <span class='ocrx_word' id='word_1_206' title='bbox 484 3592 552 3658; x_wconf 89' lang='lat' dir='ltr'><strong>Hos</strong></span> <span class='ocrx_word' id='word_1_207' title='bbox 568 3605 751 3684; x_wconf 88' lang='lat' dir='ltr'><strong>sequuntur</strong></span> <span class='ocrx_word' id='word_1_208' title='bbox 768 3589 971 3662; x_wconf 86' lang='lat' dir='ltr'><strong>Bullidenses</strong></span> <span class='ocrx_word' id='word_1_209' title='bbox 982 3643 991 3680; x_wconf 96' lang='lat'><strong>,</strong></span> <span class='ocrx_word' id='word_1_210' title='bbox 1002 3593 1209 3680; x_wconf 82' lang='lat' dir='ltr'><strong>Amantiam,</strong></span> <span class='ocrx_word' id='word_1_211' title='bbox 1225 3606 1259 3660; x_wconf 88' lang='lat' dir='ltr'><strong>et</strong></span> <span class='ocrx_word' id='word_1_212' title='bbox 1272 3617 1324 3662; x_wconf 91' lang='lat' dir='ltr'><strong>re·</strong></span> 
     </span>
    </p>

    <p class='ocr_par' dir='ltr' id='par_1_12' title="bbox 296 3704 1323 3805">
     <span class='ocr_line' id='line_1_29' title="bbox 296 3704 1323 3805; baseline 0.006 -30"><span class='ocrx_word' id='word_1_213' title='bbox 296 3704 392 3800; x_wconf 84' lang='lat' dir='ltr'><strong>liquae</strong></span> <span class='ocrx_word' id='word_1_214' title='bbox 412 3707 560 3776; x_wconf 78' lang='lat' dir='ltr'><strong>linitimm</strong></span> <span class='ocrx_word' id='word_1_215' title='bbox 577 3709 740 3797; x_wconf 85' lang='lat' dir='ltr'><strong>civitates,</strong></span> <span class='ocrx_word' id='word_1_216' title='bbox 759 3723 894 3803; x_wconf 86' lang='lat' dir='ltr'><strong>totaque</strong></span> <span class='ocrx_word' id='word_1_217' title='bbox 911 3713 1050 3804; x_wconf 88' lang='lat' dir='ltr'><strong>Epirus,</strong></span> <span class='ocrx_word' id='word_1_218' title='bbox 1069 3726 1119 3799; x_wconf 91' lang='lat' dir='ltr'><strong>et,</strong></span> <span class='ocrx_word' id='word_1_219' title='bbox 1141 3709 1256 3805; x_wconf 83' lang='lat' dir='ltr'><strong>legatis</strong></span> <span class='ocrx_word' id='word_1_220' title='bbox 1280 3712 1323 3781; x_wconf 89' lang='lat' dir='ltr'><strong>ad</strong></span> 
     </span>
    </p>

    <p class='ocr_par' dir='ltr' id='par_1_13' title="bbox 296 3827 1323 4044">
     <span class='ocr_line' id='line_1_30' title="bbox 296 3827 1293 3924; baseline 0.004 -30"><span class='ocrx_word' id='word_1_221' title='bbox 296 3827 459 3895; x_wconf 73' lang='lat' dir='ltr'><strong>Caesarem</strong></span> <span class='ocrx_word' id='word_1_222' title='bbox 476 3827 602 3915; x_wconf 87' lang='lat' dir='ltr'><strong>missis,</strong></span> <span class='ocrx_word' id='word_1_223' title='bbox 619 3852 692 3921; x_wconf 78' lang='lat' dir='ltr'><strong>quae</strong></span> <span class='ocrx_word' id='word_1_224' title='bbox 712 3830 907 3922; x_wconf 86' lang='lat' dir='ltr'><strong>imperaret,</strong></span> <span class='ocrx_word' id='word_1_225' title='bbox 923 3829 1067 3900; x_wconf 84' lang='lat' dir='ltr'><strong>facturos</strong></span> <span class='ocrx_word' id='word_1_226' title='bbox 1085 3827 1293 3924; x_wconf 86' lang='lat' dir='ltr'><strong>pollicentur.</strong></span> 
     </span>
     <span class='ocr_line' id='line_1_31' title="bbox 344 3931 1323 4044; baseline 0.005 -31"><span class='ocrx_word' id='word_1_227' title='bbox 344 3931 436 4016; x_wconf 79' lang='lat' dir='ltr'><strong>xm</strong></span> <span class='ocrx_word' id='word_1_228' title='bbox 462 3949 505 4016; x_wconf 75' lang='lat' dir='ltr'><strong>At</strong></span> <span class='ocrx_word' id='word_1_229' title='bbox 528 3947 723 4040; x_wconf 84' lang='lat' dir='ltr'><strong>Pompeius,</strong></span> <span class='ocrx_word' id='word_1_230' title='bbox 749 3949 890 4043; x_wconf 83' lang='lat' dir='ltr'><strong>coguitis</strong></span> <span class='ocrx_word' id='word_1_231' title='bbox 913 3949 953 4019; x_wconf 86' lang='lat' dir='ltr'><strong>lis</strong></span> <span class='ocrx_word' id='word_1_232' title='bbox 979 3950 1099 4038; x_wconf 85' lang='lat' dir='ltr'><strong>rebus,</strong></span> <span class='ocrx_word' id='word_1_233' title='bbox 1131 3973 1206 4044; x_wconf 85' lang='lat' dir='ltr'><strong>quae</strong></span> <span class='ocrx_word' id='word_1_234' title='bbox 1230 3965 1323 4021; x_wconf 87' lang='lat' dir='ltr'><strong>erant</strong></span> 
     </span>
    </p>
   </div>
   <div class='ocr_carea' id='block_1_7' title="bbox 0 0 1524 4766">
    <p class='ocr_par' dir='ltr' id='par_1_14' title="bbox 0 0 1524 4766">
     <span class='ocr_line' id='line_1_32' title="bbox 0 0 1524 4766; baseline 0 0"><span class='ocrx_word' id='word_1_235' title='bbox 0 0 1524 4766; x_wconf 95' lang='lat' dir='ltr'><strong> </strong></span> 
     </span>
    </p>
   </div>
  </div>
 </body>
</html>
