3042 4772
472 415 522 471 ns
544 413 666 470 nemo
686 411 979 470 nnsxsnnnrno.
1187 415 1241 490 195

205 543 267 612 sibi
300 561 458 608 novorum
487 539 730 631 provinciarum
759 551 792 605 et
822 534 1012 604 fertilissimi
1036 541 1129 632 regni
1152 552 1243 608 tauta

205 659 315 729 oblata
334 673 417 728 esset
433 657 581 726 incultas.
597 659 714 749 ltaque
731 657 801 750 ipse
819 655 852 722 in
871 656 1076 725 Lusitaniam
1092 657 1244 751 proficis·

205 783 303 864 citur,
311 779 353 847 ad
366 777 507 874 legiones
517 775 727 846 arcessendas
745 774 933 869 auxiliaque
944 774 1134 847 adducenda
1146 804 1155 862 3
1169 803 1241 847 cer·

205 902 247 969 tis
277 899 467 968 bominibus
500 898 556 966 dat
581 897 765 991 negotium,
791 910 829 965 ut
851 895 1053 965 frumentum
1079 921 1243 992 navesque

204 1033 335 1090 centurn
359 1033 601 1113 preparentur,
635 1018 847 1110 pecuniaeque
882 1017 1163 1105 describerentur,
1193 1033 1243 1088 at·

205 1163 270 1234 que
291 1139 550 1232 imperarentur,
567 1161 609 1206 ne
627 1161 691 1230 qua
711 1161 778 1222 res,
796 1159 898 1230 quum
919 1136 1075 1226 redisset,
1094 1161 1242 1209 morere·

205 1275 270 1328 tur.
290 1257 429 1328 Reditus
450 1261 520 1353 ejus
536 1257 598 1327 fuit
617 1254 757 1325 celerior
775 1257 924 1326 omniurn
946 1258 1103 1351 opinione
1131 1284 1139 1325 ι
1174 1283 1242 1328 non

205 1381 293 1447 enim
314 1376 409 1447 labor
439 1391 498 1447 aut
518 1376 701 1472 vigilantia,
730 1377 874 1469 cupienti
901 1378 1082 1470 presertim
1101 1375 1241 1472 aliquid,
1295 1432 1300 1441 .

205 1499 319 1569 Cassio
338 1497 459 1566 deerat.

253 1620 325 1686 Lll.
347 1618 502 1686 Exercitu
518 1631 632 1686 coacto
648 1618 681 1684 in
703 1641 805 1684 unum
822 1614 948 1703 locum,
966 1619 1082 1686 castris
1097 1618 1140 1686 ad
1156 1620 1240 1687 Cor·

203 1735 325 1806 dubsrn
338 1735 471 1831 positis,
486 1757 547 1828 pro
564 1735 723 1803 concione
736 1732 895 1804 militibus
912 1737 1065 1830 exponit,
1086 1761 1168 1829 quas
1186 1759 1238 1804 res

205 1856 341 1925 Goesaris
358 1855 453 1946 jussu
480 1877 594 1947 gerere
621 1851 768 1940 deberet,
790 1852 1030 1948 polliceturque
1055 1856 1117 1942 eis,
1138 1879 1242 1949 quum

206 1977 238 2043 in
251 1976 485 2045 Mauritaniam
497 1975 759 2068 transjecissent,
777 1979 831 2044 HS
848 1990 1005 2045 centenos
1019 2000 1053 2044 se
1064 1977 1240 2046 daturum:

205 2095 353 2187 quintam
370 2093 441 2163 lore
461 2096 494 2163 in
513 2095 673 2189 Hispania
688 2094 859 2189 legionem.
876 2099 924 2164 Ex
945 2097 1104 2164 concione
1115 2098 1241 2166 seCor·

204 2212 326 2282 dubam
346 2215 486 2307 recepit,
503 2237 608 2308 eoque
627 2215 699 2308 ipso
719 2214 786 2297 die,
805 2227 953 2307 tempore
967 2213 1243 2308 postmeridiano,

204 2355 307 2424 quum
329 2333 362 2400 in
393 2332 560 2402 basilicam
579 2335 656 2417 iret,
675 2331 812 2426 quidam
837 2333 1005 2403 Minucius
1032 2332 1116 2422 Silo,
1142 2333 1242 2403 cliens

204 2456 242 2522 L.
265 2451 397 2541 Racilii,
417 2452 582 2542 libellum,
600 2455 694 2547 quusi
721 2451 847 2544 aliquid
868 2451 909 2519 ab
928 2477 967 2522 eo
986 2452 1184 2546 postularet,
1204 2469 1243 2524 ut

204 2572 314 2660 miles,
340 2576 368 2641 ei
393 2573 552 2658 transdit3
573 2571 693 2640 deinde
715 2586 789 2664 post
806 2569 968 2639 Racilium
999 2573 1094 2666 (narn
1113 2574 1140 2640 is
1156 2571 1242 2642 latus

204 2693 308 2763 Cassii
326 2693 486 2786 tegebat),
503 2693 596 2784 quasi
613 2713 805 2782 responsum
817 2689 859 2758 ab
878 2714 917 2759 eo
937 2704 1081 2783 peteret,
1094 2691 1243 2760 celeriter

205 2809 282 2878 dato
292 2807 365 2877 loco
374 2859 383 2896 ,
393 2833 496 2902 quum
507 2833 542 2876 se
556 2809 906 2897 insinuasset,sinistra
913 2811 1050 2902 corripit
1059 2833 1153 2894 eum,
1164 2809 1241 2878 derr-

204 2943 320 3022 traque
338 2928 387 2996 bis
405 2928 479 2996 serit
498 2929 651 3022 pugione.
671 2926 825 2997 Clamore
840 2927 988 3014 sublato,
1002 2929 1038 2997 lit
1057 2954 1075 2997 a
1093 2931 1243 3022 conjura·

206 3047 247 3114 tis
259 3049 400 3140 impetus
411 3049 580 3116 universis.
592 3049 764 3117 Munatius
782 3047 920 3119 Flaccus
930 3050 1115 3142 proximum
1131 3047 1240 3142 gladio

205 3166 367 3259 transjicit
384 3164 532 3236 lictorem
547 3191 555 3236 t
574 3167 639 3236 hoo
658 3167 848 3256 interfecto,
867 3168 911 3256 Q.
926 3170 1075 3238 Cassium
1094 3165 1241 3263 legatum

205 3283 368 3354 vulnerat.
379 3285 431 3354 Ibi
445 3289 483 3356 T.
494 3288 612 3356 Vasius
627 3301 660 3355 et
675 3289 713 3356 L.
728 3285 899 3382 Mergilio,
916 3286 1013 3356 simili
1027 3285 1241 3375 confidentia,

203 3401 358 3474 Flaccum
376 3407 575 3501 municipem
587 3431 683 3475 suum
701 3405 859 3499 adjuvant
879 3433 888 3474 ε
910 3407 1104 3476 erantenim
1124 3427 1240 3475 omnes

203 3522 402 3594 Italicenses.
431 3528 476 3594 At
502 3526 608 3619 ipsum
636 3527 825 3620 Longinum
856 3528 895 3593 L.
921 3527 1068 3594 Licinius
1094 3522 1241 3618 Squillus

205 3642 346 3729 involat,
362 3645 594 3738 jacentemque
612 3644 738 3714 levibus
756 3645 880 3714 sanciat
898 3644 1013 3740 plagis.

252 3764 341 3832 LIII.
362 3766 580 3834 Concurritur
598 3765 639 3835 ad
659 3767 808 3835 Cassium
826 3762 1090 3851 defendendum
1110 3785 1241 3857 semper

205 3877 293 3944 eninr
310 3881 450 3952 beroncs
464 3882 715 3978 compluresque
728 3899 880 3955 evocatos
889 3907 965 3952 cum
976 3881 1047 3953 telis
1057 3905 1168 3952 secum
1181 3882 1240 3950 ha·

203 3993 283 4063 bere
304 4015 544 4069 consueverat:
565 4024 584 4069 a
610 4003 731 4096 quibus
755 4004 854 4073 ceteri
882 4001 1161 4086 intercluduntur,
1182 3999 1239 4093 qui

1032 4119 1085 4192 13.
