3014 4780
498 415 549 470 na
570 413 689 470 annm
710 404 915 472 inmenso.
1166 420 1221 490 273
1253 415 1256 420 ’

185 547 343 611 Faustum
359 539 613 632 Afraniumque,
631 539 690 632 qui
708 563 781 606 earn
801 554 936 607 manum
956 538 1139 628 habebant,
1155 567 1219 636 qua

186 664 319 731 Uticam
338 659 564 754 diripuerant,
580 660 706 751 iterque
722 660 757 726 in
776 659 968 752 Hispaniam
989 661 1220 751 intendebant,

185 796 218 849 ct
234 793 328 850 erant
347 803 486 850 nomem
506 779 636 848 circiter
655 803 719 848 ιιι).
744 782 860 873 ltaque
886 778 1034 849 celeriter
1057 799 1221 853 nocturno

187 915 335 994 tempore
353 898 479 968 insidiis
495 899 679 992 dispositis,
698 923 754 968 eos
764 900 870 991 prima
884 897 956 968 luce
967 899 1122 989 adortus,
1136 926 1220 995 prae-

187 1035 238 1089 ter
253 1042 376 1114 paucos
393 1020 538 1112 equites,
555 1019 612 1112 qui
629 1041 668 1086 ex
686 1019 793 1110 primo
808 1020 939 1112 agmine
954 1018 1126 1114 fugerant,
1140 1023 1218 1092 reli·

187 1163 269 1232 quos
284 1153 343 1208 aut
361 1137 530 1224 interficit,
548 1137 657 1207 autin
675 1135 874 1207 deditionem
893 1139 1030 1232 accipit;
1046 1139 1219 1209 Afranium

186 1273 219 1327 et
234 1263 390 1328 Faustum
407 1259 499 1326 vivos
516 1259 603 1351 capit
635 1283 710 1326 curn
736 1259 875 1352 conjuge
899 1273 933 1327 et
958 1258 1080 1341 liberis.
1103 1262 1219 1330 Paucis

187 1393 261 1473 post
277 1377 410 1462 diebus,
431 1377 632 1446 dissensione
661 1377 695 1444 in
730 1380 872 1446 exercitu
898 1391 993 1464 orta,
1028 1383 1168 1448 Faustus
1187 1395 1220 1449 et

187 1497 340 1567 Afranius
369 1496 634 1582 interficiuntur3
670 1497 834 1590 Pompeiae
859 1521 936 1566 curn
970 1501 1081 1568 Fausti
1108 1497 1219 1568 liberis

186 1620 296 1688 Caesar
314 1615 575 1685 incolumitatem
596 1640 719 1709 suaque
734 1617 846 1684 omnia
863 1619 1033 1686 concessit.

234 1740 354 1806 XCVI.
372 1737 483 1829 Scipio
501 1737 633 1804 interim
645 1759 720 1804 cum
737 1737 941 1828 Damasippo
959 1750 992 1804 et
1004 1739 1175 1829 Torquato
1189 1752 1221 1806 et

187 1855 340 1927 Plaetorio
361 1857 540 1942 Rustiano,
560 1856 698 1924 navibus
719 1854 846 1948 longis,
869 1854 927 1922 diu
947 1853 1156 1948 multumque
1174 1858 1221 1949 ja·

188 1977 284 2060 etati,
299 2000 402 2068 quurn
422 1975 614 2068 Hispaniam
637 1989 805 2068 peterent,
824 1973 866 2042 ad
884 1975 1072 2068 Hipponem
1093 1978 1220 2068 regium

188 2096 393 2184 deferuntur,
408 2096 464 2164 ubi
481 2094 592 2165 classis
607 2098 643 2164 P.
659 2095 731 2164 sitii
749 2095 852 2188 perid
870 2109 998 2188 tempus
1013 2109 1084 2163 erat
1103 2119 1219 2188 :aqua

186 2217 342 2312 pauciora
358 2217 400 2284 ab
418 2213 632 2309 amplioribus
650 2215 872 2283 circumventa
889 2215 1020 2306 navigia
1032 2213 1220 2307 deprimun-

187 2351 260 2423 tur3
278 2336 389 2430 ibique
415 2336 525 2430 Scipio
544 2359 619 2404 cum
644 2334 784 2427 quibus,
805 2358 887 2426 quos
910 2332 1008 2426 paulo
1030 2333 1219 2417 nominavi,

187 2457 323 2524 interiit.

236 2579 374 2646 XCVII.
400 2579 510 2646 Caesar
534 2575 682 2658 interim,
702 2576 810 2642 Zamae
835 2573 988 2642 auctione
1009 2576 1097 2666 regia
1119 2575 1219 2660 facta,

185 2697 350 2790 bonisque
367 2718 481 2763 eorum
498 2692 652 2774 venditis,
666 2693 725 2784 qui
742 2693 966 2762 civesromani
987 2707 1102 2762 contra
1117 2719 1220 2789 popu·

188 2818 260 2886 lum
277 2837 452 2884 romanum
469 2835 559 2880 arma
581 2809 743 2894 tulerant,
757 2811 964 2906 praemiisque
984 2813 1219 2903 Zamensibus,

187 2935 246 3030 qui
267 2933 309 3002 de
335 2957 411 3027 rege
439 2929 641 2999 excludendo
666 2929 839 2998 consilium
866 2945 1043 3023 ceperant,
1068 2933 1219 3020 tributis,

187 3052 583 3148 vectigalibusqucregiis
597 3051 782 3144 abrogatis,
803 3073 843 3116 ex
863 3074 1030 3142 regnoque
1051 3052 1220 3144 provincia

187 3176 289 3263 facta,
308 3189 407 3267 atque
423 3173 470 3241 ibi
485 3173 602 3264 Crispo
612 3169 766 3239 Sallustio
776 3168 971 3264 proconsule
983 3194 1058 3238 cum
1080 3171 1220 3264 imperio

188 3294 323 3382 relicto,
340 3295 409 3387 ipse
423 3296 522 3361 Zama
536 3313 684 3385 egressus
701 3292 834 3358 Uticam
852 3313 886 3358 se
904 3291 1037 3386 recepit.
1055 3291 1105 3358 Ibi
1124 3291 1219 3360 bonis

189 3413 332 3485 venditis
353 3436 485 3500 eornm,
504 3411 561 3505 qui
582 3409 643 3479 sub
660 3409 744 3479 ana
761 3410 953 3503 Petreioque
973 3408 1103 3478 ordines
1120 3408 1220 3479 duxe-

190 3549 284 3622 rant,
310 3523 388 3602 item
418 3531 626 3625 Thapsitanis
651 3553 694 3600 ns
723 3530 870 3616 vicesies,
897 3529 1075 3596 conventui
1107 3553 1219 3597 eorum

190 3681 233 3728 as
263 3655 421 3740 tricesies,
457 3651 682 3722 Adrumetinis
711 3673 755 3718 ns
777 3649 938 3734 tricesies,
966 3650 1140 3716 conventui
1165 3673 1221 3717 eo·

190 3800 265 3843 rum
279 3797 323 3844 ns
340 3773 577 3867 quinquagies,
594 3769 705 3839 multae
724 3769 858 3837 nomine
877 3768 1020 3860 imponit
1044 3793 1052 3835 :
1073 3769 1220 3836 civitates

192 3893 344 3987 bonaque
370 3917 485 3961 eorum
512 3891 555 3960 ab
574 3891 665 3960 omni
696 3889 816 3984 injuria
843 3889 1034 3982 rapinisque
1062 3885 1218 3956 defendit.

193 4011 401 4104 Leptitanos,
421 4035 563 4104 quorum
582 4008 805 4102 superioribus
822 4007 918 4076 annis
933 4008 1016 4076 Juba
1033 4007 1120 4076 bona
1138 4005 1219 4074 diri·

335 4153 370 4197 ιι.
1044 4126 1085 4195 18
