3060 4768
302 405 358 460 ²7⁰
476 387 507 442 C.
527 384 623 442 JULll
643 384 807 442 cussuts
827 381 1023 441 contuntur.
1045 387 1155 443 LIBER

301 511 388 580 beris
408 534 447 578 ex
471 533 530 579 sua
555 507 791 579 cousuetudine
819 507 950 594 tribuit,
976 509 1172 604 circiterque
1198 524 1326 580 noctem

302 629 481 699 luminibus
498 629 643 699 accensis
664 629 794 697 Uticam
813 629 982 722 pervenit,
1001 643 1100 722 atque
1119 641 1211 697 extra
1228 631 1325 723 oppi-

301 750 380 819 dum
399 775 437 818 ea
455 763 551 818 nocte
567 749 698 818 mansit.
755 815 761 823 ,

274 865 275 868 ’
347 871 418 938 XC.
438 871 573 938 Postero
588 867 642 936 die
658 891 754 937 mane
771 865 930 962 oppidum
949 868 1082 958 iptrcit:
1103 869 1327 964 concinneque

301 988 480 1077 advocata,
502 987 661 1056 uticenses
682 985 804 1057 incolas
827 987 1033 1075 cohortatus,
1052 987 1172 1083 gratias
1191 1012 1251 1081 pro
1269 1012 1326 1056 cc·

301 1131 372 1178 rum
391 1132 470 1202 erga
488 1131 523 1176 se
541 1105 651 1176 studio
669 1107 761 1202 agit:
777 1106 863 1176 cives
882 1119 994 1176 autem
1013 1131 1167 1177 romanos
1185 1108 1327 1201 negotia·

300 1243 407 1314 tores,
429 1241 463 1295 et
478 1251 552 1312 eos,
573 1228 629 1320 qni
649 1227 734 1294 inter
751 1247 814 1296 ccc
832 1227 988 1320 pecunias
1008 1223 1217 1296 contulerant
1235 1227 1326 1296 Varo

245 1325 248 1334 Ι
301 1361 334 1414 et
353 1347 513 1440 Scipioni,
530 1344 642 1416 multis
661 1345 767 1414 verbis
785 1361 968 1435 accusatos,
988 1360 1023 1416 et
1041 1345 1083 1415 de
1097 1369 1212 1415 eorum
1227 1343 1326 1414 scele-

300 1464 390 1533 ribus
419 1462 567 1558 longiore
594 1463 706 1534 habita
733 1465 882 1553 ratione,
908 1463 950 1533 ad
974 1479 1173 1553 extremum,
1195 1479 1233 1534 ut
1256 1465 1326 1532 sine

299 1597 389 1652 rnetu
411 1581 595 1676 prodirent,
620 1583 719 1652 edicit
734 1591 749 1651 '2
775 1611 792 1648 α
810 1583 851 1652 Se
876 1583 923 1652 eis
942 1581 1100 1652 duntaxat
1122 1586 1222 1652 vitam
1246 1607 1325 1652 con·

299 1726 481 1792 cessurum3
503 1703 590 1772 bona
612 1702 745 1796 quidem
769 1725 884 1772 eorum
907 1726 942 1771 se
966 1702 1192 1789 venditurum,
1215 1705 1262 1771 ita
1280 1717 1326 1771 ta·

300 1845 390 1908 rnen,
408 1822 465 1914 qui
484 1845 597 1890 eornm
615 1822 703 1891 bona
722 1845 781 1890 sua
797 1819 1007 1905 redemisset,
1019 1845 1053 1890 se
1069 1821 1232 1890 bcncrurn
1245 1845 1324 1890 ven·

299 1940 456 2032 ditionem
472 1939 705 2028 inducturum,
723 1955 756 2010 et
774 1939 947 2035 pecuniam
964 1939 1074 2010 multae
1090 1942 1224 2010 nomine
1240 1938 1325 2010 rela-

226 2051 230 2056 ’
299 2076 427 2149 turum,
439 2075 476 2130 ut
493 2055 751 2130 incoluniitatenr
765 2061 907 2130 retinere
921 2076 1039 2159 posset.
1060 2090 1077 2127 s
1091 2063 1222 2150 Quibus
1234 2077 1324 2131 metu

298 2179 534 2274 exsanguibus,
547 2177 588 2248 de
598 2179 730 2272 vitaque
745 2203 784 2248 ex
797 2205 858 2250 suo
866 2182 1047 2273 promerito
1056 2179 1324 2276 desperantibus,

300 2297 409 2366 subito
425 2296 534 2368 oblata
551 2293 674 2384 salute,
688 2297 826 2368 libentes
840 2297 1016 2393 cupidique
1032 2297 1254 2370 conditionem
1271 2323 1325 2368 ac·

298 2431 457 2512 ceperunt
477 2441 485 2484 :
505 2417 766 2512 petieruntquea
783 2419 930 2505 Cessare,
949 2432 987 2487 ut
1004 2417 1162 2487 universis
1178 2441 1238 2490 ccc
1256 2443 1324 2491 uno

298 2537 432 2606 nornine
456 2537 628 2630 pecuniam
653 2536 838 2640 imperaret.
862 2538 977 2630 ltaque
1000 2536 1051 2606 bis
1069 2535 1185 2606 millies
1208 2559 1252 2604 ns
1271 2537 1323 2604 his

297 2658 470 2752 imposito,
489 2670 526 2725 ut
546 2681 604 2751 per
624 2658 803 2726 triennium
825 2680 881 2725 sex
898 2656 1111 2751 pensionibus
1127 2653 1252 2751 populo
1270 2681 1323 2724 rc·

296 2800 396 2845 mano
423 2774 606 2862 solverent,
632 2774 727 2845 nullo
751 2799 867 2846 eorum
891 2790 1079 2862 recusante,
1099 2801 1138 2845 ac
1162 2773 1321 2844 seecdern

277 2895 349 2966 'dic
363 2895 494 2966 demum
513 2908 607 2963 natos
626 2893 856 2988 predicantes,
872 2893 937 2963 lati
954 2895 1060 2989 gratia
1072 2909 1177 2990 agunt
1192 2895 1323 2964 Caesari.

342 3018 430 3085 xct.
456 3017 528 3083 Rex
551 3015 683 3084 interim
706 3015 809 3102 Juba,
833 3030 871 3085 ut
890 3039 930 3084 er
953 3013 1070 3108 proelic
1091 3013 1239 3109 fugerat,
1257 3037 1326 3082 nna

295 3158 371 3205 cum
394 3135 523 3203 Petreio
549 3132 692 3203 interdiu
716 3136 750 3202 in
775 3129 860 3204 villis
882 3133 1062 3219 latitando,
1089 3136 1241 3222 tandem,
1263 3159 1325 3202 no-

295 3229 422 3324 cturnis
443 3253 616 3323 itineribus
636 3253 809 3342 conlectis,
829 3254 863 3323 in
876 3279 1015 3350 regnum
1036 3255 1327 3350 perveniuntque

295 3373 336 3442 ad
352 3371 512 3465 oppidum
529 3375 661 3441 Zamam
676 3424 685 3460 ‚
700 3374 757 3442 ubi
772 3377 841 3470 ipse
858 3372 1078 3461 domicilium,
1095 3375 1270 3468 conjuges,
1286 3370 1327 3440 li-

295 3491 455 3585 bercsque
470 3479 640 3580 babebat,
663 3515 730 3586 quo
748 3517 789 3562 ex
812 3509 931 3563 cuncto
954 3515 1058 3588 regno
1078 3517 1210 3564 omnem
1229 3515 1327 3586 pecu·

295 3611 383 3681 niam
403 3612 653 3707 rarissimasque
674 3637 726 3682 res
752 3627 1040 3708 comportaverat,
1060 3611 1214 3706 quodque
1242 3611 1326 3678 inito

296 3730 383 3802 bello
402 3732 557 3825 operibns
575 3733 724 3803 maximis
743 3735 923 3819 munierat,
942 3732 1077 3802 accedit.
1101 3733 1211 3820 Quem
1229 3729 1326 3823 oppi-

298 3849 393 3935 dani,
410 3865 506 3920 antea
521 3875 653 3921 rumore
668 3865 821 3945 exoptato
831 3851 872 3921 de
887 3853 1025 3922 Casaris
1038 3851 1176 3920 victoria
1192 3850 1326 3934 audito,

295 3969 339 4038 ob
356 3969 415 4038 has
432 3995 545 4042 causas
563 3970 686 4065 oppido
704 3971 960 4064 prohibuerunt,
976 3970 1086 4065 quod,
1106 3967 1190 4039 bello
1207 3975 1326 4038 contra
