3088 4766
509 401 559 456 ne
581 381 700 454 senno
719 397 834 454 crvru
857 399 925 452 ern.
947 400 968 452 1.
1222 419 1256 476 ις
1293 419 1297 428 ·

231 528 372 595 evocatis
391 525 564 618 sagittariis
580 521 867 615 funditoribusque
884 545 975 590 raros
993 523 1027 588 in
1046 543 1141 589 muro
1157 527 1256 590 turri·

231 645 358 737 busque
381 643 536 736 disponit.
563 645 631 710 Hos
653 643 863 734 certosigno
890 653 1043 709 revocure
1068 642 1256 725 constituit,

232 787 336 856 quum
355 785 468 829 omnes
484 759 604 828 milites
617 784 717 827 naves
733 761 1016 844 conscendissent3
1036 773 1134 853 atque
1151 761 1189 827 iis
1203 783 1258 828 ex-

231 881 343 975 pedito
359 880 432 949 loco
447 880 591 948 actuaria
611 879 742 972 navigia
758 877 923 971 relinquit.

279 999 437 1069 XXVIII.
460 997 666 1084 Brundisini,
679 999 956 1091 Pompeianorum
971 996 1112 1066 militum
1130 998 1257 1090 injuriis

232 1135 332 1212 atque
340 1119 443 1213 ipsius
455 1117 602 1210 Pompeii
610 1115 819 1185 contumeliis
833 1117 992 1210 permoti,
1007 1118 1142 1185 Caesaris
1160 1108 1258 1186 rebus

232 1236 393 1307 favebant
409 1239 545 1329 Itaque,
561 1237 692 1328 cognita
712 1236 858 1328 Pompeii
879 1235 1104 1327 profectione,
1121 1258 1259 1304 concur·

232 1357 380 1427 sentibus
399 1355 462 1424 illis
480 1369 579 1448 atque
600 1356 635 1423 in
653 1377 691 1422 ee
715 1379 751 1422 re
776 1356 957 1448 occupatis,
981 1354 1081 1447 vulgo
1102 1379 1142 1424 ex
1166 1355 1258 1424 tectis

231 1475 459 1570 significabant
477 1499 485 1542 :
506 1498 567 1568 per
584 1497 667 1566 quos
687 1497 722 1541 re
739 1475 885 1566 cognitu,
905 1477 1014 1543 Caesar
1033 1473 1133 1542 scalas
1149 1477 1258 1568 parari

232 1593 418 1686 militesque
434 1595 553 1660 armari
560 1593 654 1684 jubet
667 1644 677 1676 ,
688 1615 729 1660 ne
738 1615 837 1684 quam
851 1591 897 1660 rei
909 1592 1056 1685 gerendae
1070 1591 1257 1661 facultatem

234 1713 389 1782 dimittat.
407 1713 582 1804 Pompeius
600 1711 661 1778 snb
678 1725 808 1778 noctem
826 1733 924 1777 naves
943 1708 1049 1778 solvit.
1075 1711 1143 1798 Qui
1166 1724 1259 1777 erant

233 1835 268 1901 in
283 1855 380 1902 muro
397 1828 553 1898 custodiae
573 1852 671 1897 causa
695 1827 864 1915 collocati,
884 1852 923 1897 eo
943 1831 1055 1922 signo,
1073 1828 1162 1921 quod
1183 1854 1260 1897 con·

234 1963 387 2036 venerat,
406 1961 616 2033 revocantur,
628 1949 780 2040 notisque
791 1948 962 2016 itineribus
979 1947 1020 2016 ad
1033 1972 1131 2016 naves
1144 1948 1259 2018 decur-

235 2082 323 2137 runt.
342 2067 482 2154 Milites,
498 2068 613 2161 positis
633 2066 748 2154 scalis,
765 2091 878 2135 muros
896 2066 1092 2152 ascendunt3
1112 2067 1168 2136 sed
1185 2092 1259 2137 mo·

235 2187 296 2255 niti
314 2211 334 2256 e
350 2185 569 2274 Brundisinis,
588 2201 625 2253 ut
640 2183 761 2254 vallum
780 2211 899 2254 cecum
920 2186 1086 2278 fossasque
1104 2203 1259 2274 caveant,

235 2305 432 2390 subsistunt,
448 2319 482 2372 et
497 2302 597 2398 longo
616 2305 733 2372 itinere
750 2303 791 2371 eb
806 2305 857 2372 his
875 2303 1111 2390 circumducti,
1129 2306 1171 2374 ud
1186 2331 1260 2400 por-

236 2437 305 2492 tum
325 2423 536 2517 perveniunt,
554 2421 700 2514 duasque
725 2445 824 2490 naves
847 2447 921 2490 cum
940 2421 1117 2512 militibus,
1133 2449 1206 2516 quae
1220 2425 1261 2493 ad

236 2539 338 2610 moles
357 2543 495 2612 Caesaris
515 2540 735 2626 adhaeserant,
760 2540 891 2633 scaphis
909 2539 1127 2634 lintribusque
1150 2541 1262 2634 depre-

237 2659 407 2747 hendunt,
426 2658 644 2752 deprehensas
662 2659 839 2750 excipiunt.

283 2779 407 2847 xxm
423 2779 544 2862 Caesar,
554 2775 615 2841 etsi
632 2772 674 2841 ad
683 2799 774 2868 spem
784 2775 978 2844 conficiendi
992 2779 1113 2870 negotii
1123 2779 1262 2846 maxime

238 2896 419 2992 probabat,
437 2894 557 2963 coactis
576 2893 714 2962 navibus
733 2919 824 2963 mare
842 2897 997 2981 transire,
1019 2911 1051 2965 et
1069 2898 1261 2990 Pompeium

239 3017 347 3107 sequi,
362 3016 454 3108 prius
471 3036 571 3106 quam
590 3012 646 3082 ille
664 3037 734 3082 sese
751 3015 977 3082 transmarinis
997 3014 1126 3084 auxiliis
1143 3014 1263 3083 conlin-

239 3145 362 3220 meret,
379 3145 487 3200 tamen
504 3133 572 3225 ejus
588 3133 638 3202 rei
653 3157 780 3201 moram
802 3133 1025 3226 temporisque
1043 3132 1263 3228 longinquita-

239 3264 305 3320 tem
323 3250 476 3339 tImebet,
492 3251 597 3344 quod,
614 3252 766 3320 omnibus
783 3255 903 3320 coactis
919 3231 1071 3340 navibus,
1088 3255 1264 3346 Pompeius

239 3385 432 3466 presentem
453 3369 639 3438 facultatem
662 3369 857 3463 insequendi
881 3373 932 3439 sui
951 3371 1126 3441 ademerat,
1150 3369 1263 3440 Relin-

240 3491 415 3583 quebatur,
433 3503 470 3558 ut
480 3515 520 3558 ex
539 3488 825 3583 longinquioribus
844 3487 1157 3581 regionibusGalliae
1173 3491 1263 3557 Pice·

240 3612 354 3703 nique,
372 3623 406 3678 et
425 3633 443 3676 e
460 3607 544 3677 freto
561 3633 659 3678 naves
683 3622 788 3677 essent
805 3606 1037 3701 exspectandae.
1058 3607 1113 3693 Id,
1129 3622 1264 3700 propter

241 3730 318 3796 enni
337 3741 480 3820 tempus,
509 3726 646 3822 longum
666 3740 764 3820 atque
785 3725 979 3821 impeditum
1003 3723 1183 3792 videbatur.
1208 3727 1263 3793 In·

242 3859 329 3914 terea
361 3861 502 3916 veterem
530 3848 734 3934 exercitum,
760 3845 840 3914 duas
872 3843 1046 3936 Hispanias
1076 3843 1263 3912 confirmari

242 3963 403 4056 (querum
429 3965 530 4036 altera
559 3980 628 4034 eret
662 3967 811 4034 maximis
844 3961 1007 4032 beneficiis
1032 3964 1179 4058 Pompeii
1206 3962 1288 4031 dea*

1078 4109 1110 4152 n.
