3026 4768
286 341 341 408 148
439 341 469 394 C.
492 339 588 394 JULII
609 339 772 396 CAESARIS
794 335 1161 395 COMMENTARIORUM

282 467 423 560 pissimis
447 464 572 533 habeut
596 466 695 532 rebus
718 489 725 530 :
746 463 841 556 cujus
866 467 913 532 rei
936 461 1027 532 nulla
1055 478 1105 531 est
1125 462 1325 550 occultatio,

281 586 370 680 quod
390 601 424 654 et
436 586 625 678 promiscue
638 587 672 652 in
690 583 882 652 fluminibus
899 583 1114 677 perluuntur,
1132 599 1164 652 et
1181 583 1322 677 pellibus

281 720 340 773 aut
357 707 467 798 parvis
484 706 672 774 rhenonum
691 704 877 798 tegimentis
894 719 1055 790 utuntur,
1071 729 1190 798 magna
1205 729 1325 798 corpo-

280 826 325 893 ris
339 839 433 919 parte
449 822 548 895 nuda.

327 945 436 1013 XXII.
460 942 679 1039 Agriculturae
701 970 770 1013 non
793 944 943 1028 student3
965 947 1137 1038 majorque
1160 968 1235 1035 pars
1255 946 1324 1011 vic-

280 1080 334 1134 tus
357 1089 472 1133 eorum
490 1066 525 1132 in
543 1064 644 1152 lacte,
668 1073 777 1151 caseo,
795 1089 895 1133 carne
910 1059 1063 1134 consistit
1083 1090 1091 1131 :
1113 1066 1324 1157 neque'quis·

280 1209 380 1278 quam
398 1187 471 1279 agri
488 1185 626 1252 modum
642 1199 770 1252 certum
786 1201 845 1252 aut
863 1185 943 1252 lines
960 1185 1058 1253 habet
1079 1185 1248 1278 proprios3
1266 1184 1324 1252 sed
1350 1259 1351 1264 ἵ

280 1305 492 1399 magistratus
513 1330 550 1374 ac
566 1307 734 1401 principes
756 1306 791 1373 in
811 1330 915 1373 annos
931 1303 1078 1399 singulos
1094 1304 1249 1397 gentibus
1270 1329 1323 1370 co-

260 1487 261 1492 ,
279 1425 824 1519 gnationibusquchominum,qui
840 1450 905 1492 una
922 1427 1088 1512 coierunt,
1100 1439 1278 1518 quantum,
1290 1439 1323 1491 et

280 1569 347 1638 quo
369 1545 444 1614 loco
465 1547 573 1615 visum
594 1559 660 1631 est,
683 1547 754 1640 agri
776 1546 984 1632 attribuunt,
1013 1559 1112 1639 atque
1138 1569 1227 1613 anno
1248 1562 1323 1638 post

280 1663 345 1733 alio
358 1665 498 1733 transire
513 1669 648 1758 cogunt.
660 1667 740 1758 Ejus
750 1667 797 1734 rei
813 1665 934 1734 multas
952 1665 1096 1734 afferunt
1108 1689 1244 1733 causas:
1260 1692 1317 1752 ne,

279 1781 411 1852 assidua
425 1783 669 1852 consuetudine
692 1787 796 1878 capti,
817 1786 964 1854 studium
981 1785 1060 1855 belli
1079 1786 1218 1880 gerundi
1235 1788 1321 1881 agri-

278 1902 410 1973 cultura
427 1919 651 1988 commutent,
671 1929 713 1972 ne
733 1904 816 1973 latos
832 1905 914 1974 fines
933 1931 1050 2000 parare
1065 1906 1236 1993 studeant,
1260 1933 1320 2000 po-

281 2026 504 2118 tentioresque
514 2024 706 2094 humiliores
716 2027 974 2118 possessionibus
984 2025 1218 2120 expellant3ne
1229 2052 1321 2095 accu-

280 2145 398 2230 ratius,
414 2144 456 2211 ad
468 2143 591 2238 frigora
607 2160 707 2239 atque
722 2139 996 2231 aestusvitandos,
1013 2147 1189 2235 aedificent3
1202 2172 1319 2241 nequa

279 2264 408 2333 oriatur
424 2267 573 2358 pecunia>
588 2265 767 2358 cupiditas,
784 2291 849 2358 qua
865 2289 905 2333 ea
922 2291 957 2334 re
975 2266 1132 2335 factiones
1148 2267 1318 2335 dissensio

277 2407 401 2476 nesque
418 2399 615 2471 nascuntur;
627 2398 665 2453 ut
680 2386 782 2452 animi
796 2387 950 2478 aequitate
965 2385 1095 2479 plebem
1110 2379 1317 2471 contineant,

276 2528 380 2595 quum
390 2527 465 2571 suas
478 2504 618 2596 quisque
627 2529 704 2598 opes
721 2529 796 2573 cum
812 2507 1048 2599 potentissimis
1061 2493 1183 2601 aequari
1196 2506 1315 2575 videat.

324 2625 450 2693 ΧΧΙΙΙ.
475 2624 676 2692 Civitatibus
692 2627 836 2694 maxima
855 2624 925 2694 laus
941 2642 1006 2712 est,
1023 2653 1122 2720 quam
1142 2624 1317 2695 latissimas

275 2745 399 2813 circum
420 2767 454 2812 sc
476 2743 609 2812 vastatis
633 2743 753 2812 finibus
774 2744 969 2814 solitudines
990 2747 1123 2814 habero.
1150 2751 1222 2814 Hoc
1243 2773 1318 2840 pro-

275 2865 385 2957 prium
412 2865 543 2932 virtutis
563 2865 767 2950 existimant,
793 2865 945 2959 expulsos
968 2868 1056 2962 agris
1082 2865 1240 2934 finitimos
1261 2893 1316 2936 ce·

275 2980 368 3066 dere,
386 3008 492 3076 neque
513 3009 712 3078 quemquam
734 3011 836 3081 prope
852 2986 974 3054 audere
992 2990 1171 3056 consistere
1192 3013 1200 3055 ι
1219 2988 1316 3056 simul

274 3102 338 3169 hoc
357 3126 391 3170 se
417 3103 487 3171 fore
512 3107 650 3173 tutiores
671 3107 892 3190 arbitrantur,
915 3107 1097 3198 repentinae
1117 3109 1316 3178 incursionis

275 3199 394 3289 timore
413 3221 553 3292 sublato.
573 3226 689 3314 Quum
705 3225 830 3295 bellum
847 3227 962 3293 civitas
982 3240 1039 3292 aut
1057 3224 1186 3295 illatum
1203 3227 1316 3296 defen·

273 3342 338 3430 dit,
355 3359 413 3412 aut
429 3343 543 3432 infert,
557 3347 781 3440 magistratus,
796 3347 853 3439 qui
871 3346 900 3414 ei
917 3343 1005 3413 bello
1019 3347 1169 3439 praesint,
1187 3362 1225 3415 ut
1241 3350 1316 3416 vitae

273 3464 429 3556 necisqffl
446 3462 588 3531 habeant
602 3479 814 3557 potestatem,
830 3465 1033 3560 deliguntur.
1051 3469 1090 3534 In
1107 3491 1188 3560 pace
1205 3467 1315 3536 nullus

272 3584 458 3651 communis
468 3596 518 3650 est
533 3585 759 3677 magistratus,
774 3585 831 3653 sed
845 3587 1012 3679 principes
1026 3588 1199 3680 regionum
1216 3602 1314 3679 atque

272 3728 435 3798 pagorum
463 3702 551 3771 inter
577 3729 653 3772 suos
676 3705 730 3797 jus
755 3703 889 3790 dicunt,
918 3707 1226 3801 controversiasque
1250 3708 1314 3774 mi-

272 3838 390 3893 nuunt.
415 3825 607 3892 Latrocinia
627 3823 754 3892 nullam
773 3824 896 3892 babent
916 3823 1101 3912 infamiam,
1124 3851 1198 3918 quar
1221 3841 1314 3894 extra

272 3941 352 4010 lines
373 3943 533 4036 cujusque
555 3945 698 4013 civitatis
718 3943 817 4030 fiunt3
840 3959 939 4038 atque
959 3969 997 4012 ea
1013 3945 1200 4038 juventutis
1219 3973 1312 4016 exer·
