3062 4766
436 389 486 442 ne
506 387 625 448 nauco
647 390 810 448 cituco
833 391 902 445 nra.
918 391 996 444 v111.
1145 357 1147 360 ’
1184 391 1239 459 243

193 511 411 607 rentreliqui‚
438 515 547 583 cesar
570 539 656 585 unus
679 515 821 603 videret,
841 541 858 582 e
883 517 1019 610 regione
1040 517 1110 609 ejus
1131 524 1241 588 vineas

192 659 290 729 agere
322 632 482 701 adversus
514 649 679 720 montem,
708 651 740 704 et
771 659 906 731 aggeres
935 637 1101 706 instruere
1126 639 1240 732 coepit,
1336 701 1338 706 .

193 779 315 848 magno
340 776 417 820 cum
438 749 552 820 labore
580 767 613 822 et
639 757 798 824 continua
822 755 1044 826 dimicatione.
1071 755 1238 850 Oppidani

193 875 297 957 enim,
317 871 390 940 loco
407 873 579 964 superiore
599 873 830 962 decurrentes,
855 877 1074 945 eminus¹sine
1091 873 1238 970 periculo

196 991 455 1086 proeliabantnr,
468 991 658 1086 multosque
673 996 887 1086 pertinaciter
899 995 1114 1066 succedentes
1130 993 1244 1064 vulne·

194 1113 327 1199 rabant,
342 1126 380 1179 ut
396 1127 507 1180 tamen
523 1137 592 1180 non
609 1113 856 1184 deterrerentur
870 1115 992 1185 milites
1006 1116 1113 1184 nostri
1132 1117 1243 1184 vineas

194 1231 358 1326 proferre,
382 1247 482 1325 atque
504 1234 660 1327 operibus
689 1233 837 1305 locorum
861 1240 993 1306 masere
1019 1233 1241 1306 difficultates.

195 1351 320 1422 Eodem
341 1341 491 1446 tempore
513 1368 616 1423 tectos
633 1355 806 1451 cuniculos
824 1359 865 1425 ab
881 1358 986 1426 vineis
1008 1373 1111 1451 agunt
1131 1358 1173 1425 ad
1189 1383 1242 1425 ca-

197 1488 257 1567 put
275 1474 390 1560 fontis3
410 1473 500 1566 quod
518 1499 622 1568 genus
641 1479 750 1569 operis
768 1479 839 1546 sine
861 1476 931 1546 ullo
951 1476 1102 1570 periculo
1120 1493 1154 1545 et
1172 1480 1243 1546 sine

197 1595 386 1686 suspicione
409 1594 556 1662 hostium
576 1595 684 1664 lacere
708 1595 837 1665 licebat.
863 1599 1054 1665 Exstruitur
1079 1619 1181 1690 agger
1208 1597 1240 1662 in

196 1711 407 1782 altitudinem
426 1713 547 1807 pedum
570 1739 620 1798 1x3
644 1713 826 1784 collocatur
846 1717 880 1783 in
901 1740 941 1784 eo
958 1715 1059 1783 turris
1076 1739 1099 1782 x
1117 1711 1243 1782 tabula·

199 1848 326 1919 torum,
348 1857 417 1900 non
438 1831 573 1925 quidem
593 1859 665 1928 quae
686 1835 848 1902 moenibus
874 1848 1060 1927 aequaretur
1076 1832 1132 1926 (id
1152 1835 1240 1900 enim

199 1952 299 2022 nullis
315 1951 471 2046 operibus
493 1952 579 2021 ellici
598 1953 767 2048 poterat),
785 1954 841 2022 sed
861 1979 933 2046 quae
952 1962 1122 2047 superaret
1141 1952 1241 2020 fontis

197 2070 378 2167 fastigium.
396 2075 447 2141 Ex
464 2096 501 2140 ea
518 2097 621 2164 quum
638 2072 701 2141 tela
716 2074 889 2142 tormentis
903 2075 1093 2166 jacerentur
1109 2071 1151 2140 ad
1166 2071 1242 2139 fon·

197 2194 239 2260 tis
260 2192 385 2276 aditus,
401 2216 462 2261 nec
484 2194 554 2261 sine
571 2191 719 2286 periculo
738 2207 871 2286 possent
887 2192 1044 2286 adaquari
1064 2191 1241 2284 oppidani,

196 2337 264 2380 non
280 2327 412 2382 tantum
429 2337 548 2406 pecora
563 2329 662 2406 atque
673 2313 843 2406 jumenta,
859 2311 1027 2381 sedetiam
1047 2337 1167 2406 magna
1182 2313 1242 2380 ho·

197 2436 325 2502 minum
342 2433 523 2502 multitudo
541 2434 594 2501 siti
611 2433 876 2502 consumebatur.

245 2556 350 2621 XLII.
368 2554 448 2639 Quo
464 2549 553 2619 malo
570 2553 737 2644 perterriti
753 2551 911 2645 oppidani
928 2575 1029 2645 cupas
1042 2575 1135 2636 sevo,
1153 2551 1239 2642 pice,

197 2664 357 2740 scindulis
378 2668 567 2762 complent;
599 2695 653 2738 eas
674 2671 826 2740 ardentes
846 2672 881 2737 in
902 2693 1003 2764 opera
1029 2668 1238 2762 provolvunt.

197 2791 322 2862 Eodem
339 2804 487 2882 tempore
504 2793 663 2860 acerrime
676 2790 885 2884 proeliantur,
904 2805 940 2858 ut
953 2790 994 2858 ab
1009 2788 1161 2858 incendio
1175 2814 1242 2856 ress

197 2908 382 3006 tinguendo
399 2909 612 2976 dimicatione
623 2925 666 2978 et
683 2909 831 3004 periculo
850 2908 1039 2979 deterreant
1059 2912 1237 2977 Romanos.

200 3035 324 3126 Magna
346 3045 483 3124 repente
501 3032 537 3098 in
558 3032 635 3124 ipsis
659 3031 816 3124 operibus
838 3031 970 3099 flamma
988 3030 1122 3098 exstitit.
1138 3031 1239 3119 Quae-

196 3176 328 3245 cunque
351 3153 440 3220 enim
467 3175 528 3245 per
552 3149 661 3220 locum
688 3153 891 3244 praecipitem
918 3151 1018 3220 missa
1046 3164 1156 3238 erant,
1185 3175 1240 3234 ea,

199 3273 302 3340 vineis
319 3287 351 3341 et
369 3297 489 3366 aggere
508 3295 703 3366 suppressa,
720 3271 1049 3364 comprehendebant
1073 3271 1107 3338 id
1130 3272 1238 3362 ipsum

197 3393 286 3485 quod
301 3393 503 3461 morabatur.
522 3390 647 3460 Milites
664 3405 780 3460 contra
796 3393 921 3478 nostri,
940 3415 1131 3484 quanquam
1151 3391 1239 3482 peri·

191 3511 311 3582 'culoso
322 3538 442 3607 genere
455 3509 561 3606 proelii
577 3510 716 3603 locoque
732 3511 847 3605 iniquo
861 3512 1112 3605 premebantur,
1127 3523 1236 3576 tamen

197 3635 310 3702 omnia
333 3635 541 3728 paratissimo
565 3632 771 3700 sustinebant
794 3633 905 3700 animo
927 3659 933 3698 :
958 3656 1010 3698 res
1032 3630 1122 3698 enim
1144 3652 1239 3723 gere·

198 3755 296 3822 batur
316 3769 349 3822 et
366 3751 494 3822 excelso
515 3750 602 3836 loca,
625 3767 657 3821 et
678 3753 711 3818 in
732 3766 910 3844 conspectu
931 3752 1096 3818 exercitus
1113 3749 1238 3836 nostri,

149 3865 154 3874 ’
199 3899 404 3968 magnusque
425 3877 582 3965 utrinque
605 3872 731 3942 elamor
754 3873 938 3956 oriebatur;
964 3873 1007 3939 ita
1031 3895 1129 3966 quam
1151 3871 1240 3962 quis-

197 4021 262 4087 que
288 4009 417 4087 poterat
443 3995 585 4060 maxime
617 3994 771 4086 insignis,
798 4017 865 4084 quo
892 3993 1003 4060 notior
1028 3993 1241 4081 testatiorque

1077 4091 1128 4158 16.
