3020 4768
288 291 324 346 26
442 293 472 344 C.
491 290 590 344 JULIl
610 289 772 345 CAESleS
794 291 1157 348 COMMENTARIORUM

286 415 465 508 crebroque
478 417 563 484 inter
573 439 607 482 sc
617 405 821 507 equestribus
837 413 958 506 proeliis
970 416 1221 486 contendebant.
1234 423 1309 488 lluc

287 563 390 631 quum
407 537 599 629 quotidiana
612 533 850 604 consuetudine
867 559 1047 628 congressas
1061 536 1308 631 pabulatoribus

288 657 437 750 praesidio
456 657 590 750 proprio
610 653 752 748 legiones
776 654 927 722 Fabianae
943 655 1016 723 duae
1035 653 1156 724 llumen
1174 659 1308 726 transis·

287 791 374 861 sent,
403 775 700 870 impedimentaque
728 789 762 842 et
779 774 887 842 omnis
918 775 1083 867 equitatus
1107 789 1308 868 sequeretur,

287 895 395 963 subito
413 896 445 962 vi
461 909 631 962 ventorum
648 907 681 961 et
697 917 789 986 aquae
804 893 1032 986 magnitudine
1047 917 1130 986 pons
1149 908 1197 962 est
1213 895 1312 964 inter-

288 1027 422 1106 ruptus,
449 1028 482 1081 et
508 1011 635 1105 reliqua
653 1011 832 1080 multitudo
849 1013 996 1105 equitum
1021 1011 1209 1081 interclusa.
1231 1015 1309 1102 Quo

287 1133 421 1224 cognito
438 1157 456 1198 a
474 1133 602 1200 Petreio
618 1146 652 1198 et
675 1131 812 1200 Afranio
830 1155 870 1198 ex
889 1155 1006 1225 aggere
1026 1147 1125 1224 atque
1145 1134 1309 1220 cratibus,

287 1273 358 1342 quae
377 1249 512 1318 flumine
539 1250 739 1334 ferebantur,
760 1249 909 1318 celeriter
934 1275 993 1318 suo
1018 1265 1118 1344 ponte
1138 1249 1312 1335 Afranius,

289 1393 386 1461 quem
396 1369 520 1463 oppido
534 1371 714 1461 castrisque
723 1371 936 1460 conjunctum
946 1369 1104 1456 babebat,
1120 1369 1264 1464 legiones
1275 1395 1312 1440 ιν

287 1489 535 1580 equitatumque
551 1512 682 1556 omnem
703 1487 850 1579 trajecit,
875 1485 1065 1580 duabusque
1084 1489 1235 1558 Fabianis
1252 1513 1310 1559 oc-

289 1608 392 1676 currit
413 1605 605 1701 legionibus.
631 1608 734 1700 Cujus
751 1607 893 1674 adventu
911 1609 1080 1692 nuntiato,
1098 1612 1135 1676 L.
1155 1607 1313 1698 Plancus,

288 1727 344 1820 qui
365 1725 547 1820 legionibus
572 1743 727 1821 praeerat,
754 1729 994 1796 necessariora
1022 1743 1174 1812 coactus,
1203 1727 1311 1798 locum

288 1847 377 1939 capit
403 1849 621 1939 superiorem,
648 1845 878 1939 diversamque
906 1847 1008 1914 aciem
1031 1846 1065 1913 in
1094 1844 1175 1916 duas
1203 1862 1312 1940 partes

289 1965 477 2051 constituit,
492 1989 533 2031 ne
546 1965 588 2032 ab
610 1966 757 2056 equitatu
771 1967 1000 2033 circumveniri
1017 1979 1134 2058 posset.
1150 1968 1218 2054 lta,
1235 1991 1312 2035 con-

290 2106 419 2176 gressus
432 2083 550 2174 impari
565 2107 719 2169 numero,
736 2108 872 2177 magnos
886 2086 1025 2178 impetus
1039 2084 1207 2178 legionum
1224 2088 1315 2178 equi·

288 2215 443 2294 ratusque
458 2203 605 2270 sustinet.
627 2205 810 2270 Commisso
824 2203 865 2269 ab
883 2203 1047 2294 equitibus
1068 2203 1199 2295 proelio,
1221 2205 1313 2298 signa

291 2321 431 2389 duarum
458 2318 623 2413 legionum
654 2322 768 2414 procul
801 2321 842 2388 ab
873 2324 1020 2415 utrisque
1049 2325 1313 2416 conspiciuntur,

289 2465 370 2533 quas
384 2445 422 2511 C.
437 2439 556 2511 Fabius
564 2429 728 2508 ‘ulteriore
747 2455 847 2533 ponte
864 2440 1009 2510 subsidio
1025 2443 1147 2510 nostris
1161 2445 1312 2528 miserat,

290 2561 473 2653 suspicatus
490 2558 560 2627 fore
572 2558 621 2646 id,
638 2558 727 2650 quod
741 2559 874 2644 accidit,
890 2573 925 2626 ut
938 2559 1037 2628 duces
1051 2559 1313 2628 adversariorum

290 2681 460 2748 occasione
481 2694 515 2747 et
533 2677 694 2747 beneficio
712 2677 851 2746 fortunae
868 2678 910 2745 ad
930 2693 1059 2747 nostros
1079 2678 1314 2772 opprimendos

290 2813 459 2868 uterentur
476 2825 486 2866 τ
501 2821 643 2891 quarum
655 2796 797 2864 adventu
812 2797 964 2891 proelium
985 2798 1162 2881 dirimitur,
1183 2821 1220 2864 ac
1239 2819 1314 2864 suas

291 2931 428 3010 uterque
445 2917 588 3011 legiones
606 2915 735 2983 reducit
752 2917 785 2982 in
802 2930 918 2984 castra.

338 3039 425 3104 XLI.
454 3039 505 3104 Eo
530 3033 631 3104 biduo
660 3038 769 3104 Cesar
795 3059 869 3102 cum
887 3036 1052 3126 equitibus
1081 3061 1208 3120 occec,
1232 3059 1314 3129 quos

291 3155 353 3222 sibi
369 3153 519 3246 praesidio
538 3153 735 3245 reliquerat,
752 3155 786 3222 in
812 3168 919 3222 castra
944 3154 1102 3246 pervenit.
1130 3159 1233 3241 Pons,
1261 3156 1316 3247 qui

292 3273 397 3342 luerat
409 3287 602 3365 tempestate
614 3274 834 3368 interruptus,
851 3295 942 3366 paene
957 3287 1026 3340 erat
1039 3271 1178 3339 relectus
1197 3298 1205 3338 :
1227 3273 1316 3338 bunc

292 3407 391 3463 noctu
406 3392 518 3489 perfici
527 3394 633 3486 jussit.
651 3397 746 3486 Ipse,
764 3394 896 3486 cognita
913 3391 1057 3460 locorum
1074 3403 1205 3476 natura,
1224 3393 1317 3482 ponti

291 3515 470 3606 castrisque
486 3511 636 3607 praesidio
651 3537 707 3580 sex
727 3512 878 3579 cobortes
896 3509 1072 3602 relinquit,
1093 3524 1193 3602 atque
1207 3511 1317 3577 omnia

292 3631 543 3726 impedimenta,
556 3647 590 3700 et
603 3645 734 3724 postero
749 3628 802 3697 die
819 3629 972 3698 omnibus
987 3630 1107 3722 copiis,
1127 3625 1249 3721 triplici
1269 3628 1319 3694 in·

293 3767 418 3822 structa
429 3753 514 3837 acie,
527 3752 568 3820 ad
582 3749 722 3819 Ilerdam
731 3747 961 3843 proficiscitur,
978 3765 1010 3816 et
1025 3749 1209 3816 suboastris
1224 3745 1317 3816 Afra·

293 3871 337 3937 nii
357 3873 526 3939 constitit:
550 3883 596 3956 et,
613 3869 655 3935 ibi
675 3866 841 3960 paulisper
862 3869 923 3936 sub
944 3869 1042 3936 armis
1061 3879 1225 3954 moratus,
1243 3865 1319 3934 lacit
