3020 4768
477 375 527 431 DE
550 373 670 430 BELLO
690 373 807 429 CIVlLl
829 372 899 428 LIB.
920 373 942 426 1.
1196 371 1234 426 13

197 516 323 597 ageret,
348 524 448 594 quam
467 500 692 594 superioribus
709 497 826 567 diebus
845 510 1053 582 consuesset,
1078 495 1236 566 multum·

198 648 262 716 que
281 649 358 692 cum
377 625 444 691 suis
466 620 662 690 consiliandi
686 646 785 690 causa
811 635 937 690 secreto
963 633 1080 713 praeter
1096 641 1235 688 consue·

198 743 347 812 tudinem
364 740 623 836 colloqueretur,
641 740 778 811 concilia
797 754 1044 833 conventusque
1061 740 1234 809 bominum

142 919 145 924 .
198 865 338 958 fugeret,
355 886 408 932 res
426 862 551 932 diutius
565 863 633 956 tegi
642 860 907 954 dissimularique
918 885 985 930 non
1000 861 1119 955 potuit.
1133 863 1233 929 Pom·

197 987 291 1078 peius
309 987 396 1052 enim
415 984 645 1077 rescripserat,
663 1009 680 1047 a
696 1007 764 1051 sese
776 1007 847 1051 rem
867 983 901 1051 in
921 1005 1089 1051 summum
1104 982 1235 1075 pericu·

198 1104 268 1174 lum
293 1105 514 1174 deducturum
532 1128 599 1172 non
620 1126 705 1188 esse3
726 1126 833 1195 neque
851 1127 911 1172 suo
936 1102 1073 1170 consilio
1092 1117 1151 1170 aut
1178 1125 1235 1170 vo·

199 1224 324 1296 luotate
340 1225 524 1293 Domitium
539 1248 574 1292 se
592 1225 627 1292 in
648 1222 808 1319 oppidum
829 1222 1014 1292 Corfinium
1035 1221 1233 1292 contulisse:

198 1344 352 1438 proinde,
372 1346 398 1413 si
416 1367 481 1438 qua
495 1341 633 1412 facultas
652 1344 780 1432 suisset,
801 1342 843 1412 ad
861 1368 896 1412 se
913 1367 989 1412 cum
1009 1342 1164 1411 omnibus
1181 1367 1235 1410 co·

199 1465 261 1558 piis
278 1466 413 1534 veniret.
431 1495 446 1530 n
463 1465 502 1534 Id
519 1489 561 1533 ne
578 1465 649 1533 lieri
666 1477 793 1558 posset,
811 1462 983 1532 obsidione
1000 1477 1099 1558 atque
1118 1460 1235 1557 oppidi

199 1585 508 1656 circummunitione
525 1584 635 1656 fiebat.

246 1708 322 1775 XX.
350 1704 530 1800 Divulgato
554 1707 690 1774 Domitii
718 1704 873 1793 consilio,
890 1704 1028 1790 milites,
1054 1705 1112 1796 qui
1139 1716 1234 1770 erant

198 1825 354 1911 Corfinii,
384 1828 491 1920 prima
512 1828 639 1921 vesperi
664 1827 880 1895 secessionem
910 1826 1036 1895 faciunt
1064 1838 1163 1916 atque
1188 1822 1234 1890 ita
1328 1865 1331 1869 -

200 1949 287 2016 inter
302 1971 336 2015 se
357 1972 417 2041 per
434 1947 585 2016 tribunos
600 1945 743 2015 militum
763 1947 1037 2038 centurionesque
1056 1959 1157 2037 atque
1176 1942 1236 2011 ho·
1264 2021 1265 2024 Ἴ

200 2067 399 2136 nestissimos
425 2067 475 2136 sui
499 2068 630 2162 generis
657 2065 892 2162 colloquuntur
916 2092 924 2134 ε
945 2064 1125 2134 «obsideri
1151 2088 1187 2132 se
1216 2087 1235 2132 a

199 2189 346 2275 Cesare3
365 2211 464 2281 opera
487 2188 753 2281 munitionesque
770 2213 874 2282 prope
891 2211 958 2258 esse
975 2185 1154 2282 perlectam
1173 2184 1236 2254 du·

200 2329 270 2375 cern
288 2332 386 2376 suum
403 2310 605 2422 Domitium,
626 2311 720 2403 cujus
744 2333 802 2402 spe
818 2323 918 2401 atque
936 2307 1058 2377 fiducia
1077 2331 1235 2402 perman·

201 2429 322 2516 serint,
344 2430 500 2523 projectis
517 2431 691 2516 omnibus,
709 2429 794 2523 fuge
820 2428 993 2497 consilium
1012 2453 1157 2522 capere:
1180 2427 1237 2496 de·
1293 2424 1295 2427 ’

201 2547 277 2616 bere
303 2572 337 2616 se
367 2573 432 2617 suae
460 2548 574 2617 salutis
602 2551 763 2616 rationem
793 2548 926 2616 habere.
946 2577 962 2611 o
981 2548 1032 2618 Ab
1058 2549 1109 2616 his
1127 2551 1235 2643 primo

201 2669 304 2736 Marsi
320 2666 493 2736 dissentire
510 2669 692 2759 incipiunt,
710 2691 846 2759 eamque
863 2666 977 2760 oppidi
994 2683 1138 2760 partem,
1162 2691 1235 2760 quae

203 2787 417 2857 munitissima
438 2785 617 2874 videretur,
628 2800 804 2879 occupant3
819 2799 975 2878 tantaque
992 2788 1146 2856 intereos
1167 2787 1235 2855 dis·

202 2909 307 2976 sentio
329 2908 466 2994 exsistit,
492 2919 530 2974 ut
556 2930 690 2974 manum
711 2929 881 2974 conserere
907 2919 1006 2999 atque
1023 2907 1123 2974 armis
1139 2905 1236 2974 dimi·

203 3051 278 3096 care
299 3041 462 3096 conentur
494 3041 602 3121 :post
622 3025 723 3121 paulo
750 3041 877 3114 tamen,
907 3029 1119 3096 internuntiis
1147 3027 1236 3103 ultro

202 3147 350 3239 citroque
377 3149 497 3234 missis,
527 3171 598 3240 quae
617 3149 832 3243 ignorabant,
859 3147 899 3216 de
928 3151 967 3217 L.
995 3149 1134 3218 Domitii
1160 3147 1238 3244 suga

201 3283 414 3362 cognoscunt.
430 3272 546 3362 Itaque
564 3292 679 3337 omnes
699 3293 766 3337 uno
782 3267 919 3339 consilio
936 3271 1142 3358 Domitium,
1160 3295 1237 3365 pro-

203 3387 338 3458 ductum
362 3390 394 3458 in
414 3389 601 3484 publicum,
627 3390 874 3459 circumsistunt
900 3405 931 3458 et
958 3390 1165 3479 custodiunt,
1192 3390 1238 3460 le·

203 3523 362 3603 gatosque
386 3535 425 3578 ex
451 3534 511 3580 suo
529 3533 668 3578 numero
686 3509 728 3577 ad
746 3513 908 3579 Caesarem
932 3513 1069 3580 mittunt
1095 3537 1103 3579 τ
1127 3540 1143 3574 α
1169 3503 1238 3580 sese

203 3644 335 3722 paratos
345 3654 414 3700 esse
426 3645 539 3725 portas
555 3632 700 3724 aperire,
716 3653 855 3724 quaeque
872 3631 1101 3724 imperaverit,
1112 3632 1238 3717 facere,

203 3761 236 3814 et
252 3752 290 3819 L.
309 3751 495 3819 Domitium
515 3753 626 3820 vivum
644 3752 679 3819 in
695 3751 766 3844 ejus
784 3765 980 3845 potestatem
998 3751 1166 3821 tradere.»

252 3872 343 3938 XXI.
366 3871 498 3960 Quibus
518 3873 617 3942 rebus
640 3874 800 3967 cognitis,
822 3875 948 3960 Cesar,
971 3873 1032 3942 etsi
1057 3875 1168 3969 magni
1189 3877 1239 3942 in·

203 4003 323 4058 teresse
347 3992 587 4080 arbitrabatur,
615 4016 714 4085 quarn
737 3996 882 4088 primum
908 3993 1032 4088 oppido
1057 3997 1157 4088 potiri
1181 4019 1238 4065 co·
