3026 4768
371 405 373 412 ,
449 387 500 442 nn
523 383 644 444 amre
664 385 828 443 GALLICO
850 387 919 444 nm.
936 387 984 444 vr.
1195 387 1248 458 137

210 515 441 608 pronuntiata,
458 513 575 582 eodem
590 512 644 581 die
658 537 736 582 cum
753 511 939 608 legionibus
956 514 998 580 in·
1011 511 1157 582 Senones
1173 538 1251 607 pro·

208 634 363 703 ficiscitur
379 634 573 728 magnisque
591 634 765 703 itineribus
784 659 824 703 eo
842 635 1005 729 pervenit.

253 756 312 823 IV.
328 755 488 848 ,Cognito
512 753 583 846 ejus
608 752 767 841 adventu,
789 757 893 841 Acco,
919 756 977 848 qui
1003 755 1159 848 princeps
1180 755 1251 848 ejus

210 873 337 946 consilii
352 875 474 970 fuerat,
488 875 584 968 jubet
600 875 635 943 in
648 875 773 969 oppida
787 873 1038 948 multitudinem
1051 877 1251 944 convenire:

204 995 419 1082 conantibus,
446 996 539 1089 prius
563 1019 664 1089 quam
690 995 725 1064 id
744 995 830 1065 effici
849 1010 975 1091 posset,
997 995 1115 1093 adesse¹
1129 999 1253 1064 Roma·

206 1137 268 1181 nos
292 1115 492 1214 nuntiatur:
517 1117 704 1185 necessario
725 1119 888 1186 sententia
910 1117 1088 1205 desistunt,
1110 1097 1260 1212 legatos:

205 1257 271 1326 que
287 1233 488 1329 deprecandi
506 1261 607 1306 causa
627 1235 670 1305 ad
689 1239 853 1328 Caesarem
869 1240 1009 1308 mittunt
1024 1266 1033 1304 ι
1050 1237 1176 1307 adeunt
1192 1261 1254 1331 per

205 1353 345 1442 AEduos,
361 1379 507 1448 quorum
523 1357 719 1456 antiquitus,
729 1373 800 1427 erat
818 1360 851 1426 in
869 1358 934 1428 fide
949 1359 1075 1427 civitas.
1092 1358 1254 1428 Libenter

203 1475 316 1543 Caesar
337 1477 526 1568 petentibus
551 1477 666 1547 AEduis
690 1478 748 1548 dat
769 1481 917 1564 veniam,
938 1479 1254 1572 excusationemque

202 1595 340 1690 accipit,
359 1596 451 1689 quod
463 1599 615 1667 aestivum
633 1613 766 1694 tempus
783 1600 937 1669 instantis
954 1597 1049 1687 belli,
1065 1625 1133 1668 non
1151 1623 1254 1694 quaes·

203 1715 304 1784 tionis
336 1742 407 1787 esse
431 1718 667 1790 arbitrabatur.
694 1720 875 1790 Obsidibus
897 1722 1067 1815 imperatis
1096 1732 1252 1806 centum,
1296 1811 1298 1816 ἲ

201 1836 264 1908 bos
281 1837 399 1908 AEduis
416 1840 650 1909 custodiendos
667 1840 777 1910 tradit.
798 1841 923 1910 Eodem
944 1843 1109 1910 Carnutes
1127 1837 1253 1933 legatos

202 1959 404 2053 obsidesque
422 1962 575 2049 mittunt,
595 1964 646 2030 usi
666 1961 939 2056 deprecatoribus
957 1961 1086 2048 Remis,
1107 1984 1252 2054 quorum

202 2095 300 2148 erant
313 2083 348 2148 in
365 2079 520 2150 clientela
536 2107 544 2149 :
559 2080 675 2151 eadem
688 2082 801 2150 ferunt
813 2105 981 2175 responsa.
999 2081 1133 2174 Peragit
1145 2083 1253 2149 conci·

202 2197 286 2272 lium
299 2203 425 2289 cesar,
439 2202 634 2296 equitesque
649 2205 792 2298 imperat
804 2202 1005 2271 civitatibus.

252 2325 294 2391 V.
314 2323 385 2392 Hac
403 2336 500 2415 parte
514 2321 632 2391 Galliae
649 2337 779 2417 pacata,
798 2337 889 2392 totus
905 2337 940 2392 et
958 2338 1071 2392 mente
1088 2338 1122 2390 et
1138 2324 1251 2392 animo

202 2443 239 2510 in
254 2429 378 2511 bellum
396 2444 613 2512 Trevirorum
628 2457 662 2511 et
678 2443 881 2536 Ambiorigis
899 2445 1032 2512 insistit.
1048 2444 1252 2512 Cavarinum

205 2587 281 2632 cum
299 2565 452 2656 equitatu
467 2567 637 2633 Senonum
653 2587 764 2634 secum
780 2563 947 2658 proficisci
961 2564 1072 2656 jubet,
1104 2584 1146 2629 ne
1175 2556 1250 2651 quis

203 2699 262 2753 aut
279 2709 320 2752 ex
337 2683 438 2776 hujus
455 2684 645 2774 iracundia,
663 2699 720 2753 aut
737 2710 777 2753 ex
792 2710 847 2764 eo,
864 2683 955 2777 quod
972 2681 1249 2767 meruerat,odi0,

203 2807 348 2876 civitatis
379 2819 490 2874 motus
503 2806 651 2874 exsistat.
670 2807 729 2875 His
747 2806 844 2874 rebus
860 2805 1068 2890 constitutis,
1084 2799 1174 2895 quod
1191 2825 1253 2895 pro

203 2924 380 3020 explorato
402 2925 563 3009 habebat,
584 2926 811 3020 Ambiorigem
840 2922 959 3020 proelio
986 2949 1054 2992 non
1076 2947 1146 2992 esse
1170 2946 1253 2992 con·

202 3061 426 3130 certaturum,
443 3044 572 3140 reliqua
588 3047 658 3140 ejus
673 3045 811 3130 consilia
823 3047 937 3117 animo
950 3045 1252 3158 circumspiciebat.

202 3171 310 3236 Erant
330 3169 481 3261 Menapii
500 3168 683 3262 propinqui
702 3167 901 3237 Eburonum
924 3166 1063 3254 finibus,
1084 3167 1255 3261 perpetuis

203 3289 382 3384 paludibus
399 3289 556 3382 silvisque
570 3290 705 3373 muniti,
724 3289 783 3381 qui
796 3290 857 3356 uni
872 3315 913 3358 ex
933 3287 1043 3359 Gallia
1059 3289 1100 3357 de
1117 3313 1198 3383 pace
1214 3288 1256 3357 ad

203 3413 370 3480 Caesarem
388 3409 514 3504 legatos
532 3432 706 3500 nunquam
726 3409 896 3478 miserant.
918 3413 1007 3480 Cum
1028 3411 1067 3478 iis
1088 3435 1158 3478 esse
1180 3409 1257 3478 hos·

202 3533 324 3624 pitium
350 3530 538 3623 Ambiorigi
568 3529 694 3597 sciebat
721 3555 728 3596 ;
757 3531 835 3598 item
859 3555 919 3625 per
946 3532 1102 3600 Treviros
1129 3531 1258 3599 venisse

203 3653 383 3722 Germanis
402 3653 436 3719 in
457 3651 655 3737 amicitiam,
677 3665 889 3744 cognoverat.
915 3657 993 3724 Haec
1011 3653 1104 3744 prius
1125 3647 1173 3718 illi
1200 3649 1257 3718 dc-

204 3772 367 3842 trahenda
385 3771 506 3841 auxilia
523 3772 753 3856 existimabat,
770 3797 871 3865 quam
887 3775 997 3866 ipsum
1013 3770 1103 3842 bello
1120 3769 1257 3842 lacesse-

203 3909 272 3979 ret;
297 3919 354 3980 ne,
377 3895 551 3988 desperata
568 3891 689 3977 salute,
716 3906 775 3960 aut
791 3919 826 3962 se
849 3893 884 3960 in
907 3894 1083 3988 Menapios
1104 3888 1258 3977 abderet,

203 4032 263 4085 aut
290 4041 368 4086 eum
395 4013 646 4083 transrhenanis
673 4015 833 4108 congredi
861 4030 1047 4108 cogeretur.
1073 4019 1147 4086 Hoc
1175 4016 1259 4083 inito
