3096 4762
299 357 335 422 48
455 356 484 408 C.
510 356 607 411 JULII
628 355 790 412 cAEsxltls
815 357 1180 414 COMMENTARIORUM

298 496 473 574 quaereret,
495 484 542 550 sic
561 481 771 576 reperiebat:
791 511 807 546 x
826 481 966 552 Nullum
989 484 1115 551 aditum
1136 509 1205 552 esse
1222 485 1264 553 ad
1285 511 1339 554 eos

298 602 563 670 mercatoribus:
584 599 668 668 nihil
687 605 755 695 pati
776 603 845 670 vini
863 601 1134 695 reliquarumque
1153 627 1279 688 rerum,
1299 606 1341 672 ad

297 716 463 788 luxuriam
493 707 747 814 pertinentium,
776 720 904 804 infarri,
929 720 1018 814 quod
1044 722 1084 789 iis
1114 721 1211 790 rebus
1233 723 1342 792 relan-

298 863 453 936 guescere
466 841 594 908 animos
603 863 736 924 eorum,
748 853 782 907 et
792 840 916 908 remitti
925 841 1084 908 virtutem
1096 842 1339 912 existimarent:

299 985 367 1028 esse
383 960 535 1027 homines
556 959 656 1042 feros,
680 983 872 1054 magnaeque
890 960 1022 1026 virtutis
1044 985 1051 1026 :
1076 961 1276 1054 increpitare
1293 977 1342 1030 at·

298 1105 364 1173 que
393 1081 545 1148 incusare
572 1077 717 1171 reliquos
745 1076 876 1172 Belgas,
905 1079 962 1170 qui
991 1101 1025 1144 se
1054 1076 1179 1171 populo
1204 1105 1342 1149 romano

299 1198 515 1286 dedidissent,
542 1200 748 1290 patriamque
770 1198 929 1265 virtutem
954 1197 1169 1290 projecissent
1191 1224 1198 1264 :
1220 1200 1342 1267 conlir-

300 1311 494 1404 mare,sese
511 1341 618 1410 neque
642 1316 767 1411 legatos
785 1318 957 1401 missuros,
980 1340 1087 1409 neque
1107 1313 1210 1384 ullam
1231 1317 1342 1385 condi·

280 1523 284 1532 ι
302 1439 426 1505 tionem
447 1437 535 1530 pacis
549 1449 750 1530 accepturos.
770 1465 786 1499 a

348 1559 440 1625 XVI.
466 1557 580 1644 Quum
606 1581 665 1651 per
689 1580 804 1624 eorum
832 1557 914 1623 fines
940 1555 1087 1623 triduum
1113 1557 1176 1625 iter
1197 1556 1340 1642 fecisset,

302 1677 490 1744 inveniebat
507 1700 546 1742 ex
565 1676 722 1768 captivis,
739 1675 849 1742 Sabim
863 1673 986 1743 llumen
1002 1675 1042 1743 ab
1059 1679 1175 1744 castris
1190 1678 1257 1744 suis
1273 1700 1340 1743 non

302 1795 443 1890 amplius
453 1793 556 1862 millia
569 1818 724 1888 passuum
737 1820 762 1863 x
776 1793 889 1865 abesse
910 1819 918 1860 :
937 1807 1027 1862 trans
1039 1792 1073 1862 id
1090 1794 1215 1862 flumen
1229 1819 1342 1863 omnes

301 1917 444 1986 Nervios
468 1904 673 2001 consedisse,
687 1889 943 2007 ¹adventumque
969 1915 1015 1982 ibi
1037 1918 1267 1982 Romanorum
1287 1939 1343 1982 ex-

302 2049 466 2128 spectare,
488 2059 555 2102 una
577 2058 654 2102 cum
674 2033 887 2103 Atrebatibus
907 2047 941 2100 et
961 2034 1221 2119 Veromanduis,
1242 2033 1344 2101 finiti-

304 2156 365 2221 mis
393 2154 460 2222 suis
488 2152 582 2245 (nam
605 2152 657 2219 his
684 2154 831 2245 utrisque
855 2151 1102 2246 persuaserant,
1128 2166 1166 2218 ut
1193 2145 1342 2220 eamdem

302 2271 381 2342 belli
405 2272 574 2341 fortunam
597 2269 844 2364 experirentur)
870 2272 1080 2363 :exspectari
1106 2272 1203 2338 etiarn
1226 2272 1266 2339 ab
1292 2271 1343 2340 his

306 2395 548 2461 Atuatucorum
575 2391 700 2484 copias,
726 2403 825 2482 atque
848 2412 918 2458 esse
947 2391 982 2455 in
1007 2390 1148 2457 itinere:
1174 2388 1343 2478 mulieres,

304 2512 426 2606 quique
448 2535 507 2605 per
529 2523 658 2579 aetatem
684 2508 726 2577 ad
744 2533 891 2602 pugnam
916 2507 1049 2577 inutiles
1074 2507 1287 2599 viderentur,
1310 2513 1344 2579 in
1385 2579 1390 2594 ,

304 2658 379 2702 eum
407 2629 519 2700 locum
548 2628 743 2724 conjecisse,
768 2653 835 2721 quo
861 2643 998 2721 propter
1023 2627 1159 2722 paludes
1185 2631 1344 2699 exercitui

304 2752 413 2821 aditus
434 2776 501 2820 non
522 2764 616 2819 esset.

353 2875 461 2940 XVII.
483 2872 542 2940 His
562 2870 663 2939 rebus
683 2871 844 2963 cognitis,
870 2869 1095 2964 exploratores
1117 2871 1345 2940 centuriones-

305 3015 369 3084 que
379 2990 631 3083 praemittit‚qui
642 2987 751 3057 locum
762 2987 919 3058 idoneum
929 2991 1044 3060 castris
1053 2990 1345 3086 deligant.Quum·

306 3133 369 3203 que
395 3133 436 3176 ex
461 3108 620 3178 dedititiis
647 3106 756 3202 Belgis
781 3108 981 3202 reliquisque
1006 3108 1112 3179 Gallis
1136 3109 1344 3203 complures,

305 3231 469 3298 Caesarem
496 3229 614 3314 secuti,
643 3252 708 3296 una
734 3229 796 3296 iter
817 3227 982 3314 facerent,
1005 3227 1139 3322 quidam
1158 3253 1198 3296 ex
1221 3229 1290 3315 hia,
1308 3243 1345 3296 ut

308 3363 420 3444 postea
432 3373 472 3415 ex
481 3347 619 3442 captivis
632 3349 803 3441 cognitum
816 3360 885 3439 est,
902 3369 1018 3416 eorum
1030 3349 1158 3416 dierum
1171 3362 1347 3416 consuetu·

313 3466 390 3536 dine
403 3468 530 3536 itineris
545 3468 649 3535 nostri
664 3467 826 3536 exercitus
843 3481 1029 3560 perspecta,
1044 3483 1141 3537 nocte
1153 3467 1195 3536 ad
1206 3469 1347 3538 Nervios

312 3601 544 3683 pervenerunt,
557 3602 657 3679 atque
675 3586 714 3655 iis
731 3585 1019 3674 demonstrarunt,
1035 3588 1122 3654 inter
1136 3583 1282 3680 singulas
1300 3583 1348 3652 le·

313 3705 422 3801 giones
432 3705 747 3800 impedimentorum
764 3729 923 3800 magnum
937 3727 1114 3804 numerum
1128 3703 1347 3794 intercedere,

308 3849 415 3919 neque
428 3852 497 3896 esse
507 3825 688 3922 quidquam
700 3827 840 3920 negotii,
853 3849 957 3917 quum
970 3825 1077 3918 prima
1092 3823 1177 3919 legio
1189 3825 1223 3891 in
1241 3837 1349 3894 castra

309 3945 465 4035 venisset,
480 3944 680 4039 reliquaeque
694 3944 838 4040 legiones
849 3969 1008 4040 magnum
1025 3945 1168 4038 spatium
1181 3946 1349 4027 abessent,
