3062 4766
478 377 529 432 nn
551 377 672 432 senno
693 376 857 432 caturco
880 349 1044 431 maun.
1229 395 1286 450 υς

286 501 360 567 XV.
377 501 532 587 barbari,
550 501 667 569 confisi
686 500 749 568 loci
767 515 901 585 natura,
919 525 1022 593 quum
1040 500 1199 570 dimicare
1218 528 1285 570 non

240 633 448 707 recusarent,
469 620 496 688 si
520 619 605 688 forte
626 620 770 689 Romani
792 620 904 688 subire
927 618 1045 688 collem
1068 636 1285 707 conarentur,

241 736 468 830 paulatimque
489 740 600 832 copias
623 739 814 832 distributas
834 738 1002 807 dimittere
1022 764 1090 808 non
1111 739 1288 827 auderent,

240 881 283 924 ne
299 856 438 952 dispersi
454 859 748 951 perturbarentur,
768 860 802 926 in
823 861 892 928 acie
909 873 1174 952 permanserunt.
1193 859 1287 946 Quo-

241 1001 317 1046 rum
342 977 524 1071 pertinacia
549 980 695 1073 cognita,
726 982 850 1064 Cesar,
874 979 991 1074 'viginti
1017 979 1211 1048 cohortibus
1238 979 1289 1048 in·

242 1099 393 1181 structis,
407 1100 590 1198 castrisque
606 1125 645 1168 eo
663 1099 737 1168 loco
753 1102 899 1186 metatis,
916 1100 1039 1168 muniri
1054 1099 1151 1192 jubet
1167 1113 1286 1169 castra.

241 1216 412 1287 Absolutis
430 1220 602 1313 operibus,
627 1219 772 1315 legiones
794 1245 858 1313 pro
877 1217 965 1288 vallo
991 1222 1168 1290 instructas
1188 1219 1289 1291 collo-

242 1352 314 1422 cat;
336 1339 463 1430 equites
486 1337 623 1422 frenatis
645 1340 739 1432 equis
759 1341 793 1408 in
816 1339 1015 1408 stationibus
1034 1338 1191 1433 disponit.
1213 1339 1288 1408 Bel-

243 1455 370 1543 lovaci,
388 1483 494 1550 quum
512 1461 681 1527 Romanos
702 1457 744 1526 ad
771 1457 1011 1552 insequendum
1037 1472 1171 1551 paratos
1195 1458 1288 1528 vide-

242 1593 334 1663 rent,
355 1582 463 1670 neque
491 1592 688 1671 pernoctare
708 1591 766 1645 aut
786 1576 911 1645 diutius
932 1601 1125 1670 permanere
1147 1579 1218 1645 sine
1241 1578 1286 1644 ci·

244 1697 345 1764 bariis
361 1696 477 1765 eodem
496 1695 571 1766 loco
590 1711 739 1791 possent,
756 1695 821 1765 tale
841 1694 1019 1764 consilium
1036 1697 1086 1763 sui
1106 1694 1287 1787 recipiendi

243 1817 401 1895 inierunt.
419 1821 549 1905 Fasces,
560 1819 609 1886 uti
623 1817 841 1886 consederant
860 1815 1021 1909 (namque
1037 1816 1072 1883 in
1089 1817 1159 1884 acie
1175 1814 1288 1884 sedere

244 1934 359 2004 Gallos
376 1960 550 2005 consuesse
570 1937 796 2030 superioribus
818 1937 1065 2032 commentariis
1083 1934 1287 2008 declaratum

244 2055 329 2150 est),
361 2071 620 2150 stramentorum
653 2083 692 2127 ac
716 2055 951 2150 virgultorum,
983 2081 1126 2148 quorum
1158 2081 1286 2126 summa

244 2191 314 2246 erat
331 2179 365 2244 in
383 2180 498 2246 castris
516 2179 625 2272 copia,
643 2202 702 2271 per
724 2183 840 2246 manus
864 2179 952 2244 iuter
976 2203 1010 2244 se
1034 2176 1187 2266 traditos,
1209 2193 1287 2248 ante

245 2299 347 2366 aciem
376 2297 639 2384 collocaverunt,
664 2313 877 2389 extremoque
900 2305 1054 2390 'tempore
1083 2297 1166 2386 diei,
1192 2301 1286 2393 signo

198 2467 202 2474 -
245 2421 477 2510 pronuntiato,
509 2444 576 2488 uno
603 2433 752 2512 tempore
778 2417 1007 2485 incenderunt.
1034 2421 1084 2486 Ita
1114 2422 1286 2487 continens

247 2536 378 2605 flamma
403 2541 514 2630 copias
535 2563 649 2606 omnes
668 2551 805 2630 repente
824 2561 843 2604 a
865 2551 1044 2628 conspectu
1066 2539 1146 2605 texit
1165 2541 1288 2606 Roma·

245 2681 376 2724 norum
392 2655 495 2744 Quod
511 2657 568 2724 ubi
585 2656 720 2742 accidit,
734 2655 866 2723 barbari
881 2655 1174 2724 vehementissimo,
1187 2681 1285 2724 cursu

244 2776 410 2871 sugerunt.

293 2899 383 2966 XVI.
411 2899 536 2979 Caesar,
564 2897 624 2965 etsi
648 2896 826 2966 discessum
853 2897 998 2965 hostium
1025 2895 1286 2965 animadvertere

245 3040 313 3083 non
337 3029 482 3109 poterat,
513 3015 676 3085 incendiis
698 3018 878 3109 oppositis,
906 3029 1017 3104 tamen
1046 3013 1079 3082 id
1110 3014 1284 3084 consilium

244 3157 349 3226 quum
369 3134 454 3229 fugae
471 3159 567 3204 causa
590 3137 711 3204 initum
730 3131 1133 3229 suspicaretur,legioues
1152 3161 1284 3228 promo·

244 3267 316 3338 vet,
335 3267 459 3324 turmas
480 3256 582 3325 mittit
600 3254 642 3324 ad
667 3254 904 3347 insequendum
926 3280 934 3320 τ
956 3255 1041 3347 ipse,
1059 3255 1184 3323 veritus
1206 3257 1285 3324 insi·

245 3373 331 3458 dias,
351 3399 392 3442 ne
416 3373 500 3442 forte
526 3376 561 3442 in
585 3373 700 3442 eodem
727 3372 800 3440 loco
823 3373 1015 3442 subsisteret
1040 3374 1159 3460 hostis,
1187 3387 1284 3466 atque

245 3490 363 3561 elicere
379 3506 509 3561 nostros
523 3491 679 3561 inlocum
693 3497 869 3560 conaretur
882 3492 1052 3584 iniquum,
1068 3492 1194 3559 tardius
1208 3517 1284 3582 pro-

246 3615 341 3683 cedit.
359 3615 497 3707 Equites
517 3639 620 3706 quum
641 3615 763 3681 intrare
777 3612 905 3680 fumum
922 3625 956 3680 et
973 3611 1139 3679 flammam
1158 3610 1283 3680 densis·

248 3737 362 3803 simam
387 3735 558 3818 timerent,
587 3759 640 3820 ac,
668 3734 695 3802 si
719 3735 776 3826 qui
804 3731 956 3824 cupidius
985 3732 1204 3814 intraverant,
1227 3731 1282 3796 vix

247 3880 381 3923 suoutm
403 3850 465 3947 ipsi
491 3857 747 3947 priorespartes
767 3851 976 3924 adverterent
999 3874 1176 3942 equorum,
1202 3851 1282 3916 insi·

248 3975 318 4041 dias
337 3975 450 4058 veriti,
466 3972 602 4041 liberam
625 3971 815 4041 facultatem
836 3973 885 4038 sui
904 3969 1085 4063 recipiendi
1103 3966 1283 4036 Bellovacis
