<?xml version="1.0" encoding="UTF-8"?>
<!DOCTYPE html PUBLIC "-//W3C//DTD XHTML 1.0 Transitional//EN"
    "http://www.w3.org/TR/xhtml1/DTD/xhtml1-transitional.dtd">
<html xmlns="http://www.w3.org/1999/xhtml" xml:lang="en" lang="en">
 <head>
  <title>
</title>
<meta http-equiv="Content-Type" content="text/html;charset=utf-8" />
  <meta name='ocr-system' content='tesseract 3.04.00' />
  <meta name='ocr-capabilities' content='ocr_page ocr_carea ocr_par ocr_line ocrx_word'/>
</head>
<body>
  <div class='ocr_page' id='page_1' title='image "./cjcaesarisopera00caesgoog_0511.png"; bbox 0 0 3042 4772; ppageno 0'>
   <div class='ocr_carea' id='block_1_1' title="bbox 448 397 1228 460">
    <p class='ocr_par' dir='ltr' id='par_1_1' title="bbox 448 397 1228 460">
     <span class='ocr_line' id='line_1_1' title="bbox 448 397 1228 460; baseline 0.008 -6"><span class='ocrx_word' id='word_1_1' title='bbox 448 397 519 454; x_wconf 84' lang='lat' dir='ltr'><strong>&#39;DE</strong></span> <span class='ocrx_word' id='word_1_2' title='bbox 540 397 661 454; x_wconf 74' lang='lat' dir='ltr'><strong>emto</strong></span> <span class='ocrx_word' id='word_1_3' title='bbox 682 399 970 458; x_wconf 76' lang='lat' dir='ltr'><strong>ALEXANDRINO.</strong></span> <span class='ocrx_word' id='word_1_4' title='bbox 1173 403 1228 460; x_wconf 81' lang='lat'><strong>205</strong></span> 
     </span>
    </p>
   </div>
   <div class='ocr_carea' id='block_1_2' title="bbox 195 522 1231 4091">
    <p class='ocr_par' dir='ltr' id='par_1_2' title="bbox 196 522 1229 1341">
     <span class='ocr_line' id='line_1_2' title="bbox 197 522 1227 618; baseline 0.003 -22"><span class='ocrx_word' id='word_1_5' title='bbox 197 528 386 618; x_wconf 88' lang='lat' dir='ltr'><strong>tionemque</strong></span> <span class='ocrx_word' id='word_1_6' title='bbox 403 525 548 618; x_wconf 87' lang='lat' dir='ltr'><strong>generis,</strong></span> <span class='ocrx_word' id='word_1_7' title='bbox 559 523 635 614; x_wconf 86' lang='lat' dir='ltr'><strong>jure</strong></span> <span class='ocrx_word' id='word_1_8' title='bbox 653 522 788 591; x_wconf 90' lang='lat' dir='ltr'><strong>minime</strong></span> <span class='ocrx_word' id='word_1_9' title='bbox 806 522 924 612; x_wconf 87' lang='lat' dir='ltr'><strong>dubio,</strong></span> <span class='ocrx_word' id='word_1_10' title='bbox 937 537 1099 596; x_wconf 79' lang='lat' dir='ltr'><strong>vetustate</strong></span> <span class='ocrx_word' id='word_1_11' title='bbox 1117 542 1227 599; x_wconf 85' lang='lat' dir='ltr'><strong>tumen</strong></span> 
     </span>
     <span class='ocr_line' id='line_1_3' title="bbox 197 642 1228 738; baseline 0.005 -24"><span class='ocrx_word' id='word_1_12' title='bbox 197 647 401 731; x_wconf 87' lang='lat' dir='ltr'><strong>intermisso,</strong></span> <span class='ocrx_word' id='word_1_13' title='bbox 431 642 649 714; x_wconf 79' lang='lat' dir='ltr'>sacerdotium</span> <span class='ocrx_word' id='word_1_14' title='bbox 676 642 711 710; x_wconf 92' lang='lat' dir='ltr'><strong>id</strong></span> <span class='ocrx_word' id='word_1_15' title='bbox 735 643 912 738; x_wconf 84' lang='lat' dir='ltr'><strong>repetebat</strong></span> <span class='ocrx_word' id='word_1_16' title='bbox 943 647 1090 714; x_wconf 81' lang='lat' dir='ltr'><strong>Fratrem</strong></span> <span class='ocrx_word' id='word_1_17' title='bbox 1119 663 1228 719; x_wconf 90' lang='lat' dir='ltr'><strong>autem</strong></span> 
     </span>
     <span class='ocr_line' id='line_1_4' title="bbox 196 763 1228 861; baseline 0.004 -25"><span class='ocrx_word' id='word_1_18' title='bbox 196 766 425 837; x_wconf 78' lang='lat' dir='ltr'><strong>Ariobarzanis</strong></span> <span class='ocrx_word' id='word_1_19' title='bbox 432 763 644 850; x_wconf 81' lang='lat' dir='ltr'><strong>Ariarathen,</strong></span> <span class='ocrx_word' id='word_1_20' title='bbox 658 787 762 857; x_wconf 90' lang='lat' dir='ltr'><strong>quum</strong></span> <span class='ocrx_word' id='word_1_21' title='bbox 774 763 858 834; x_wconf 88' lang='lat' dir='ltr'><strong>bene</strong></span> <span class='ocrx_word' id='word_1_22' title='bbox 870 765 1005 834; x_wconf 88' lang='lat' dir='ltr'><strong>meritus</strong></span> <span class='ocrx_word' id='word_1_23' title='bbox 1016 780 1155 861; x_wconf 90' lang='lat' dir='ltr'><strong>uterque</strong></span> <span class='ocrx_word' id='word_1_24' title='bbox 1173 795 1228 840; x_wconf 92' lang='lat' dir='ltr'><strong>eo·</strong></span> 
     </span>
     <span class='ocr_line' id='line_1_5' title="bbox 196 882 1228 979; baseline 0.003 -24"><span class='ocrx_word' id='word_1_25' title='bbox 196 911 271 955; x_wconf 91' lang='lat' dir='ltr'><strong>rum</strong></span> <span class='ocrx_word' id='word_1_26' title='bbox 290 886 333 955; x_wconf 88' lang='lat' dir='ltr'><strong>de</strong></span> <span class='ocrx_word' id='word_1_27' title='bbox 354 882 523 979; x_wconf 80' lang='lat' dir='ltr'>republica</span> <span class='ocrx_word' id='word_1_28' title='bbox 543 897 644 970; x_wconf 86' lang='lat' dir='ltr'><strong>esset,</strong></span> <span class='ocrx_word' id='word_1_29' title='bbox 662 908 704 953; x_wconf 94' lang='lat' dir='ltr'><strong>ne</strong></span> <span class='ocrx_word' id='word_1_30' title='bbox 724 897 782 952; x_wconf 87' lang='lat' dir='ltr'><strong>aut</strong></span> <span class='ocrx_word' id='word_1_31' title='bbox 797 885 890 978; x_wconf 88' lang='lat' dir='ltr'><strong>regui</strong></span> <span class='ocrx_word' id='word_1_32' title='bbox 907 883 1078 955; x_wconf 77' lang='lat' dir='ltr'><strong>baereditas</strong></span> <span class='ocrx_word' id='word_1_33' title='bbox 1098 889 1228 958; x_wconf 80' lang='lat' dir='ltr'><strong>Ariara-</strong></span> 
     </span>
     <span class='ocr_line' id='line_1_6' title="bbox 197 1001 1227 1098; baseline 0 -22"><span class='ocrx_word' id='word_1_34' title='bbox 197 1007 275 1076; x_wconf 86' lang='lat' dir='ltr'><strong>tben</strong></span> <span class='ocrx_word' id='word_1_35' title='bbox 300 1003 506 1088; x_wconf 90' lang='lat' dir='ltr'><strong>sollicitaret,</strong></span> <span class='ocrx_word' id='word_1_36' title='bbox 521 1017 579 1073; x_wconf 90' lang='lat' dir='ltr'><strong>aut</strong></span> <span class='ocrx_word' id='word_1_37' title='bbox 594 1001 698 1072; x_wconf 78' lang='lat' dir='ltr'><strong>hares</strong></span> <span class='ocrx_word' id='word_1_38' title='bbox 718 1004 813 1098; x_wconf 90' lang='lat' dir='ltr'><strong>regui</strong></span> <span class='ocrx_word' id='word_1_39' title='bbox 834 1018 989 1091; x_wconf 91' lang='lat' dir='ltr'><strong>terreret,</strong></span> <span class='ocrx_word' id='word_1_40' title='bbox 1014 1006 1227 1078; x_wconf 79' lang='lat' dir='ltr'>Ariobarzani</span> 
     </span>
     <span class='ocr_line' id='line_1_7' title="bbox 196 1121 1229 1222; baseline 0.004 -27"><span class='ocrx_word' id='word_1_41' title='bbox 196 1126 348 1196; x_wconf 82' lang='lat' dir='ltr'><strong>attribuit</strong></span> <span class='ocrx_word' id='word_1_42' title='bbox 359 1177 369 1210; x_wconf 92' lang='lat'><strong>,</strong></span> <span class='ocrx_word' id='word_1_43' title='bbox 380 1125 437 1218; x_wconf 92' lang='lat' dir='ltr'><strong>qui</strong></span> <span class='ocrx_word' id='word_1_44' title='bbox 454 1123 515 1192; x_wconf 92' lang='lat' dir='ltr'><strong>snb</strong></span> <span class='ocrx_word' id='word_1_45' title='bbox 529 1123 599 1216; x_wconf 87' lang='lat' dir='ltr'><strong>ejus</strong></span> <span class='ocrx_word' id='word_1_46' title='bbox 618 1123 756 1216; x_wconf 90' lang='lat' dir='ltr'><strong>imperio</strong></span> <span class='ocrx_word' id='word_1_47' title='bbox 771 1121 943 1194; x_wconf 70' lang='lat' dir='ltr'><strong>reditione</strong></span> <span class='ocrx_word' id='word_1_48' title='bbox 957 1141 1042 1196; x_wconf 88' lang='lat' dir='ltr'><strong>esset</strong></span> <span class='ocrx_word' id='word_1_49' title='bbox 1058 1129 1147 1222; x_wconf 89' lang='lat' dir='ltr'><strong>:ipse</strong></span> <span class='ocrx_word' id='word_1_50' title='bbox 1168 1131 1229 1199; x_wconf 89' lang='lat' dir='ltr'><strong>iter</strong></span> 
     </span>
     <span class='ocr_line' id='line_1_8' title="bbox 196 1241 970 1341; baseline -0.004 -24"><span class='ocrx_word' id='word_1_51' title='bbox 196 1249 364 1341; x_wconf 87' lang='lat' dir='ltr'><strong>inceptum</strong></span> <span class='ocrx_word' id='word_1_52' title='bbox 380 1243 477 1314; x_wconf 87' lang='lat' dir='ltr'><strong>simili</strong></span> <span class='ocrx_word' id='word_1_53' title='bbox 499 1241 669 1312; x_wconf 89' lang='lat' dir='ltr'><strong>velocitate</strong></span> <span class='ocrx_word' id='word_1_54' title='bbox 682 1242 842 1312; x_wconf 88' lang='lat' dir='ltr'><strong>conficere</strong></span> <span class='ocrx_word' id='word_1_55' title='bbox 861 1245 970 1338; x_wconf 88' lang='lat' dir='ltr'><strong>eoepit.</strong></span> 
     </span>
    </p>

    <p class='ocr_par' dir='ltr' id='par_1_3' title="bbox 195 1362 1230 2774">
     <span class='ocr_line' id='line_1_9' title="bbox 244 1362 1229 1463; baseline 0.004 -27"><span class='ocrx_word' id='word_1_56' title='bbox 244 1369 382 1436; x_wconf 87' lang='lat' dir='ltr'><strong>LXVII.</strong></span> <span class='ocrx_word' id='word_1_57' title='bbox 394 1365 508 1452; x_wconf 88' lang='lat' dir='ltr'><strong>Quum</strong></span> <span class='ocrx_word' id='word_1_58' title='bbox 526 1362 661 1457; x_wconf 88' lang='lat' dir='ltr'><strong>propius</strong></span> <span class='ocrx_word' id='word_1_59' title='bbox 675 1364 820 1431; x_wconf 90' lang='lat' dir='ltr'><strong>Pontum</strong></span> <span class='ocrx_word' id='word_1_60' title='bbox 841 1363 989 1460; x_wconf 86' lang='lat' dir='ltr'><strong>finesque</strong></span> <span class='ocrx_word' id='word_1_61' title='bbox 1006 1365 1229 1463; x_wconf 78' lang='lat' dir='ltr'><strong>Gallograeciae</strong></span> 
     </span>
     <span class='ocr_line' id='line_1_10' title="bbox 196 1481 1228 1583; baseline 0.003 -26"><span class='ocrx_word' id='word_1_62' title='bbox 196 1487 400 1573; x_wconf 80' lang='lat' dir='ltr'><strong>accessisset,</strong></span> <span class='ocrx_word' id='word_1_63' title='bbox 420 1486 616 1577; x_wconf 86' lang='lat' dir='ltr'><strong>Dejotarus,</strong></span> <span class='ocrx_word' id='word_1_64' title='bbox 630 1481 808 1550; x_wconf 87' lang='lat' dir='ltr'><strong>tetrarches</strong></span> <span class='ocrx_word' id='word_1_65' title='bbox 817 1481 1041 1579; x_wconf 71' lang='lat' dir='ltr'><strong>Gallograeciae</strong></span> <span class='ocrx_word' id='word_1_66' title='bbox 1060 1502 1141 1558; x_wconf 90' lang='lat' dir='ltr'><strong>tunc</strong></span> <span class='ocrx_word' id='word_1_67' title='bbox 1152 1492 1228 1583; x_wconf 90' lang='lat' dir='ltr'><strong>qui·</strong></span> 
     </span>
     <span class='ocr_line' id='line_1_11' title="bbox 197 1599 1230 1700; baseline 0.004 -25"><span class='ocrx_word' id='word_1_68' title='bbox 197 1606 272 1676; x_wconf 90' lang='lat' dir='ltr'><strong>dem</strong></span> <span class='ocrx_word' id='word_1_69' title='bbox 285 1629 376 1700; x_wconf 76' lang='lat' dir='ltr'><strong>paene</strong></span> <span class='ocrx_word' id='word_1_70' title='bbox 391 1605 493 1674; x_wconf 90' lang='lat' dir='ltr'><strong>totius</strong></span> <span class='ocrx_word' id='word_1_71' title='bbox 504 1599 614 1698; x_wconf 90' lang='lat' dir='ltr'><strong>(quod</strong></span> <span class='ocrx_word' id='word_1_72' title='bbox 629 1602 660 1670; x_wconf 89' lang='lat' dir='ltr'><strong>ei</strong></span> <span class='ocrx_word' id='word_1_73' title='bbox 674 1625 780 1694; x_wconf 88' lang='lat' dir='ltr'><strong>neque</strong></span> <span class='ocrx_word' id='word_1_74' title='bbox 796 1599 937 1696; x_wconf 87' lang='lat' dir='ltr'><strong>legibus,</strong></span> <span class='ocrx_word' id='word_1_75' title='bbox 956 1629 1064 1699; x_wconf 88' lang='lat' dir='ltr'><strong>neque</strong></span> <span class='ocrx_word' id='word_1_76' title='bbox 1082 1609 1230 1680; x_wconf 91' lang='lat' dir='ltr'><strong>moribus</strong></span> 
     </span>
     <span class='ocr_line' id='line_1_12' title="bbox 196 1720 1229 1819; baseline 0 -23"><span class='ocrx_word' id='word_1_77' title='bbox 196 1749 388 1796; x_wconf 89' lang='lat' dir='ltr'><strong>concessum</strong></span> <span class='ocrx_word' id='word_1_78' title='bbox 401 1747 470 1792; x_wconf 86' lang='lat' dir='ltr'><strong>esse</strong></span> <span class='ocrx_word' id='word_1_79' title='bbox 484 1723 584 1792; x_wconf 88' lang='lat' dir='ltr'><strong>ceteri</strong></span> <span class='ocrx_word' id='word_1_80' title='bbox 603 1721 773 1790; x_wconf 72' lang='lat' dir='ltr'><strong>tetrarchae</strong></span> <span class='ocrx_word' id='word_1_81' title='bbox 792 1720 1067 1819; x_wconf 79' lang='lat' dir='ltr'><strong>contendebant),</strong></span> <span class='ocrx_word' id='word_1_82' title='bbox 1084 1728 1154 1795; x_wconf 90' lang='lat' dir='ltr'><strong>siue</strong></span> <span class='ocrx_word' id='word_1_83' title='bbox 1170 1728 1229 1797; x_wconf 93' lang='lat' dir='ltr'><strong>du-</strong></span> 
     </span>
     <span class='ocr_line' id='line_1_13' title="bbox 196 1841 1229 1940; baseline 0.003 -26"><span class='ocrx_word' id='word_1_84' title='bbox 196 1847 252 1914; x_wconf 96' lang='lat' dir='ltr'><strong>bio</strong></span> <span class='ocrx_word' id='word_1_85' title='bbox 276 1858 384 1914; x_wconf 86' lang='lat' dir='ltr'><strong>autem</strong></span> <span class='ocrx_word' id='word_1_86' title='bbox 401 1867 458 1911; x_wconf 84' lang='lat' dir='ltr'><strong>rex</strong></span> <span class='ocrx_word' id='word_1_87' title='bbox 477 1841 640 1911; x_wconf 72' lang='lat' dir='ltr'><strong>Armeniae</strong></span> <span class='ocrx_word' id='word_1_88' title='bbox 659 1841 801 1910; x_wconf 88' lang='lat' dir='ltr'><strong>Minoris</strong></span> <span class='ocrx_word' id='word_1_89' title='bbox 824 1841 865 1909; x_wconf 88' lang='lat' dir='ltr'><strong>ab</strong></span> <span class='ocrx_word' id='word_1_90' title='bbox 890 1857 1005 1912; x_wconf 87' lang='lat' dir='ltr'><strong>senatu</strong></span> <span class='ocrx_word' id='word_1_91' title='bbox 1026 1845 1229 1940; x_wconf 88' lang='lat' dir='ltr'><strong>appellatus,</strong></span> 
     </span>
     <span class='ocr_line' id='line_1_14' title="bbox 196 1959 1229 2058; baseline 0.004 -24"><span class='ocrx_word' id='word_1_92' title='bbox 196 1964 352 2058; x_wconf 88' lang='lat' dir='ltr'><strong>depositis</strong></span> <span class='ocrx_word' id='word_1_93' title='bbox 368 1962 465 2056; x_wconf 91' lang='lat' dir='ltr'><strong>regiis</strong></span> <span class='ocrx_word' id='word_1_94' title='bbox 479 1959 677 2055; x_wconf 83' lang='lat' dir='ltr'><strong>insignibus,</strong></span> <span class='ocrx_word' id='word_1_95' title='bbox 691 1983 799 2052; x_wconf 89' lang='lat' dir='ltr'><strong>neque</strong></span> <span class='ocrx_word' id='word_1_96' title='bbox 811 1973 937 2030; x_wconf 88' lang='lat' dir='ltr'><strong>tantum</strong></span> <span class='ocrx_word' id='word_1_97' title='bbox 950 1963 1080 2055; x_wconf 89' lang='lat' dir='ltr'><strong>privato</strong></span> <span class='ocrx_word' id='word_1_98' title='bbox 1093 1969 1229 2058; x_wconf 87' lang='lat' dir='ltr'><strong>vestitu,</strong></span> 
     </span>
     <span class='ocr_line' id='line_1_15' title="bbox 198 2077 1228 2175; baseline 0.005 -22"><span class='ocrx_word' id='word_1_99' title='bbox 198 2084 254 2153; x_wconf 84' lang='lat' dir='ltr'><strong>sed</strong></span> <span class='ocrx_word' id='word_1_100' title='bbox 282 2083 380 2152; x_wconf 89' lang='lat' dir='ltr'><strong>etiam</strong></span> <span class='ocrx_word' id='word_1_101' title='bbox 405 2105 537 2150; x_wconf 90' lang='lat' dir='ltr'><strong>reorum</strong></span> <span class='ocrx_word' id='word_1_102' title='bbox 568 2077 697 2166; x_wconf 87' lang='lat' dir='ltr'><strong>habitu,</strong></span> <span class='ocrx_word' id='word_1_103' title='bbox 716 2078 853 2172; x_wconf 82' lang='lat' dir='ltr'><strong>supplex</strong></span> <span class='ocrx_word' id='word_1_104' title='bbox 876 2080 919 2150; x_wconf 85' lang='lat' dir='ltr'><strong>ad</strong></span> <span class='ocrx_word' id='word_1_105' title='bbox 944 2083 1106 2154; x_wconf 70' lang='lat' dir='ltr'><strong>Caesarem</strong></span> <span class='ocrx_word' id='word_1_106' title='bbox 1124 2092 1228 2175; x_wconf 82' lang='lat' dir='ltr'><strong>venit,</strong></span> 
     </span>
     <span class='ocr_line' id='line_1_16' title="bbox 197 2197 1230 2301; baseline 0.007 -29"><span class='ocrx_word' id='word_1_107' title='bbox 197 2216 345 2291; x_wconf 89' lang='lat' dir='ltr'><strong>oratum,</strong></span> <span class='ocrx_word' id='word_1_108' title='bbox 364 2231 381 2266; x_wconf 71' lang='lat' dir='ltr'><strong>a</strong></span> <span class='ocrx_word' id='word_1_109' title='bbox 401 2215 438 2270; x_wconf 92' lang='lat' dir='ltr'><strong>ut</strong></span> <span class='ocrx_word' id='word_1_110' title='bbox 458 2200 518 2269; x_wconf 90' lang='lat' dir='ltr'><strong>sibi</strong></span> <span class='ocrx_word' id='word_1_111' title='bbox 536 2200 742 2295; x_wconf 84' lang='lat' dir='ltr'><strong>ignosceret,</strong></span> <span class='ocrx_word' id='word_1_112' title='bbox 761 2197 851 2292; x_wconf 90' lang='lat' dir='ltr'><strong>quod</strong></span> <span class='ocrx_word' id='word_1_113' title='bbox 874 2200 908 2268; x_wconf 93' lang='lat' dir='ltr'><strong>in</strong></span> <span class='ocrx_word' id='word_1_114' title='bbox 937 2227 976 2272; x_wconf 92' lang='lat' dir='ltr'><strong>ea</strong></span> <span class='ocrx_word' id='word_1_115' title='bbox 994 2219 1087 2296; x_wconf 87' lang='lat' dir='ltr'><strong>parte</strong></span> <span class='ocrx_word' id='word_1_116' title='bbox 1103 2210 1230 2301; x_wconf 87' lang='lat' dir='ltr'><strong>positus</strong></span> 
     </span>
     <span class='ocr_line' id='line_1_17' title="bbox 196 2316 1229 2416; baseline 0.006 -23"><span class='ocrx_word' id='word_1_117' title='bbox 196 2340 374 2410; x_wconf 86' lang='lat' dir='ltr'><strong>terrarum,</strong></span> <span class='ocrx_word' id='word_1_118' title='bbox 400 2345 472 2416; x_wconf 77' lang='lat' dir='ltr'><strong>quae</strong></span> <span class='ocrx_word' id='word_1_119' title='bbox 491 2316 583 2390; x_wconf 87' lang='lat' dir='ltr'><strong>nulla</strong></span> <span class='ocrx_word' id='word_1_120' title='bbox 601 2317 754 2412; x_wconf 77' lang='lat' dir='ltr'><strong>presidia</strong></span> <span class='ocrx_word' id='word_1_121' title='bbox 771 2320 907 2388; x_wconf 72' lang='lat' dir='ltr'><strong>Caesaris</strong></span> <span class='ocrx_word' id='word_1_122' title='bbox 930 2319 1113 2415; x_wconf 83' lang='lat' dir='ltr'><strong>habuisset,</strong></span> <span class='ocrx_word' id='word_1_123' title='bbox 1136 2353 1229 2399; x_wconf 87' lang='lat' dir='ltr'><strong>exer·</strong></span> 
     </span>
     <span class='ocr_line' id='line_1_18' title="bbox 196 2440 1230 2542; baseline 0.005 -28"><span class='ocrx_word' id='word_1_124' title='bbox 196 2445 315 2516; x_wconf 92' lang='lat' dir='ltr'><strong>eitibus</strong></span> <span class='ocrx_word' id='word_1_125' title='bbox 324 2442 535 2537; x_wconf 83' lang='lat' dir='ltr'><strong>imperiisque</strong></span> <span class='ocrx_word' id='word_1_126' title='bbox 552 2441 586 2508; x_wconf 91' lang='lat' dir='ltr'><strong>in</strong></span> <span class='ocrx_word' id='word_1_127' title='bbox 605 2442 667 2509; x_wconf 88' lang='lat' dir='ltr'><strong>Cn.</strong></span> <span class='ocrx_word' id='word_1_128' title='bbox 679 2440 828 2532; x_wconf 91' lang='lat' dir='ltr'><strong>Pompeii</strong></span> <span class='ocrx_word' id='word_1_129' title='bbox 847 2443 962 2510; x_wconf 88' lang='lat' dir='ltr'><strong>eastris</strong></span> <span class='ocrx_word' id='word_1_130' title='bbox 980 2441 1230 2542; x_wconf 73' lang='lat' dir='ltr'><strong>fuissetxneque</strong></span> 
     </span>
     <span class='ocr_line' id='line_1_19' title="bbox 195 2558 1229 2661; baseline 0.002 -26"><span class='ocrx_word' id='word_1_131' title='bbox 195 2567 282 2636; x_wconf 88' lang='lat' dir='ltr'><strong>enim</strong></span> <span class='ocrx_word' id='word_1_132' title='bbox 301 2588 336 2633; x_wconf 91' lang='lat' dir='ltr'><strong>se</strong></span> <span class='ocrx_word' id='word_1_133' title='bbox 350 2561 495 2657; x_wconf 90' lang='lat' dir='ltr'><strong>judicem</strong></span> <span class='ocrx_word' id='word_1_134' title='bbox 525 2558 674 2628; x_wconf 84' lang='lat' dir='ltr'><strong>debuisse</strong></span> <span class='ocrx_word' id='word_1_135' title='bbox 702 2582 771 2626; x_wconf 90' lang='lat' dir='ltr'><strong>esse</strong></span> <span class='ocrx_word' id='word_1_136' title='bbox 794 2563 1092 2634; x_wconf 87' lang='lat' dir='ltr'><strong>controversiarum</strong></span> <span class='ocrx_word' id='word_1_137' title='bbox 1114 2567 1229 2661; x_wconf 89' lang='lat' dir='ltr'><strong>populi</strong></span> 
     </span>
     <span class='ocr_line' id='line_1_20' title="bbox 195 2676 990 2774; baseline -0.011 -19"><span class='ocrx_word' id='word_1_138' title='bbox 195 2685 340 2768; x_wconf 81' lang='lat' dir='ltr'><strong>romam,</strong></span> <span class='ocrx_word' id='word_1_139' title='bbox 358 2681 415 2751; x_wconf 88' lang='lat' dir='ltr'><strong>sed</strong></span> <span class='ocrx_word' id='word_1_140' title='bbox 436 2703 549 2774; x_wconf 85' lang='lat' dir='ltr'><strong>parere</strong></span> <span class='ocrx_word' id='word_1_141' title='bbox 568 2677 782 2773; x_wconf 71' lang='lat' dir='ltr'><strong>presentibus</strong></span> <span class='ocrx_word' id='word_1_142' title='bbox 797 2676 951 2772; x_wconf 86' lang='lat' dir='ltr'><strong>imperiis.</strong></span> <span class='ocrx_word' id='word_1_143' title='bbox 972 2709 990 2746; x_wconf 76' lang='lat' dir='ltr'><strong>s</strong></span> 
     </span>
    </p>

    <p class='ocr_par' dir='ltr' id='par_1_4' title="bbox 195 2797 1231 4091">
     <span class='ocr_line' id='line_1_21' title="bbox 242 2797 1230 2894; baseline 0.004 -20"><span class='ocrx_word' id='word_1_144' title='bbox 242 2803 394 2874; x_wconf 85' lang='lat' dir='ltr'><strong>LXVIII.</strong></span> <span class='ocrx_word' id='word_1_145' title='bbox 423 2803 548 2870; x_wconf 83' lang='lat' dir='ltr'><strong>Contra</strong></span> <span class='ocrx_word' id='word_1_146' title='bbox 574 2819 672 2890; x_wconf 91' lang='lat' dir='ltr'><strong>quem</strong></span> <span class='ocrx_word' id='word_1_147' title='bbox 700 2797 809 2866; x_wconf 76' lang='lat' dir='ltr'><strong>Caesar</strong></span> <span class='ocrx_word' id='word_1_148' title='bbox 837 2822 970 2891; x_wconf 75' lang='lat' dir='ltr'><strong>equum</strong></span> <span class='ocrx_word' id='word_1_149' title='bbox 1001 2800 1144 2894; x_wconf 88' lang='lat' dir='ltr'><strong>plurima</strong></span> <span class='ocrx_word' id='word_1_150' title='bbox 1170 2831 1230 2878; x_wconf 90' lang='lat' dir='ltr'><strong>sua</strong></span> 
     </span>
     <span class='ocr_line' id='line_1_22' title="bbox 195 2915 1230 3016; baseline 0.004 -24"><span class='ocrx_word' id='word_1_151' title='bbox 195 2930 481 2993; x_wconf 84' lang='lat' dir='ltr'><strong>commemorasset</strong></span> <span class='ocrx_word' id='word_1_152' title='bbox 502 2915 629 3002; x_wconf 88' lang='lat' dir='ltr'><strong>officia,</strong></span> <span class='ocrx_word' id='word_1_153' title='bbox 657 2939 732 3009; x_wconf 79' lang='lat' dir='ltr'><strong>que</strong></span> <span class='ocrx_word' id='word_1_154' title='bbox 751 2915 868 2986; x_wconf 90' lang='lat' dir='ltr'><strong>consul</strong></span> <span class='ocrx_word' id='word_1_155' title='bbox 884 2919 915 2986; x_wconf 89' lang='lat' dir='ltr'><strong>ei</strong></span> <span class='ocrx_word' id='word_1_156' title='bbox 932 2917 1072 2991; x_wconf 85' lang='lat' dir='ltr'><strong>decretis</strong></span> <span class='ocrx_word' id='word_1_157' title='bbox 1090 2925 1230 3016; x_wconf 87' lang='lat' dir='ltr'><strong>publicis</strong></span> 
     </span>
     <span class='ocr_line' id='line_1_23' title="bbox 196 3035 1228 3135; baseline -0.008 -24"><span class='ocrx_word' id='word_1_158' title='bbox 196 3041 379 3127; x_wconf 89' lang='lat' dir='ltr'><strong>tribuisset,</strong></span> <span class='ocrx_word' id='word_1_159' title='bbox 399 3061 567 3132; x_wconf 90' lang='lat' dir='ltr'><strong>quumque</strong></span> <span class='ocrx_word' id='word_1_160' title='bbox 587 3035 808 3106; x_wconf 80' lang='lat' dir='ltr'><strong>defensionem</strong></span> <span class='ocrx_word' id='word_1_161' title='bbox 825 3037 897 3130; x_wconf 89' lang='lat' dir='ltr'><strong>ejus</strong></span> <span class='ocrx_word' id='word_1_162' title='bbox 915 3037 1039 3109; x_wconf 89' lang='lat' dir='ltr'><strong>nullam</strong></span> <span class='ocrx_word' id='word_1_163' title='bbox 1061 3067 1156 3135; x_wconf 91' lang='lat' dir='ltr'><strong>posse</strong></span> <span class='ocrx_word' id='word_1_164' title='bbox 1171 3070 1228 3115; x_wconf 88' lang='lat' dir='ltr'><strong>ex.</strong></span> 
     </span>
     <span class='ocr_line' id='line_1_24' title="bbox 195 3153 1229 3260; baseline 0.007 -30"><span class='ocrx_word' id='word_1_165' title='bbox 195 3159 397 3231; x_wconf 87' lang='lat' dir='ltr'><strong>cusationem</strong></span> <span class='ocrx_word' id='word_1_166' title='bbox 413 3158 482 3251; x_wconf 88' lang='lat' dir='ltr'><strong>ejus</strong></span> <span class='ocrx_word' id='word_1_167' title='bbox 496 3153 724 3250; x_wconf 82' lang='lat' dir='ltr'><strong>imprudentiae</strong></span> <span class='ocrx_word' id='word_1_168' title='bbox 738 3157 883 3250; x_wconf 89' lang='lat' dir='ltr'><strong>recipere</strong></span> <span class='ocrx_word' id='word_1_169' title='bbox 900 3162 1117 3254; x_wconf 79' lang='lat' dir='ltr'><strong>coarguisset,</strong></span> <span class='ocrx_word' id='word_1_170' title='bbox 1138 3167 1229 3260; x_wconf 88' lang='lat' dir='ltr'><strong>quod</strong></span> 
     </span>
     <span class='ocr_line' id='line_1_25' title="bbox 196 3271 1230 3379; baseline 0.007 -29"><span class='ocrx_word' id='word_1_171' title='bbox 196 3281 296 3350; x_wconf 91' lang='lat' dir='ltr'><strong>bomo</strong></span> <span class='ocrx_word' id='word_1_172' title='bbox 312 3292 411 3348; x_wconf 79' lang='lat' dir='ltr'><strong>tautae</strong></span> <span class='ocrx_word' id='word_1_173' title='bbox 427 3275 612 3371; x_wconf 79' lang='lat' dir='ltr'><strong>prudentie</strong></span> <span class='ocrx_word' id='word_1_174' title='bbox 628 3299 666 3343; x_wconf 88' lang='lat' dir='ltr'><strong>ac</strong></span> <span class='ocrx_word' id='word_1_175' title='bbox 679 3271 856 3370; x_wconf 74' lang='lat' dir='ltr'><strong>diligentie</strong></span> <span class='ocrx_word' id='word_1_176' title='bbox 866 3278 950 3348; x_wconf 90' lang='lat' dir='ltr'><strong>seire</strong></span> <span class='ocrx_word' id='word_1_177' title='bbox 962 3281 1140 3374; x_wconf 87' lang='lat' dir='ltr'><strong>potuisset,</strong></span> <span class='ocrx_word' id='word_1_178' title='bbox 1155 3289 1230 3379; x_wconf 89' lang='lat' dir='ltr'><strong>quis</strong></span> 
     </span>
     <span class='ocr_line' id='line_1_26' title="bbox 195 3394 1230 3496; baseline 0.005 -26"><span class='ocrx_word' id='word_1_179' title='bbox 195 3401 321 3470; x_wconf 87' lang='lat' dir='ltr'><strong>Urbem</strong></span> <span class='ocrx_word' id='word_1_180' title='bbox 342 3395 537 3490; x_wconf 87' lang='lat' dir='ltr'><strong>Italiamque</strong></span> <span class='ocrx_word' id='word_1_181' title='bbox 556 3408 701 3481; x_wconf 89' lang='lat' dir='ltr'><strong>teneret,</strong></span> <span class='ocrx_word' id='word_1_182' title='bbox 717 3394 774 3462; x_wconf 91' lang='lat' dir='ltr'><strong>ubi</strong></span> <span class='ocrx_word' id='word_1_183' title='bbox 792 3409 925 3465; x_wconf 87' lang='lat' dir='ltr'><strong>senatus</strong></span> <span class='ocrx_word' id='word_1_184' title='bbox 945 3395 1153 3496; x_wconf 91' lang='lat' dir='ltr'><strong>populusque</strong></span> <span class='ocrx_word' id='word_1_185' title='bbox 1174 3430 1230 3475; x_wconf 90' lang='lat' dir='ltr'><strong>ro·</strong></span> 
     </span>
     <span class='ocr_line' id='line_1_27' title="bbox 195 3512 1230 3612; baseline -0.01 -21"><span class='ocrx_word' id='word_1_186' title='bbox 195 3545 333 3606; x_wconf 87' lang='lat' dir='ltr'><strong>manus,</strong></span> <span class='ocrx_word' id='word_1_187' title='bbox 353 3517 408 3587; x_wconf 91' lang='lat' dir='ltr'><strong>ubi</strong></span> <span class='ocrx_word' id='word_1_188' title='bbox 425 3512 608 3612; x_wconf 87' lang='lat' dir='ltr'><strong>respublica</strong></span> <span class='ocrx_word' id='word_1_189' title='bbox 637 3529 734 3600; x_wconf 82' lang='lat' dir='ltr'><strong>esset,</strong></span> <span class='ocrx_word' id='word_1_190' title='bbox 759 3516 834 3608; x_wconf 86' lang='lat' dir='ltr'><strong>quis</strong></span> <span class='ocrx_word' id='word_1_191' title='bbox 855 3514 973 3586; x_wconf 87' lang='lat' dir='ltr'><strong>deinde</strong></span> <span class='ocrx_word' id='word_1_192' title='bbox 990 3534 1064 3612; x_wconf 86' lang='lat' dir='ltr'><strong>post</strong></span> <span class='ocrx_word' id='word_1_193' title='bbox 1081 3523 1119 3590; x_wconf 90' lang='lat' dir='ltr'><strong>L.</strong></span> <span class='ocrx_word' id='word_1_194' title='bbox 1140 3525 1230 3594; x_wconf 71' lang='lat' dir='ltr'><strong>Len.</strong></span> 
     </span>
     <span class='ocr_line' id='line_1_28' title="bbox 195 3631 1231 3726; baseline 0.003 -16"><span class='ocrx_word' id='word_1_195' title='bbox 195 3640 325 3726; x_wconf 92' lang='lat' dir='ltr'><strong>tulum,</strong></span> <span class='ocrx_word' id='word_1_196' title='bbox 344 3640 382 3707; x_wconf 92' lang='lat' dir='ltr'><strong>C.</strong></span> <span class='ocrx_word' id='word_1_197' title='bbox 398 3633 593 3706; x_wconf 87' lang='lat' dir='ltr'><strong>Marcellum</strong></span> <span class='ocrx_word' id='word_1_198' title='bbox 611 3631 726 3704; x_wconf 90' lang='lat' dir='ltr'><strong>consul</strong></span> <span class='ocrx_word' id='word_1_199' title='bbox 746 3647 847 3723; x_wconf 87' lang='lat' dir='ltr'><strong>esset,</strong></span> <span class='ocrx_word' id='word_1_200' title='bbox 866 3649 978 3706; x_wconf 89' lang='lat' dir='ltr'><strong>tamen</strong></span> <span class='ocrx_word' id='word_1_201' title='bbox 997 3662 1031 3706; x_wconf 87' lang='lat' dir='ltr'><strong>se</strong></span> <span class='ocrx_word' id='word_1_202' title='bbox 1050 3641 1231 3713; x_wconf 88' lang='lat' dir='ltr'><strong>concedere</strong></span> 
     </span>
     <span class='ocr_line' id='line_1_29' title="bbox 196 3753 1231 3853; baseline 0.005 -27"><span class='ocrx_word' id='word_1_203' title='bbox 196 3760 230 3828; x_wconf 94' lang='lat' dir='ltr'><strong>id</strong></span> <span class='ocrx_word' id='word_1_204' title='bbox 248 3759 371 3828; x_wconf 81' lang='lat' dir='ltr'><strong>laetum</strong></span> <span class='ocrx_word' id='word_1_205' title='bbox 385 3755 607 3850; x_wconf 89' lang='lat' dir='ltr'><strong>superioribus</strong></span> <span class='ocrx_word' id='word_1_206' title='bbox 621 3753 884 3840; x_wconf 87' lang='lat' dir='ltr'><strong>suisbenelieiis,</strong></span> <span class='ocrx_word' id='word_1_207' title='bbox 900 3758 1004 3826; x_wconf 85' lang='lat' dir='ltr'><strong>veteri</strong></span> <span class='ocrx_word' id='word_1_208' title='bbox 1024 3756 1169 3853; x_wconf 89' lang='lat' dir='ltr'><strong>bospitio</strong></span> <span class='ocrx_word' id='word_1_209' title='bbox 1184 3778 1231 3832; x_wconf 91' lang='lat' dir='ltr'><strong>at·</strong></span> 
     </span>
     <span class='ocr_line' id='line_1_30' title="bbox 196 3873 1231 3971; baseline 0.006 -25"><span class='ocrx_word' id='word_1_210' title='bbox 196 3900 262 3971; x_wconf 90' lang='lat' dir='ltr'><strong>que</strong></span> <span class='ocrx_word' id='word_1_211' title='bbox 281 3877 452 3964; x_wconf 76' lang='lat' dir='ltr'><strong>amicitia,</strong></span> <span class='ocrx_word' id='word_1_212' title='bbox 470 3875 623 3970; x_wconf 88' lang='lat' dir='ltr'><strong>dignitati</strong></span> <span class='ocrx_word' id='word_1_213' title='bbox 644 3875 796 3968; x_wconf 83' lang='lat' dir='ltr'><strong>aetntique</strong></span> <span class='ocrx_word' id='word_1_214' title='bbox 814 3873 980 3962; x_wconf 88' lang='lat' dir='ltr'><strong>bominis,</strong></span> <span class='ocrx_word' id='word_1_215' title='bbox 999 3877 1153 3971; x_wconf 88' lang='lat' dir='ltr'><strong>precibus</strong></span> <span class='ocrx_word' id='word_1_216' title='bbox 1173 3907 1231 3952; x_wconf 91' lang='lat' dir='ltr'><strong>eo·</strong></span> 
     </span>
     <span class='ocr_line' id='line_1_31' title="bbox 197 3993 1229 4091; baseline 0.004 -25"><span class='ocrx_word' id='word_1_217' title='bbox 197 4019 289 4081; x_wconf 89' lang='lat' dir='ltr'><strong>mm,</strong></span> <span class='ocrx_word' id='word_1_218' title='bbox 312 3995 368 4087; x_wconf 91' lang='lat' dir='ltr'><strong>qui</strong></span> <span class='ocrx_word' id='word_1_219' title='bbox 387 3993 574 4086; x_wconf 72' lang='lat' dir='ltr'><strong>beqnenter</strong></span> <span class='ocrx_word' id='word_1_220' title='bbox 593 3995 837 4064; x_wconf 86' lang='lat' dir='ltr'><strong>concurrissent</strong></span> <span class='ocrx_word' id='word_1_221' title='bbox 854 3994 999 4089; x_wconf 88' lang='lat' dir='ltr'><strong>hospites</strong></span> <span class='ocrx_word' id='word_1_222' title='bbox 1017 4013 1116 4091; x_wconf 88' lang='lat' dir='ltr'><strong>atque</strong></span> <span class='ocrx_word' id='word_1_223' title='bbox 1134 4003 1229 4072; x_wconf 89' lang='lat' dir='ltr'><strong>amici</strong></span> 
     </span>
    </p>
   </div>
   <div class='ocr_carea' id='block_1_3' title="bbox 0 0 1527 4772">
    <p class='ocr_par' dir='ltr' id='par_1_5' title="bbox 0 0 1527 4772">
     <span class='ocr_line' id='line_1_32' title="bbox 0 0 1527 4772; baseline 0 0"><span class='ocrx_word' id='word_1_224' title='bbox 0 0 1527 4772; x_wconf 95' lang='lat' dir='ltr'><strong> </strong></span> 
     </span>
    </p>
   </div>
  </div>
 </body>
</html>
