3042 4772
479 415 530 471 DE
550 413 675 470 BELLO
695 410 812 470 ctvlLt
831 413 901 469 Lttt.
920 413 971 470 ΙΙΙ.
1167 415 1241 510 Ι137

215 543 353 636 pristina
380 563 438 608 sua
470 537 724 626 consuetudine,
751 538 840 632 quod
867 561 931 606 una
959 537 992 605 in
1022 535 1130 607 Gallia
1158 539 1242 609 bella

214 674 399 754 gesserant,
418 683 474 728 seu
489 656 593 752 gloria
609 656 704 744 elati,
724 672 860 744 cuncta,
880 671 918 725 ut
930 671 1127 744 crantaeta,
1142 683 1243 752 expo·
1322 641 1324 644 ⁵

216 793 375 864 suerunt,
394 792 428 846 et
440 779 578 848 Caesaris
594 775 832 870 profectionem
853 766 886 844 et
901 775 1079 844 adrentum
1093 779 1240 870 Pompeii

215 897 408 992 docuerunt.
433 902 462 967 A
485 898 604 990 quibus
629 897 797 965 Domitius
824 897 944 965 certior
973 896 1094 981 factus,
1120 898 1177 965 vix
1205 921 1242 966 tv

215 1017 373 1084 horarum
396 1017 500 1110 spatio
520 1013 733 1101 antecedens,
754 1015 899 1084 hostium
923 1013 1082 1084 beneficio
1108 1016 1238 1110 pericu-

216 1133 284 1218 lum
301 1137 433 1221 vitavit,
451 1150 482 1204 et
495 1135 537 1204 ad
550 1136 737 1228 AEginium,
755 1133 845 1227 quod
864 1149 913 1203 cst
930 1135 1095 1228 objectum
1109 1137 1241 1230 opposi-
1260 1225 1263 1232 γ

215 1268 350 1348 tumque
366 1254 559 1342 Thessalia,
578 1256 697 1324 Casan
716 1255 858 1324 venienti
877 1256 1030 1325 occurrit.

261 1377 398 1444 LXXX.
417 1375 604 1468 Conjuncto
621 1373 784 1461 exercitu,
804 1377 913 1443 Caesar
933 1375 1105 1468 Gomphos
1126 1345 1240 1469 perve-

214 1493 287 1578 nit,
312 1493 402 1586 quod
423 1507 474 1562 est
493 1491 651 1588 oppidum
673 1493 817 1586 primum
839 1493 1013 1562 Thessalia
1033 1495 1239 1564 venientibus

213 1610 254 1679 ab
273 1613 394 1706 Epiro,
414 1637 487 1707 quae
506 1637 585 1706 gens
604 1613 715 1706 paucis
729 1627 806 1680 autc
823 1611 989 1681 mensibus
1009 1610 1096 1680 ultro
1111 1613 1153 1682 ad
1171 1617 1239 1682 Cre·

214 1755 319 1799 sarem
337 1731 460 1826 legatos
474 1733 624 1820 miserat,
646 1744 684 1799 ut
699 1731 765 1799 suis
777 1730 930 1798 omuibus
943 1729 1150 1800 facultatibus
1167 1746 1239 1800 ute·

213 1863 315 1936 retur,
349 1849 600 1944 praesidiumque
627 1850 669 1940 ab
700 1875 739 1918 eo
764 1847 906 1918 militurn
935 1850 1082 1943 petierat.
1109 1850 1172 1919 Sed
1199 1875 1239 1919 eo

215 1968 300 2036 fama
316 1969 385 2060 jam
400 1978 633 2060 praecurrerat,
652 1992 752 2062 quam
773 1992 872 2063 supra
892 1967 1080 2051 docuimus,
1095 1967 1136 2036 de
1154 1987 1240 2061 prce·-

214 2083 258 2155 lio
285 2084 499 2181 dyrrachino,
526 2087 615 2182 quod
642 2087 752 2157 multis
780 2103 913 2156 auxerat
939 2089 1096 2180 partibus.
1124 2091 1239 2181 Itaque

115 2293 125 2312 ἱ
212 2205 470 2296 Androsthenes,
483 2223 602 2302 praetor
617 2206 790 2276 Thessaliae
796 2232 922 2299 ,quum
938 2231 972 2274 se
989 2207 1134 2276 victoriae
1146 2210 1239 2276 Pom·

212 2326 277 2418 peii
301 2327 453 2396 comitem
475 2351 547 2396 esse
566 2324 698 2412 mallet,
718 2350 815 2419 quam
840 2326 965 2394 socium
982 2328 1167 2434 caesariem
1187 2353 1239 2396 re·
1255 2361 1259 2394 z

213 2443 274 2540 bus
296 2445 455 2533 adversis,
477 2471 608 2515 omnem
633 2469 674 2514 ex
695 2444 781 2538 agris
803 2421 1045 2512 multitudinem
1067 2469 1236 2514 servorum

213 2587 251 2630 ac
268 2561 472 2664 liberorum
465 2591 497 2632 rn
517 2563 675 2659 oppidum
693 2564 800 2656 cogit,
818 2575 993 2654 portasque
1004 2561 1189 2656 praecludit,
1206 2580 1239 2634 et

213 2680 255 2748 ad
271 2656 461 2776 Scipionem
477 2683 734 2774 Pompeiumque
752 2680 886 2748 nuntios
907 2681 1024 2766 mittit,
1041 2695 1078 2748 ut
1091 2683 1151 2750 sibi
1164 2684 1239 2751 sub·

213 2780 296 2868 sidio
315 2802 466 2887 veniant;
485 2825 519 2868 se
537 2798 702 2869 confidere
725 2798 963 2866 munitionibus
987 2798 1121 2892 oppidi,
1140 2801 1166 2868 si
1185 2825 1238 2870 ce-

213 2919 323 2988 leriter
349 2921 593 2988 succurratur:
622 2917 835 3012 longinquam
862 2919 1140 3012 oppugnationem
1166 2944 1236 2988 sus·

214 3038 318 3106 tinere
342 3063 410 3107 non
433 3063 537 3132 posse.
563 3038 692 3130 Scipio,
719 3037 860 3106 discessu
883 3039 1084 3106 exercituum
1109 3063 1128 3106 a
1156 3043 1239 3133 Dyr·

214 3157 326 3224 rachio
343 3158 500 3250 cognito,
515 3158 678 3226 Larissam
693 3155 837 3250 legiones
849 3153 1047 3225 adduxerat:
1064 3161 1238 3252 Pompeius
1283 3233 1284 3237 ,

215 3272 362 3343 nondum
379 3275 553 3346 Thessaliae
572 3277 867 3369 appropinquabat
889 3279 1007 3364 Caesar,
1029 3279 1143 3346 castris
1168 3302 1240 3348 mu·

215 3394 309 3480 nitis,
338 3393 441 3464 scalas
466 3394 695 3487 musculosque
718 3393 760 3463 ad
790 3396 992 3488 repentinam
1022 3399 1240 3490 oppugnatio-

214 3535 288 3581 nem
307 3513 394 3600 ficri‚
413 3529 447 3582 ct
464 3489 569 3584 crates
587 3514 692 3608 parari
711 3514 817 3606 jussit.
833 3513 965 3601 Quibus
980 3515 1078 3584 rebus
1094 3515 1238 3603 allectis,

214 3632 404 3702 cohortatus
427 3632 546 3703 milites
565 3631 695 3721 docuit,
714 3647 904 3728 «quantum
921 3656 1016 3701 usum
1040 3633 1175 3703 haberet
1197 3633 1239 3701 ad

213 3750 445 3821 sublevandam
477 3755 625 3821 omnium
652 3776 765 3822 rerum
796 3753 959 3845 inopiam,
984 3752 1082 3844 potiri
1115 3751 1239 3846 oppido

216 3868 313 3962 pleno
334 3886 434 3964 atquc
458 3870 634 3966 opulento;
655 3871 750 3944 simul
773 3870 907 3966 reliquis
931 3872 1116 3942 civitatibus
1140 3875 1239 3967 hujus

216 3987 305 4057 urbis
331 3989 479 4083 exemplo
506 3993 624 4062 inferre
652 4007 831 4080 terrorem3
858 4006 891 4061 et
914 3991 948 4060 id
979 3992 1049 4060 fieri
1079 3991 1241 4080 celeriter,
