3088 4766
289 375 323 414 ra
440 360 590 416 C.JUL11
612 359 775 416 CAESARIS
798 360 1170 419 uoununrnmouuu

334 486 460 556 XVIII.
474 485 611 553 Interim
625 484 746 554 Caesari
761 486 952 573 nuntiatur,
965 485 1218 574 Sulmonenses,
1232 489 1324 582 quod

286 604 447 699 oppidum
461 630 481 674 a
494 605 643 677 Corfinio
656 629 706 674 vn
720 605 868 696 ⁴millium
885 605 1059 675 intervallo
1074 609 1186 695 abest,
1202 633 1323 702 cupere

287 751 325 797 ea
341 725 463 812 facere,
477 750 550 818 quae
562 725 674 810 vellen
691 725 747 794 scd
765 750 785 794 a
799 728 843 815 Q.
856 728 1014 795 Lucretio
1033 742 1201 814 senatore,
1220 743 1253 796 et
1265 733 1323 798 At·

289 848 334 917 tiu
358 843 495 938 Peligno
529 844 713 938 prohiberi,
741 845 799 937 qui
826 843 860 911 id
882 844 1043 938 oppidum
1063 869 1112 914 vrr
1135 846 1322 915 cohortium

288 963 440 1058 praesidio
458 964 623 1033 tenebant.
639 965 744 1032 Mittit
763 989 802 1032 eo
819 967 866 1032 M.
888 966 1068 1035 Antonium
1090 959 1165 1034 cum
1183 964 1323 1060 legionis

287 1099 410 1154 octavae
432 1084 625 1152 cohortibus
643 1084 801 1177 quinque.
831 1065 1080 1171 Sulmonenses,
1099 1084 1200 1154 simul
1222 1102 1322 1181 atque

288 1219 402 1274 nostra
421 1206 515 1299 signa
535 1202 706 1289 viderunt,
725 1219 838 1298 portas
857 1220 1076 1298 aperuerunt,
1097 1205 1323 1300 universique,

288 1339 323 1394 et
333 1323 492 1420 oppidani
509 1340 543 1393 et
557 1323 695 1408 milites,
714 1325 846 1392 obviam
857 1323 1061 1419 gratulantes
1077 1328 1224 1396 Antonio
1236 1328 1323 1395 erio-

288 1460 392 1514 runt:
413 1447 587 1514 Lucretius
602 1460 636 1513 et
652 1446 760 1514 Attius
777 1443 818 1512 de
827 1468 927 1514 muro
935 1469 969 1513 se
978 1445 1180 1538 dejecerunt.
1194 1447 1323 1531 Attius,

288 1564 331 1634 ad
348 1565 533 1634 Antonium
552 1564 732 1653 deductus,
750 1566 866 1658 petiit,
883 1579 920 1633 ut
939 1564 982 1634 ad
999 1567 1159 1634 Caesarem
1181 1569 1325 1635 mittere·

289 1699 355 1752 tur.
380 1685 543 1755 Antonius
557 1709 633 1754 cum
657 1685 850 1754 cohortibus
866 1699 899 1753 et
920 1685 1011 1755 nuto
1024 1684 1140 1754 eodem
1164 1660 1233 1773 die,
1256 1710 1323 1779 quo

288 1805 457 1900 proiectus
468 1819 555 1893 erat,
569 1806 757 1874 revertitur.
770 1807 880 1875 Caesar
895 1829 949 1874 eas
969 1805 1120 1874 cohortes
1136 1830 1212 1874 cum
1231 1829 1324 1872 exer·

288 1927 357 1993 citu
368 1949 429 1994 suo
438 1925 627 2016 conjunxit,
645 1925 841 2016 Attiumque
858 1925 1057 1994 incolumem
1068 1924 1201 1993 dimisit.
1213 1928 1323 1994 Caesar

289 2045 395 2112 tribus
412 2045 527 2138 primis
545 2041 660 2112 diebus
678 2058 787 2112 castra
805 2045 933 2138 magnis
953 2047 1108 2138 operibus
1126 2045 1275 2146 munire,
1290 2058 1324 2112 et

263 2229 268 2239 ‚
289 2188 329 2232 ex
346 2162 494 2232 finitimis
509 2163 697 2256 municipiis
706 2162 910 2232 frumentum
928 2163 1324 2258 comportare‚reliquas·

289 2305 355 2377 que
377 2282 488 2376 copias
507 2297 697 2374 exspectare
716 2283 867 2350 instituit.
895 2285 946 2350 Eo
964 2282 1074 2350 triduo
1095 2281 1182 2376 legio
1201 2307 1265 2352 vnr
1282 2281 1325 2352 ad

289 2428 366 2472 eum
383 2404 489 2488 venit,
507 2401 725 2494 cohortesque
740 2427 779 2470 ex
797 2401 892 2470 novis
909 2400 1025 2470 Galliae
1041 2399 1220 2470 delectibus
1235 2427 1325 2485 xxu,

288 2525 481 2618 equitesque
493 2522 535 2590 ab
550 2545 627 2615 rege
641 2522 755 2590 norico
772 2523 904 2589 circiter
918 2545 990 2593 ccc.
1009 2522 1164 2609 Quorum
1177 2520 1324 2591 adventu

289 2641 393 2712 altera
406 2656 512 2740 castra
529 2640 571 2710 ad
587 2641 723 2710 alteram
739 2641 853 2736 oppidi
869 2657 995 2735 partem
1013 2644 1116 2735 pouit.
1132 2643 1192 2710 His
1211 2643 1324 2710 castris

290 2765 472 2834 Curionem
489 2761 633 2856 praefecit
653 2787 661 2828 :
682 2759 817 2854 reliquis
834 2759 949 2830 diebus
966 2761 1126 2857 oppidum
1146 2761 1234 2830 vallo
1253 2787 1325 2830 cas·

290 2881 442 2976 tellisque
468 2883 706 2952 circumvenire
732 2882 883 2949 instituit.
908 2881 1014 2973 Cujus
1043 2881 1153 2974 operis
1184 2883 1325 2949 maxima

290 3018 384 3097 parte
409 3002 541 3089 effecta,
564 2999 681 3070 eodem
696 2999 764 3069 fere
779 3015 927 3093 tempore
951 3001 1041 3070 missi
1062 3000 1102 3069 ad
1132 3002 1325 3094 Pompeium

290 3137 515 3191 revertuntur.

338 3244 430 3310 XIX.
443 3243 578 3312 Litteris
594 3240 763 3338 perlectis,
778 3243 946 3313 Domitius
961 3239 1172 3343 dissimulans
1191 3243 1225 3310 in
1244 3247 1325 3310 con·

291 3358 369 3430 cilio
397 3362 611 3455 pronuntiat,
635 3363 828 3457 Pompeium
856 3361 1005 3438 celeriter
1032 3363 1178 3431 subsidio
1209 3375 1326 3428 ventu·

291 3507 382 3567 rum3
402 3480 620 3574 hortaturque
637 3506 710 3569 eos,
726 3507 767 3550 ue
780 3483 891 3551 animo
909 3481 1081 3567 deficiant,
1099 3505 1238 3574 quaeque
1254 3481 1328 3549 usui

239 3638 242 3645 ·
293 3602 335 3672 ad
352 3601 592 3671 defendendum
610 3577 770 3697 oppidum
783 3602 867 3688 sint,
882 3615 999 3696 parent
1013 3626 1020 3668 ε
1032 3603 1100 3693 ipse
1113 3625 1235 3671 arcano
1252 3625 1329 3668 cum

290 3723 404 3816 paucis
421 3719 637 3790 familiaribus
657 3722 724 3790 suis
741 3719 959 3813 colloquitur,
980 3719 1222 3813 consiliumque
1243 3718 1329 3813 fugae

291 3864 409 3936 capere
430 3843 611 3911 constituit.
642 3843 755 3929 Quum
783 3839 895 3910 vultus
915 3841 1053 3910 Domitii
1076 3866 1152 3910 cum
1179 3840 1331 3908 oratione

291 3983 359 4027 non
381 3961 596 4049 consentiret,
625 3974 724 4054 atque
744 3963 857 4030 omnia
876 3939 1096 4054 trepidantius
1116 3957 1330 4051 timidiusque
