3050 4772
258 355 312 411 180
411 359 440 414 C.
463 355 560 413 JULII
581 356 743 412 cmunls
765 355 1132 414 COMMENTARIORUM

254 485 293 553 iis
317 484 503 552 communis
523 480 638 551 salutis
657 507 754 551 causa
775 481 962 574 impetrari,
984 496 1024 550 ut
1042 496 1148 550 castra
1165 482 1288 553 munire

252 603 480 690 instituerent,
507 626 574 695 quo
599 599 729 670 facilius
757 602 947 695 repentinos
977 590 1123 671 hostium
1152 602 1307 696 impetus

249 723 411 792 sustinere
428 736 570 817 possent.
587 753 604 787 »
1055 818 1058 823 Ι

296 847 406 912 XXX.
433 845 510 913 Fuit
529 843 600 913 haec
619 844 726 912 oratio
748 867 814 912 non
840 845 971 938 ingrata
991 841 1112 931 Gallis,
1131 844 1294 928 maxime,

248 962 339 1056 quod
361 963 431 1057 ipse
453 964 566 1032 animo
587 987 655 1034 non
679 962 862 1049 defecerat,
886 977 981 1031 tanto
1006 976 1143 1056 accepto
1170 963 1313 1031 incom·'

248 1082 365 1169 moda,
388 1106 496 1177 neque
520 1107 554 1152 se
576 1084 610 1152 in
627 1081 795 1152 occultum
812 1081 998 1166 abdiderat,
1021 1097 1056 1150 et
1078 1097 1293 1175 conspectum

248 1202 476 1273 multitudinis
496 1203 627 1297 fugerat
647 1203 815 1297 :plusque
834 1203 947 1270 animo
968 1195 1143 1296 providere
1159 1216 1191 1270 et
1208 1227 1293 1296 prae·

248 1326 371 1394 sentire
380 1306 643 1412 existimabatur,
657 1323 763 1418 quod,
776 1348 812 1391 re
829 1323 972 1417 integra,
990 1324 1098 1416 primo
1115 1313 1293 1392 incenden-

248 1445 328 1514 dum
354 1445 547 1530 Avaricum,
565 1459 644 1538 post
667 1442 884 1512 deserendum
905 1458 1088 1511 censuerat.
1113 1446 1229 1538 Itaque
1254 1458 1293 1512 ut

248 1564 454 1657 reliquorum
477 1563 717 1656 imperatorum
739 1585 792 1630 res
813 1561 959 1630 adversae
979 1562 1211 1632 auctoritatem
1233 1562 1294 1632 mi·

249 1660 377 1771 nuunt',
399 1685 446 1751 sic
463 1682 563 1776 hujus
585 1707 624 1751 ex
642 1683 810 1752 contrario
831 1681 990 1776 dignitas,
1011 1681 1223 1752 incommodo
1238 1709 1292 1752 ac-

248 1819 362 1898 cepto,
382 1805 416 1871 in
435 1802 504 1870 dies
522 1802 716 1895 augebatur.
737 1799 842 1870 Simul
862 1801 896 1868 in
917 1825 1008 1894 spem
1029 1802 1204 1872 veniebant
1221 1803 1292 1896 ejus

248 1921 470 1992 affirmatione
499 1920 541 1990 de
576 1919 712 2013 reliquis
744 1915 964 2014 adjungendis
993 1922 1192 2004 civitatibus.
1221 1924 1292 1992 Pri·

248 2064 408 2134 mumque
421 2064 461 2108 eo
471 2055 621 2133 tempore
635 2037 724 2109 Galli
739 2053 846 2126 eastra
861 2039 992 2108 munire
1010 2040 1243 2127 instituerunt;
1257 2056 1292 2110 et

249 2161 297 2228 sic
317 2175 396 2228 suut
411 2161 522 2228 animo
544 2161 761 2248 consternati,
779 2159 931 2227 homines
951 2159 1071 2226 insueti
1088 2156 1232 2248 laboris,
1254 2174 1293 2230 ut

250 2281 362 2348 omnia
385 2304 458 2373 quae
482 2281 744 2372 imperarentur,
769 2278 829 2346 sibi
855 2276 1008 2370 patienda
1038 2290 1070 2345 et
1096 2276 1291 2370 perferenda

249 2401 484 2468 existimarent.

298 2522 421 2588 XXXI.
440 2519 511 2588 Nec
535 2517 663 2604 minus,
684 2542 784 2612 quam
812 2534 861 2587 est
887 2516 1054 2612 pollicitus
1077 2519 1291 2614 Vercingeto-

248 2643 300 2709 rix
315 2641 428 2708 animo
443 2636 617 2706 laborabat
634 2652 671 2705 ut
686 2636 829 2730 reliquas
849 2639 999 2708 civitates
1016 2638 1227 2734 adjungeret,
1244 2653 1292 2708 at·

248 2786 314 2853 que
328 2785 439 2829 earum
453 2758 621 2852 principes
634 2756 730 2847 donis
742 2754 1104 2853 pollicitationibusque
1114 2757 1288 2828 alliciebat.

248 2881 335 2946 Huic
349 2883 397 2949 rei
408 2878 544 2948 idoneos
559 2877 710 2945 homines
724 2875 906 2972 deligebat,
919 2902 1063 2972 quorum
1077 2879 1217 2972 quisque
1231 2891 1289 2945 aut

248 2996 398 3066 oratione
416 2996 556 3067 subdola
574 3011 633 3065 aut
650 2996 795 3065 amicitia
815 2995 971 3066 facillime
990 3000 1063 3092 capi
1080 3011 1201 3093 posset.
1219 2998 1289 3088 Qui

248 3116 391 3184 Avarico
411 3133 600 3211 expugnato
616 3116 823 3210 refugerant,
843 3117 1020 3185 armandos
1037 3117 1290 3212 vestiendosque

248 3248 352 3304 curat.
365 3233 486 3321 Simul,
501 3251 540 3304 ut
548 3236 726 3303 deminutae
737 3237 840 3328 copiae
853 3235 1172 3329 redintegrarentur,
1186 3239 1290 3332 impe-

248 3368 300 3422 rat
314 3369 443 3424 certum
457 3378 633 3421 numerum
648 3353 793 3423 militum
804 3355 1009 3442 civitatibus,
1022 3379 1136 3449 quem,
1145 3370 1179 3424 et
1190 3381 1289 3449 quam

247 3491 324 3545 ante
343 3477 430 3546 diem
452 3477 486 3546 in
507 3489 615 3544 castra
634 3474 753 3543 adduci
772 3473 868 3562 velit;
886 3477 1140 3571 sagittariosque
1159 3501 1289 3566 omnes,

248 3620 391 3688 quorum
410 3609 481 3665 erat
497 3619 696 3689 permagnus
712 3595 746 3662 in
764 3592 874 3663 Gallia
889 3619 1062 3684 numerus,
1083 3598 1237 3690 conquiri
1255 3611 1290 3664 et

245 3716 289 3786 ad
310 3742 345 3786 se
363 3719 452 3787 mitti
468 3716 574 3809 jubet.
599 3716 658 3784 His
685 3715 784 3783 rebus
805 3712 957 3783 celeriter
977 3715 1029 3803 id,
1046 3716 1137 3810 quod
1157 3716 1289 3785 Avarici

245 3834 450 3930 deperierat,
475 3835 638 3929 expletur.
661 3836 800 3904 Interim
825 3837 1057 3921 Teutomatus,
1084 3833 1289 3905 Olloviconis

247 3953 352 4041 filius,
380 3980 437 4023 rex
462 3955 711 4049 Nitiobrigum,
734 3957 828 4049 cujus
850 3969 944 4049 pater
967 3955 1008 4024 ab
1033 3950 1149 4025 senatu
1173 3971 1289 4025 nostro
