3048 4770
252 385 289 455 54
398 397 428 450 C.
455 393 555 450 JULll
575 395 738 452 cAEsauts
758 395 1121 452 COMMENTARIORUM

250 531 327 579 vare
358 531 511 606 cuperet,
539 517 677 610 paulum
706 519 854 588 hostium
881 520 1023 611 impetus
1048 517 1195 588 tardatus
1223 526 1281 580 est.

296 634 418 702 XXVI.
445 637 571 724 Caesar,
585 663 688 730 quum
710 640 884 734 septimam
903 635 1086 734 legionem,
1102 659 1174 730 quae
1190 636 1282 730 juxta

245 752 455 843 constiterat,
471 756 551 824 item
567 759 679 852 urgeri
695 759 736 826 ab
755 760 849 828 hoste
866 757 1014 844 vidisset,
1033 759 1184 828 tribunos
1199 757 1282 826 mili-

248 883 319 937 tum
336 874 481 960 monuit,
500 889 538 944 ut
553 875 712 969 paulatim
730 902 798 946 sese
818 877 964 973 legiones
982 879 1239 972 conjungerent,
1252 886 1284 942 et

248 1015 406 1060 conversa
420 994 515 1089 signe
527 995 563 1063 in
572 996 683 1066 hostes
697 996 866 1066 inferrent.
880 997 957 1094 Quo
973 996 1060 1066 facto
1068 1019 1191 1087 ,quum
1203 991 1285 1065 alius

249 1109 305 1180 alii
332 1111 517 1183 subsidium
540 1112 692 1202 ferrent,
711 1139 820 1208 neque
844 1121 1018 1198 timerent,
1042 1137 1084 1180 ne
1108 1113 1215 1180 aversi
1243 1101 1290 1192 ab

250 1229 345 1299 hoste
358 1232 693 1322 circumvenirentur,
707 1232 864 1303 audacius
877 1233 1026 1302 resistere
1039 1255 1077 1298 ac
1092 1229 1211 1298 fortius
1226 1255 1282 1322 pu·

251 1373 352 1444 gnare
367 1363 547 1445 coeperunt.
565 1354 703 1422 Interim
720 1352 840 1422 milites
857 1351 1024 1446 legionum
1042 1349 1200 1436 duarum,
1215 1373 1287 1442 quae

252 1469 286 1536 in
301 1470 480 1538 novissimo
491 1473 622 1565 agmine
634 1471 785 1564 presidio
796 1470 1041 1565 impedimentis
1051 1469 1196 1558 fuerant,
1207 1491 1288 1561 proe·

252 1585 298 1656 lio
316 1590 486 1672 nuntiato,
503 1609 604 1659 cursu
618 1591 772 1670 incitato,
786 1592 821 1658 in
840 1614 970 1659 summo
986 1587 1070 1658 colle
1083 1589 1123 1658 ab
1139 1589 1289 1657 hostibus

253 1708 552 1800 conspiciebantur.
577 1713 621 1778 Et
642 1713 680 1778 Τ.
699 1710 879 1796 Labienus,
901 1710 1015 1778 castris
1037 1709 1183 1778 hostium
1204 1711 1290 1802 poti·

254 1839 321 1912 tus,
338 1840 373 1894 et
390 1837 430 1894 ex
450 1826 525 1896 loco
544 1831 727 1922 superiore,
744 1853 885 1922 queres
907 1832 940 1897 in
961 1831 1082 1898 nostris
1100 1831 1215 1898 castris
1235 1854 1291 1923 ge·

254 1959 423 2028 rerentur,
441 1947 666 2040 conspicatus,
686 1947 848 2017 decimam
867 1946 1031 2042 legionem
1050 1947 1197 2016 subsidio
1217 1972 1293 2016 nos·

256 2063 316 2131 tris
331 2064 430 2132 misit.
446 2064 533 2154 Qui,
548 2091 653 2159 quum
670 2092 711 2136 ex
726 2069 877 2161 equitum
893 2082 926 2136 et
941 2065 1095 2136 calonum
1110 2067 1207 2162 fuga,
1226 2093 1293 2162 quo

257 2183 291 2250 in
307 2181 383 2251 loco
399 2207 451 2253 rm
470 2199 574 2272 esset,
590 2200 781 2279 quantoque
796 2187 832 2256 in
850 2183 998 2279 periculo
1012 2200 1046 2254 et
1057 2201 1184 2274 castra,
1198 2201 1231 2255 et
1247 2185 1294 2253 le·

258 2305 388 2397 gioncs,
408 2319 443 2374 et
459 2305 641 2400 imperator
659 2319 862 2393 versaretur,
883 2306 1132 2400 cognovissent,
1150 2303 1232 2373 nihil
1252 2305 1294 2373 ad

259 2422 460 2493 celeritatem
474 2425 536 2492 sibi
552 2422 671 2517 reliqui
684 2425 842 2494 lecerunt

306 2545 446 2616 XXVII.
465 2547 595 2613 Horum
607 2544 752 2614 adventu
773 2560 864 2615 tanta
882 2570 995 2614 rerum
1015 2545 1232 2615 commutatio
1247 2558 1296 2612 est

260 2665 360 2754 facta,
382 2678 420 2733 ut
446 2665 567 2753 nostri,
590 2666 689 2733 etiam
712 2667 770 2758 qui
791 2664 983 2734 vulneribus
1009 2664 1151 2734 confecti
1178 2688 1298 2758 procu-

261 2785 426 2871 buissent,
441 2785 543 2854 scutis
558 2786 678 2872 innixi,
692 2783 846 2878 proelium
862 2783 1141 2880 redintegrarent3
1158 2799 1231 2853 tum
1247 2809 1298 2853 ca-

264 2901 371 2990 lones,
392 2907 585 2996 perterritos
610 2904 722 2973 hostes
744 2905 941 2998 conspicati,
960 2907 1061 2974 etiam
1081 2906 1223 2974 inermes
1246 2929 1298 2974 ar·

264 3021 361 3088 matis
380 3037 611 3109 occurrerent;
629 3025 756 3116 equites
776 3048 871 3109 vero,
891 3037 928 3092 ut
949 3024 1189 3116 turpitudinem
1214 3025 1299 3121 fugae

265 3143 389 3211 virtute
407 3140 576 3233 delerent,
596 3144 751 3212 omnibus
767 3144 802 3213 in
821 3143 901 3213 locis
921 3167 1041 3238 pugnae
1060 3168 1095 3212 se
1112 3143 1299 3239 legionariis

266 3263 427 3334 militibus
439 3265 642 3360 preferrent.
658 3265 838 3350 Athones,
852 3265 951 3333 etiam
964 3265 1000 3332 in
1016 3279 1163 3333 extrema
1179 3288 1236 3358 spe
1251 3291 1301 3333 se·

267 3383 359 3472 lutis,
376 3399 502 3454 tantam
517 3387 675 3454 virtutem
688 3386 926 3478 prestiterunt,
945 3400 996 3472 ut,
1013 3409 1118 3478 quum
1135 3383 1233 3479 primi
1245 3375 1307 3451 eo·'

266 3529 342 3572 rum
361 3505 569 3593 cecidissent,
592 3507 736 3600 proximi
755 3507 942 3601 jacentibus
969 3508 1177 3595 insisterent,
1203 3521 1302 3598 atque
1390 3595 1397 3606 ·

268 3651 308 3695 ex
324 3649 441 3696 eorum
456 3629 650 3722 corporibus
665 3643 867 3723 pugnarent3
884 3629 937 3697 his
957 3627 1106 3720 dejectis,
1121 3643 1156 3695 ct
1171 3650 1303 3695 coacer-

271 3746 352 3815 vatis
373 3746 600 3836 cadaveribus,
621 3748 680 3840 qui
703 3763 929 3843 superessent,
949 3761 987 3815 ut
1007 3771 1047 3814 ex
1068 3743 1212 3833 tumulo,
1238 3743 1304 3813 tela

268 3866 303 3931 iu
331 3881 461 3934 nostros
481 3868 700 3961 conjicerent,
726 3883 760 3937 et
780 3867 847 3962 pila
872 3869 1055 3961 intercepta
1079 3867 1304 3953 remitterent;

269 3993 306 4046 ut
323 4001 390 4048 uon
409 3984 630 4080 nequidquam
651 4001 749 4056 tantae
764 3987 894 4057 virtutis
915 3987 1066 4056 homines
1081 3985 1223 4080 judicari
1248 3985 1304 4056 dc·
