3088 4766
283 345 318 413 48
439 346 468 403 C
488 349 585 403 JULII
604 347 769 402 CAESARIS
791 348 1154 406 COMMENTARIORUM

329 473 467 539 LXXX.
481 468 554 540 Tuli
571 493 674 564 quum
689 483 856 566 pugnatur
874 470 990 560 modo,
1010 471 1096 541 lente
1112 487 1211 567 atque
1229 499 1312 570 peu-

282 591 373 660 latim
400 589 604 684 proceditur,
622 590 823 684 crebroque,
845 605 884 658 ut
905 591 971 659 sint
990 588 1112 660 auxilio
1134 595 1217 681 suis,
1235 595 1311 663 sub·

281 711 420 797 sistunt,
437 723 475 778 ut
488 724 557 777 tum
575 708 704 777 accidit.
722 707 829 776 Millia
847 710 935 776 enim
957 711 1120 802 progressi
1140 735 1192 799 rv,
1211 713 1311 783 rebe·

242 826 244 828 ’
282 831 488 921 mentiusque
521 828 691 922 peragitati
717 809 758 896 ab
779 829 944 920 equitatu,
976 843 1123 899 montem
1150 829 1310 902 excelsum

282 951 432 1042 copiunt,
461 948 572 1041 ibique
595 972 662 1015 uua
690 945 799 1016 fronte
825 962 940 1016 contm
967 948 1094 1016 hostem
1114 965 1219 1019 castra
1238 939 1311 1021 mu:

189 1141 191 1152 ,
282 1070 397 1154 niunt,
414 1091 520 1159 neque
532 1069 688 1162 jumentis
703 1090 804 1135 onera
817 1065 998 1159 deponunt.
1012 1067 1079 1137 Ubi
1094 1071 1231 1138 caesaris
1241 1095 1311 1139 cas·

282 1200 333 1254 tra
346 1186 467 1279 posito,
486 1183 759 1278 tabernaculaque
769 1187 963 1273 constituta,
976 1198 1009 1252 et
1021 1184 1171 1255 dimissos
1185 1191 1310 1280 equites

283 1303 461 1399 pabulandi
471 1329 568 1374 causa
581 1305 728 1373 animum
743 1303 971 1389 adverterunt,
984 1327 1052 1372 sese
1071 1304 1182 1374 subito
1200 1309 1309 1399 prori-

282 1424 404 1516 piunt:
426 1422 507 1492 hora
527 1424 656 1492 circiter
674 1437 765 1492 sexta
790 1420 936 1516 ejusdem
954 1422 1034 1512 diei,
1054 1438 1087 1492 et
1105 1423 1196 1516 spem
1221 1429 1309 1496 nacti
1409 1499 1412 1507 ,

282 1567 401 1629 morae,
418 1543 562 1612 discessu
571 1557 758 1611 nostrorum
770 1543 918 1635 equitum
929 1543 1009 1626 ,iter
1020 1540 1126 1611 facere
1135 1544 1307 1637 incipiunt.

280 1663 355 1750 Qua
380 1687 417 1730 re
436 1659 679 1748 animadversa,
699 1663 827 1748 Cesar,
857 1658 978 1730 relictis
1005 1657 1204 1755 legionibus,
1230 1663 1308 1731 sub-

281 1783 445 1876 sequitur,
465 1779 616 1875 presidio
636 1778 877 1874 impedimentis
895 1803 1015 1873 paucas
1039 1760 1188 1849 cohortos
1209 1779 1309 1850 relin-

281 1903 354 1994 quit
374 1927 382 1968 :
399 1901 481 1970 bora
499 1925 523 1970 1
540 1900 693 1993 subsequi
709 1869 932 1993 pabirlatores,
950 1901 1142 1994 equitesque
1157 1903 1307 1969 revocari

277 2021 382 2115 jubet
405 2019 563 2091 Celeriter
588 2021 752 2113 equitatus
776 2019 818 2087 ad
841 2019 1069 2112 quotidianum
1095 2021 1220 2088 itineris
1238 2019 1308 2088 offi-

281 2141 369 2229 cium
377 2141 553 2208 revertitur
566 2164 573 2206 :
586 2153 754 2233 pugnatur
763 2140 882 2208 acriter
894 2139 936 2206 ad
945 2139 1159 2207 novissimum
1171 2163 1308 2233 agmen,

280 2258 384 2346 odeo,
404 2273 441 2327 ut
456 2281 546 2352 paeue
563 2271 655 2352 terga
672 2259 883 2344 coniertaut3
903 2255 1152 2350 compluresque
1171 2257 1308 2344 milites,

281 2379 380 2454 ctiam
398 2375 547 2446 nonnulli
567 2378 792 2462 centuriones,
814 2375 1063 2444 interficiuntur.
1085 2377 1232 2444 Instabat
1257 2401 1310 2471 ag·

281 2521 356 2565 men
371 2497 505 2581 Caesari,
526 2511 623 2589 atque
640 2497 829 2566 universum
848 2494 1046 2564 imminebat.

328 2619 480 2686 LXXXI.
499 2619 584 2684 Tum
606 2639 686 2684 vero
706 2637 813 2707 neque
833 2613 875 2682 ad
894 2613 1131 2708 explorandum
1152 2615 1308 2686 idoneum

280 2734 389 2804 locum
408 2736 537 2823 castris,
555 2757 664 2829 neque
684 2733 724 2802 ad
746 2733 1023 2828 progrediendum
1042 2733 1118 2804 data
1135 2736 1308 2823 facultate,

280 2857 463 2925 consistunt
479 2855 677 2940 necessario,
697 2867 730 2922 ct
747 2852 863 2947 procul
891 2855 932 2922 ab
947 2879 1047 2948 aqua,
1066 2869 1098 2923 et
1115 2869 1234 2924 natura
1249 2857 1310 2923 ini·
1424 2925 1428 2934 ,

281 3000 347 3069 quo
361 2974 434 3045 loco
442 2988 549 3043 castra
564 2986 702 3068 ponunt.
722 2972 788 3044 Sed
798 2973 914 3042 iisdem
924 2973 964 3042 de
977 2975 1083 3044 causis
1096 2979 1204 3045 Caesar
1215 3026 1224 3060 ,
1237 2997 1309 3066 quae

280 3118 379 3188 supra
398 3107 477 3162 sunt
496 3091 743 3180 demonstrate,
764 3089 880 3185 proelio
901 3067 1041 3186 ampliirs
1068 3118 1135 3162 uon
1160 3093 1308 3180 lacessit,

280 3226 313 3281 et
328 3237 367 3281 eo
384 3212 438 3280 die
460 3211 671 3280 tabernacula
695 3213 795 3280 statui
814 3235 928 3306 passus
955 3235 1021 3280 non
1042 3227 1110 3300 est,
1129 3237 1196 3306 quo
1216 3236 1311 3306 pam·

282 3333 379 3401 tiores
395 3344 502 3400 esseut
524 3331 567 3399 ad
592 3331 831 3424 insequendum
858 3355 991 3426 omnes,
1017 3334 1084 3399 sire
1103 3345 1220 3417 noctu,
1243 3334 1310 3398 sive

282 3453 425 3522 interdiu
439 3466 659 3546 erumperent.
673 3450 726 3520 llli
742 3453 849 3538 enim,
864 3450 1000 3520 adverso
1015 3451 1094 3518 vitio
1110 3462 1310 3533 castrorum,

282 3587 349 3642 tota
369 3587 466 3644 nocte
486 3574 686 3642 munitiones
700 3571 890 3666 proferunt,
910 3583 1080 3660 castraque
1097 3568 1211 3635 castris
1234 3591 1310 3636 con·

279 3706 424 3786 pectunt.
435 3697 507 3762 Hoc
522 3691 610 3760 idem
624 3692 774 3785 proximo
792 3689 844 3757 die
860 3689 995 3781 aprima
1015 3685 1087 3754 luce
1106 3685 1245 3772 faciunt3
1260 3700 1311 3754 to-

281 3827 416 3904 tumque
434 3813 468 3879 in
486 3835 524 3879 ee
542 3835 579 3879 re
599 3809 685 3880 diem
704 3822 912 3877 consumunt
932 3805 1015 3890 Sed,
1034 3819 1197 3898 quantum
1212 3828 1312 3899 opere

185 3953 189 3962 ·
281 3944 526 4023 processerant,
547 3945 582 3998 et
602 3943 708 3998 castra
742 3923 966 4021 protulerant,
988 3937 1082 3994 tanto
1103 3925 1239 3994 oberant
1269 3923 1311 3991 ab
