3050 4772
502 649 559 754 C.
584 651 771 756 JULIl
798 651 1106 760 CAESARIS

353 977 1255 1118 COMMENTARIORUM

530 1333 605 1419 DE
631 1334 812 1419 BELLO
839 1333 1082 1420 GALLICO

589 1663 737 1730 LIBER
762 1662 1017 1730 SEPTIMUS.

723 1999 867 2017 u—-u-n

286 2273 312 2340 1.
324 2223 505 2380 Quum
523 2269 647 2355 Gallio,
667 2273 792 2360 Cesar,
813 2287 851 2340 ut
871 2273 1106 2359 constituerat,
1127 2273 1161 2338 in
1188 2271 1318 2342 Italiam

286 2391 328 2460 sd
357 2406 539 2462 conventus
570 2389 713 2485 agendos
747 2389 976 2485 proficiscitur.
1007 2391 1056 2458 Ibi
1085 2393 1255 2485 cognoscit
1279 2392 1319 2460 de

285 2513 321 2578 P.
346 2508 457 2580 Clodii
479 2509 584 2596 caede;
607 2522 806 2602 senatusque
825 2507 976 2578 consulto
994 2510 1115 2578 certior
1137 2510 1263 2599 factus,
1283 2527 1320 2585 ut

286 2655 401 2700 omnes
412 2629 560 2722 juniores
574 2626 678 2697 Italiae
691 2629 919 2722 conjurarent,
934 2626 1091 2698 dilectum
1109 2645 1179 2698 tota
1188 2631 1319 2724 provin-

286 2751 336 2818 cia
353 2749 475 2818 habere
491 2748 644 2817 instituit.
660 2750 716 2818 Eae
734 2748 836 2816 resin
852 2745 996 2818 Galliam
1013 2745 1250 2842 transalpinam
1265 2773 1318 2818 ce·

285 2867 397 2937 leriter
418 2866 642 2962 perferuntur.
660 2865 797 2936 Addunt
814 2866 878 2960 ipsi
900 2879 933 2934 et
948 2867 1114 2962 affingunt
1130 2866 1317 2936 rumoribus

285 2983 391 3072 Galli,
405 2985 495 3080 quod
510 3011 562 3055 res
578 3009 711 3080 poscere
730 2984 916 3080 videbatur,
933 2987 1069 3054 retineri
1082 2987 1211 3056 urbano
1226 3001 1317 3056 motu

285 3105 463 3188 Coesarem,
488 3128 594 3197 neque
618 3106 653 3172 in
677 3105 776 3172 tentis
800 3103 1057 3174 dissensionibus
1079 3105 1121 3174 ad
1138 3106 1318 3176 exercitum

283 3222 398 3290 venire
422 3245 528 3316 posse.
551 3225 621 3290 Hac
642 3221 776 3318 impulsi
798 3225 983 3308 occasione,
1010 3225 1068 3316 qui
1087 3226 1156 3317 jam
1182 3240 1260 3293 ante
1284 3250 1319 3292 se

283 3337 399 3435 populi
415 3343 543 3410 romani
556 3342 696 3435 imperio
709 3343 872 3437 subjectos
888 3342 1053 3430 dolerent,
1070 3340 1205 3413 liberius
1218 3358 1317 3436 atque

283 3459 439 3530 audacius
457 3460 498 3528 de
516 3459 605 3529 hello
628 3459 764 3530 consilia
780 3463 865 3530 inire
880 3462 1054 3557 incipiunt.
1075 3461 1213 3531 Indictis
1228 3463 1317 3529 inter

282 3603 317 3647 se
327 3580 493 3673 principes
509 3576 625 3648 Gallice
638 3578 785 3649 conciliis
801 3579 1005 3650 silvestribus
1018 3607 1057 3650 ac
1071 3581 1205 3649 remotis
1220 3577 1314 3667 locis,

283 3712 468 3790 queruntur
489 3695 529 3766 de
543 3699 685 3766 Acconis
706 3712 838 3766 morte:
859 3698 949 3766 hunc
965 3723 1076 3768 casum
1099 3698 1141 3765 ad
1161 3698 1248 3792 ipsos
1269 3724 1317 3769 re·

282 3815 391 3884 cidere
407 3840 501 3909 posse
520 3815 749 3885 demonstrant
765 3842 773 3885 ε
790 3815 989 3886 miserentur
1007 3841 1216 3886 communem
1233 3815 1315 3887 Gel-

283 3933 333 4004 liae
351 3935 518 4004 fortunam
537 3961 544 4003 ε
561 3937 717 4006 omnibus
732 3933 1024 4030 pollicitationibus
1042 3961 1081 4005 nc
1098 3937 1242 4030 praemiis
1259 3936 1315 4005 de-
