3062 4766
251 352 308 390 aro
408 332 438 388 C.
462 333 557 388 JULlI
580 330 743 386 cmsnttts
765 325 1132 385 communtautontmt

250 458 445 552 spiciamus,
469 479 570 549 quam
598 453 641 522 ad
674 467 826 522 nostrum
858 449 1018 520 auxilium
1045 447 1294 519 concitavimus.

251 577 359 667 Quid,
390 577 566 646 hominum
597 570 746 642 millibus
775 596 864 642 nxxx
896 595 965 639 uno
994 569 1068 639 loco
1098 569 1297 651 interfectis,

128 719 131 724 ’
251 698 448 792 propinquis
473 694 793 788 consanguineisque
814 693 935 761 nostris
959 691 1062 760 animi
1087 689 1158 758 fore
1183 690 1297 758 existi·

150 851 151 855 ¹
252 819 368 905 matis,
392 817 419 885 si
448 838 540 910 paene
566 816 600 882 in
632 813 711 906 ipsis
740 811 963 880 cadaueribus¹
982 807 1099 903 proelio
1129 808 1299 878 decertare

254 935 434 1032 cogentur?
449 933 562 1005 Nolite
578 934 639 1002 hos
659 946 771 1001 vestro
790 929 914 1000 auxilio
934 927 1091 1023 spoliare,
1108 933 1165 1022 qui
1182 945 1299 998 vestrae

203 1114 206 1120 .
254 1055 370 1124 salutis
390 1079 489 1124 causa
508 1078 605 1123 snum
626 1048 812 1147 periculum
836 1049 1059 1145 neglexerint3
1077 1073 1138 1117 nec
1158 1048 1299 1117 stultitia

255 1201 294 1245 ac
319 1177 504 1243 temeritate
533 1187 656 1260 vestra,
677 1187 736 1242 aut
764 1168 990 1240 imbecillitate
1021 1169 1140 1253 animi,
1166 1189 1300 1237 omnem

258 1292 403 1364 Galliam
423 1306 633 1387 prosternere
649 1305 682 1359 et
699 1305 867 1386 perpetuae
881 1288 1032 1357 servituti
1048 1285 1213 1356 addicere.
1229 1291 1298 1372 An,

257 1413 348 1505 quod
364 1411 406 1480 ad
427 1412 514 1480 diem
534 1437 602 1479 non
623 1424 800 1496 venerunt,
820 1408 861 1477 de
881 1433 997 1478 eorum
1018 1407 1083 1477 fide
1101 1408 1302 1476 constantia·

258 1555 323 1624 que
339 1529 519 1599 dubitatis?
535 1529 628 1619 Quid
644 1525 739 1623 ergo!
756 1532 925 1598 Romanos
945 1530 981 1595 in
1002 1525 1067 1595 illis
1087 1524 1302 1596 ulterioribus

259 1649 503 1720 munitionibus
531 1653 677 1720 animine
706 1671 803 1716 causa
826 1645 975 1740 quotidie
991 1647 1138 1715 exerceri
1158 1645 1302 1739 putatis?

259 1772 293 1839 Si
316 1768 451 1839 illorum
476 1768 601 1836 nuntiis
622 1767 811 1835 confirmari
832 1790 900 1834 non
923 1767 1077 1859 potestis,
1097 1767 1189 1833 omui
1210 1765 1301 1834 aditu

263 1901 442 1982 praesepto,
470 1888 510 1956 iis
539 1886 672 1954 utimini
701 1884 853 1970 testibus,
888 1886 1156 1978 appropinquare
1186 1909 1302 1954 eorum

261 2007 457 2087 adventum;
482 2006 577 2096 cujus
597 2006 645 2072 rei
668 2005 787 2102 timore
808 2005 974 2088 exterriti,
997 2004 1085 2073 diem
1105 2020 1303 2098 noctemque

186 2169 190 2180 =
262 2125 298 2191 in
319 2147 418 2217 opere
438 2138 622 2191 versantur.
643 2121 737 2212 Quid
756 2147 835 2217 ergo
856 2123 921 2191 mei
946 2093 1075 2191 consilii
1093 2121 1163 2193 est?
1182 2127 1304 2193 Facere

263 2243 353 2337 quod
370 2244 473 2312 nostri
493 2244 648 2336 majores,
670 2265 881 2337 nequaquam
898 2243 970 2335 pari
986 2241 1074 2311 bello
1091 2243 1305 2313 Cimbrorum

263 2367 534 2454 Teutonumque,
559 2362 725 2447 fecerunt3
751 2363 827 2455 qui,
852 2363 886 2430 in
909 2361 1031 2455 oppida
1061 2359 1240 2455 compulsi,
1267 2365 1306 2432 ac

264 2481 363 2552 simili
384 2481 496 2574 inopia
512 2481 655 2566 subacti,
676 2505 791 2549 eorum
809 2480 1004 2574 corporibus
1029 2483 1088 2574 qui
1108 2496 1204 2550 aetate
1229 2485 1304 2552 inu·

265 2601 338 2671 tiles
363 2601 406 2670 ad
435 2599 559 2668 bellum
584 2600 782 2669 videbantur
804 2601 907 2668 vitam
931 2597 1175 2690 toleraverunt,
1200 2627 1306 2697 neque

265 2747 298 2791 se
327 2722 479 2791 hostibus
509 2719 728 2788 tradiderunt.
755 2721 859 2812 Cujus
891 2722 939 2789 rei
967 2721 995 2790 si
1020 2719 1208 2816 exemplum
1238 2747 1305 2790 non

265 2841 478 2929 haberemus,
499 2855 608 2908 tamen
632 2837 794 2907 libertatis
819 2863 917 2908 causa
939 2841 1095 2929 institui,
1109 2855 1143 2909 et
1166 2842 1306 2934 posteris

266 2959 378 3052 prodi,
407 2958 668 3053 pulcherrimum
689 2956 884 3051 judicarem.
908 2961 996 3030 Nam
1020 2959 1101 3053 quid
1129 2960 1178 3029 illi
1201 2957 1308 3030 simile

267 3075 355 3145 bello
373 3077 454 3145 fnit?
472 3075 682 3171 Depopulata
701 3076 824 3164 Gallia,
844 3079 991 3166 Cimbri,
1012 3103 1200 3174 magnaque
1217 3079 1308 3150 illata

267 3194 468 3281 calamitate,
480 3195 602 3264 finibus
611 3195 745 3288 quidem
754 3199 876 3266 nostris
888 3194 1068 3290 aliquando
1082 3214 1307 3287 excesserunt,

270 3329 369 3408 atque
388 3313 467 3382 alias
490 3328 593 3382 terras
611 3315 800 3408 petierunt;
813 3317 905 3409 jura,
924 3314 1028 3411 leges,
1042 3343 1154 3413 agros,
1171 3317 1306 3388 liberta·

268 3449 335 3504 tem
351 3434 446 3503 nobis
462 3431 670 3526 reliquerunt
686 3460 694 3501 :
713 3438 855 3505 Romani
872 3441 951 3506 vero
968 3437 1051 3531 quid
1066 3454 1187 3532 petunt
1199 3439 1308 3530 aliud,

268 3569 326 3624 aut
341 3554 422 3647 quid
435 3552 567 3638 volunt,
584 3555 662 3640 nisi,
679 3555 802 3624 invidia
816 3556 965 3644 adducti,
981 3583 1064 3650 quos
1080 3560 1165 3629 lama
1182 3560 1309 3631 nobiles

269 3689 486 3768 potentesque
511 3671 597 3741 bello
622 3690 865 3767 cognoverunt,
888 3676 1009 3745 borum
1028 3675 1063 3746 in
1086 3680 1173 3774 agris
1193 3682 1310 3750 civita·

270 3793 423 3886 tibusque
443 3792 626 3880 considere,
650 3809 750 3887 atque
768 3795 820 3864 bis
839 3809 994 3865 aeternam
1018 3798 1192 3894 injungere
1212 3803 1311 3872 servi-

271 3909 394 3978 tutem?
409 3935 517 4004 neque
536 3913 625 3980 enim
644 3937 791 4005 unquam
810 3913 874 3983 alia
893 3915 1086 3987 conditione
1101 3917 1188 3990 bella
1206 3945 1312 4015 gesse·
