3026 4768
291 369 346 428 140
446 360 476 415 C.
500 363 596 418 JULII
618 363 781 419 CAESARJS
803 361 1172 419 COMMENTARIORUM

288 506 337 573 et,
356 489 469 582 paucis
486 489 606 557 turmis
622 488 773 584 praesidio
790 488 832 558 ad
851 471 1091 582 impedimenta
1106 487 1265 573 dimissis,
1284 511 1332 555 re·

289 608 394 703 liquos
420 609 548 702 equites
568 609 610 678 ad
630 609 733 679 latera
759 609 916 705 disponit.
943 609 1103 681 Celeriter
1126 609 1245 690 nostri,
1268 606 1334 675 cla·

288 755 381 800 more
402 727 552 818 sublato,
573 724 642 822 pila
656 733 693 798 in
708 731 819 800 hostes
841 732 1037 800 immittunt.
1054 728 1124 818 Illi,
1142 729 1199 798 ubi
1213 742 1331 822 praeter

287 873 394 942 spem,
422 874 506 943 quos
531 850 646 945 sugere
666 850 858 938 credebant,
882 850 1007 919 infestis
1033 851 1136 944 signis
1161 847 1203 917 ad
1228 872 1263 916 se
1282 853 1333 914 ire

285 969 456 1059 viderunt,
471 971 633 1064 impetum
647 971 747 1040 modo
764 971 852 1040 serre
860 997 934 1040 non
950 982 1147 1065 potuerunt,
1165 993 1204 1037 ac
1224 971 1333 1062 primo

286 1113 452 1160 concursu
469 1093 504 1160 in
520 1090 632 1187 fugam
648 1094 805 1187 conjecti,
822 1093 989 1186 proximas
1005 1089 1103 1160 silvas
1119 1091 1331 1183 petiverunt:

288 1236 371 1304 quos
390 1213 556 1282 Labienus
576 1217 725 1306 equitatu
742 1227 968 1300 consectatus,
986 1235 1108 1305 magno
1125 1234 1266 1279 numero
1280 1211 1333 1277 in·

287 1330 444 1421 terfecto,
465 1334 692 1428 compluribus
710 1336 831 1428 captis,
848 1334 963 1428 paucis
981 1346 1056 1426 post
1073 1331 1191 1399 diebus
1215 1330 1333 1398 civita·

287 1469 356 1521 tem
374 1455 499 1547 recepit
516 1479 524 1522 τ
544 1479 622 1524 nam
634 1455 816 1544 Germani,
835 1451 1033 1547 quiauxilio
1049 1452 1241 1538 veniebant,
1255 1474 1333 1543 pcr-

288 1587 384 1666 cepta
399 1575 614 1643 Trevirorum
636 1574 729 1670 suga,
748 1599 818 1644 sese
838 1574 975 1642 domum
996 1571 1221 1641 contuleruut.
1243 1572 1332 1638 Cum

289 1693 329 1761 iis
344 1695 525 1787 propinqui
542 1695 778 1784 Indutiomari,
795 1696 853 1789 qui
873 1694 1068 1763 defectionis
1086 1707 1237 1762 auctores
1258 1690 1332 1758 lire·

289 1829 383 1902 rant,
404 1817 557 1884 comitati·
576 1840 653 1904 eos,
677 1841 717 1884 ex
740 1818 874 1900 ciuitate
904 1839 1082 1884 excessere.
1103 1811 1330 1906 Cingetorigi,

289 1958 390 2026 quem
410 1936 452 2003 ab
469 1937 803 2030 initiopermansisse
824 1938 859 2004 in
882 1936 992 2005 officio
1011 1936 1331 2015 demonstravimus,

288 2054 494 2148 principatus
515 2071 614 2149 atque
635 2058 810 2150 imperium
830 2071 881 2125 est
901 2056 1071 2126 traditum.

337 2176 397 2241 IX.
419 2177 544 2258 Caesar,
562 2193 737 2270 postquam
759 2202 799 2244 ex
815 2176 980 2270 Menapiis
1001 2179 1036 2243 in
1052 2177 1207 2243 Treviros
1224 2173 1330 2258 venit,

288 2291 416 2362 duabus
436 2294 479 2363 de
499 2297 605 2364 causis
622 2297 777 2365 Rhenum
801 2298 942 2365 transire
962 2295 1135 2364 constituit
1156 2319 1163 2361 :
1187 2305 1330 2386 quaru‘m

289 2430 360 2483 erat
382 2413 505 2500 altera,
528 2415 620 2510 quod
642 2415 764 2485 auxilia
785 2433 900 2486 contra
927 2442 960 2485 se
980 2416 1126 2486 Treviris
1149 2415 1330 2496 miserant;

287 2534 405 2624 altera,
423 2561 466 2604 ne
481 2537 654 2606 Ambiorix
673 2537 715 2606 ad
730 2563 792 2607 eos,
808 2553 978 2632 receptum
999 2538 1144 2607 haberet.
1167 2535 1227 2603 His
1250 2559 1332 2604 con·
1360 2589 1362 2594 s

288 2657 412 2724 stitutis
431 2656 546 2744 rebus,
563 2656 698 2751 paulum
716 2683 815 2752 supra
832 2684 907 2728 eum
927 2658 1037 2728 locum
1055 2683 1122 2751 quo
1138 2673 1215 2726 ante
1233 2681 1330 2725 exer·

289 2777 392 2846 citum
414 2778 660 2866 transduxerat,
676 2777 782 2847 facere
800 2794 936 2872 pontem
956 2780 1113 2848 instituit.
1127 2779 1219 2848 Nota
1231 2793 1332 2870 atque

289 2897 439 2966 instituta
459 2902 604 2990 ratione,
622 2924 744 2993 magno
763 2899 907 2969 militum
932 2901 1063 2986 studio,
1082 2901 1195 2992 paucis
1214 2898 1332 2966 diebus

289 3039 372 3108 opus
396 3017 547 3088 efficitur.
575 3021 689 3089 Firmo
717 3023 751 3088 iu
776 3023 921 3089 Treviris
945 3019 1098 3113 praesidio
1130 3018 1172 3088 ad
1194 3033 1332 3112 pontem

288 3134 421 3222 relicto,
445 3143 582 3233 nequis
605 3141 646 3210 ab
670 3144 709 3209 iis
735 3142 845 3210 subito
867 3157 977 3210 motus
998 3141 1158 3228 oriretur,
1187 3139 1332 3233 reliquas

288 3259 400 3351 copias
421 3261 672 3354 equitatumque
696 3262 888 3332 transducit.
906 3262 1001 3349 Ubii,
1024 3262 1082 3355 qui
1104 3274 1180 3328 ante
1200 3260 1333 3329 obsides

287 3379 463 3466 dederant,
484 3395 583 3474 atque
604 3383 638 3448 in
662 3382 864 3452 deditionem
887 3396 1062 3471 venerant,
1088 3380 1253 3474 purgandi
1279 3379 1331 3448 sui

288 3527 385 3572 causa
407 3501 449 3571 ad
473 3527 549 3570 eum
573 3501 698 3596 legatos
721 3504 877 3592 mittunt,
896 3506 953 3598 qui
980 3502 1136 3587 doceant,
1157 3525 1266 3594 nequo
1290 3525 1330 3568 ex

287 3649 346 3694 sua
360 3625 494 3693 civitate
506 3621 629 3692 auxilia
648 3625 682 3702 in
695 3625 850 3694 Treviros
868 3626 981 3710 missa,
999 3649 1107 3718 neque
1121 3624 1161 3692 ab
1179 3646 1213 3690 se
1228 3621 1328 3690 fidem

287 3744 395 3814 lesam
413 3772 420 3814 :
442 3760 564 3839 petunt
580 3760 680 3838 atque
692 3759 805 3832 orant,
820 3745 936 3842 utsibi
949 3747 1080 3837 parcat,
1098 3767 1141 3812 ne
1157 3743 1329 3811 communi

287 3865 363 3932 odio
377 3867 623 3935 Germanorum
639 3868 832 3934 innocentes
843 3891 905 3958 pro
916 3865 1114 3934 nocentibus
1123 3889 1236 3959 poenas
1245 3887 1335 3958 peu·¹

288 3985 369 4052 dant
391 4011 398 4051 :
423 3987 451 4053 si
471 3986 613 4079 amplius
635 3986 787 4054 obsidum
811 3983 906 4074 velit,
928 3986 1006 4055 dare
1030 3984 1242 4079 pollicentur.
1263 3987 1330 4055 Go-
