3038 4766
283 393 335 459 134
414 381 468 447 Ὀ.
486 391 584 446 JULIl
605 365 767 446 CAESARIS
788 389 1148 444 COMMENTARIORUM

280 519 397 586 itinere
418 515 575 609 impedito
593 517 786 610 perterritos
803 510 1047 607 deprehendere
1063 499 1192 605 posset,
1212 535 1305 578 exer·

279 639 382 705 citum
395 659 413 705 e
426 637 540 706 castris
558 634 690 722 eduxit,
707 637 955 729 equitatumque
970 631 1125 726 praemisit
1142 628 1184 698 ad
1200 630 1307 698 novis-

280 757 399 825 simum
428 781 546 850 agmen
572 754 830 840 demorandum
858 777 963 846 neque
988 751 1145 844 consequi
1174 750 1305 844 potuit,

280 873 369 968 quod
390 873 531 944 multum
553 874 704 968 expedito
726 875 843 942 itinere
862 885 1078 942 antecesserat
1102 871 1221 938 Caesar.
1240 867 1304 937 Sed

279 1019 382 1087 quum
407 1009 543 1063 ventum
563 1007 646 1062 esset
668 991 708 1060 ad
735 991 859 1060 llumen
885 995 1080 1075 Genusum,
1108 987 1198 1082 quod
1226 988 1305 1081 ripis

279 1130 349 1181 erat
373 1111 551 1207 impeditis,
573 1125 766 1182 consecutus
789 1111 954 1203 equitatus
975 1108 1168 1180 novissimos
1189 1104 1304 1200 proelio

279 1229 454 1298 detinebat.
470 1233 556 1299 Huic
574 1255 649 1300 suos
667 1233 778 1299 Caesar
792 1229 916 1322 equites
933 1223 1106 1323 opposuit,
1123 1224 1307 1321 expeditos·

279 1373 343 1442 que
366 1350 598 1444 antesignanos
623 1349 796 1418 admiscuit
820 1371 886 1436 cn,
913 1347 970 1440 qni
999 1358 1126 1413 tantum
1155 1343 1304 1438 proiece-

279 1482 378 1556 runt,
399 1481 457 1553 ut,
476 1469 619 1562 equestri
640 1466 756 1562 proelio
775 1466 967 1552 commisso,
992 1461 1150 1558 pellerent
1172 1487 1306 1549 omnes,

280 1585 532 1680 compluresque
546 1587 782 1674 interficerent,
795 1586 856 1680 ipsi
878 1561 1058 1653 incolumes
1078 1605 1112 1652 se
1129 1579 1170 1650 ad
1186 1605 1304 1676 agmen

200 1709 205 1726 '
279 1706 471 1800 reciperent
819 1796 823 1804 ι

328 1827 481 1899 LXXVI.
499 1828 659 1898 Confecto
671 1829 760 1921 justo
774 1827 891 1895 itinere
907 1825 976 1917 ejus
992 1823 1072 1908 diei,
1087 1819 1175 1915 quod
1187 1845 1307 1914 propo·

280 1958 390 2012 suerat
406 1948 525 2033 Cesar,
545 1945 801 2038 transductoque
818 1945 960 2014 exer-citu
980 1943 1100 2012 flumen
1119 1944 1305 2023 Genusum,

281 2063 445 2132 veteribus
468 2067 534 2132 suis
557 2067 591 2132 in
618 2065 732 2134 castris
755 2079 870 2132 eontra
895 2062 1113 2156 Asparagium
1140 2057 1305 2144 consedit,

281 2179 464 2274 militesque
496 2206 610 2252 omnes
641 2185 727 2251 intra
759 2179 882 2250 vallum
911 2196 1095 2250 castrorum
1122 2179 1305 2266 continuit,
1355 2166 1362 2178 ’

281 2301 547 2392 equitatumque,
568 2325 628 2395 per
642 2325 773 2370 causam
790 2298 967 2396 pabulandi
987 2301 1160 2384 emissum,
1180 2297 1306 2367 confes·

281 2419 340 2486 tim
356 2421 547 2488 Decumana
568 2435 664 2513 porta
684 2421 718 2487 in
739 2434 843 2488 castra
863 2443 897 2488 se
913 2420 1057 2513 recipere
1073 2418 1181 2511 jussit.
1203 2415 1306 2487 Simili

281 2539 409 2607 ratione
434 2540 629 2634 Pompeius,
658 2539 807 2608 confecto
834 2538 980 2633 ejusdem
1012 2536 1076 2606 diei
1107 2539 1240 2624 itinere,
1272 2538 1306 2604 in

281 2651 348 2724 suis
370 2659 533 2728 veteribus
556 2659 670 2727 castris
692 2659 734 2726 ad
750 2660 966 2754 Asparagium
990 2657 1156 2744 consedit,
1173 2659 1307 2749 ejusque

282 2775 420 2864 milites,
442 2776 532 2871 quod
557 2777 599 2846 ab
621 2801 742 2872 opere,
766 2779 904 2873 integris
928 2779 1185 2866 munitionibus,
1209 2799 1306 2844 vaca·

280 2895 380 2984 bant,
399 2894 454 2964 alii
475 2895 622 2990 lignandi
645 2895 887 2992 pabulandique
906 2923 1003 2967 causa
1023 2896 1154 2993 longius
1173 2921 1308 2991 progre-

280 3014 476 3105 diebantur;
488 3016 563 3104 alii,
576 3017 665 3110 quod
675 3019 784 3086 subito
801 3017 972 3087 consilium
990 3017 1198 3112 profectionis
1212 3043 1306 3112 cepe-

280 3149 497 3229 rant,magna
509 3152 601 3229 parte
610 3137 919 3231 impedimentorum
929 3151 960 3206 et
971 3135 1308 3221 sarcinarumrelicta,

280 3251 322 3321 ad
354 3252 423 3322 baec
458 3255 634 3347 repetenda
664 3258 793 3325 invitati
827 3258 1072 3350 propinquitate
1103 3259 1308 3349 superiorum

280 3388 478 3459 castrorum,
492 3373 647 3469 depositis
663 3377 696 3444 in
713 3377 929 3445 contubernio
942 3377 1058 3463 armis,
1075 3373 1196 3444 vallum
1210 3373 1308 3442 relin-

280 3493 435 3584 quebant.
453 3495 584 3582 Quibus
598 3495 640 3563 ad
660 3495 861 3589 sequendum
882 3494 1066 3588 impeditis,
1084 3498 1203 3580 Caesar,
1217 3493 1307 3585 quod

280 3611 350 3682 fore
373 3615 577 3708 providerat,
605 3614 788 3684 meridiano
810 3615 875 3683 lere
900 3626 1061 3706 tempore,
1083 3615 1177 3707 signo
1197 3613 1307 3708 prole·

279 3735 397 3803 ctionis
407 3735 499 3818 dato,
515 3737 693 3804 exercitum
711 3730 1079 3828 educit,duplicntoque
1097 3734 1169 3826 ejus
1182 3732 1246 3801 diei
1260 3733 1311 3800 iti-

280 3877 378 3940 nere,
396 3869 471 3923 octo
488 3853 590 3924 millia
604 3877 759 3949 passuum
778 3877 818 3920 ex
831 3877 870 3919 eo
887 3849 960 3920 loco
971 3851 1108 3920 discedit
1129 3878 1136 3920 :
1158 3854 1248 3947 quod
1263 3853 1310 3922 la·

281 3997 353 4041 cere
367 3977 562 4068 Pompeius,
583 3973 725 4042 discessu
746 3971 908 4058 militum,
925 3996 992 4039 non
1009 3971 1128 4066 potuit.
