3060 4768
147 421 155 439 ·
266 407 321 473 314
546 409 661 464 NOTAE
681 407 719 464 ΙΝ
740 407 1014 464 cotfflltttfflua

259 541 369 597 parea,
384 539 485 589 varen,
495 521 621 594 salma,
633 523 771 596 navigare,
783 521 897 580 Rectius
914 523 1045 594 fortasse,
1056 522 1135 594 juxta
1148 542 1214 594 noa,
1230 525 1289 580 ori-

264 625 309 669 tur
322 633 337 668 a
355 630 441 686 greca
455 631 525 670 voce
535 624 599 692 μύω,
612 613 726 682 claudo,
742 613 876 683 occludo,
887 614 998 682 minuo,
1011 623 1039 670 et
1051 614 1088 669 ab
1101 613 1189 670 insula
1203 617 1285 671 Poro.

264 707 338 762 Num
356 706 385 760 in
399 706 600 780 Archipelago,
612 715 731 778 propter
745 704 944 779 frequentiam,
960 705 1161 778 mininmmque
1180 707 1288 764 inarrh-

212 811 213 814 ’
262 815 324 853 rum
341 798 414 853 inter
433 816 463 854 se
481 797 656 867 distantiam,
673 798 808 854 naviculis
823 797 947 872 angustis
964 807 992 852 et
1004 797 1151 872 oblongis,
1165 799 1229 854 Pari
1243 799 1289 854 in-

264 890 331 944 cola
351 889 393 944 usi
411 888 483 944 forte
499 888 583 963 primi
596 888 721 958 haerunt3
734 889 809 944 unde
823 887 1042 962 myoparonibus
1061 907 1173 944 nornen.

302 982 363 1036 cia.
385 981 516 1036 XLVIII.
536 980 758 1054 Poloeplrarsali
779 980 862 1050 Quod
879 997 983 1035 nornen
1000 979 1075 1034 idern
1089 991 1170 1036 sonat
1187 1000 1219 1037 ac
1232 1002 1288 1038 un-

263 1075 339 1148 tiqua
358 1073 522 1127 Pharsalus.
549 1074 624 1126 Duas
645 1072 721 1127 enim
743 1073 827 1128 haisse
853 1072 1014 1140 Pharsalos,
1031 1088 1139 1134 παλαιαν
1162 1083 1204 1134 ael
1219 1085 1289 1148 siaa,

263 1165 344 1222 brevi
360 1163 451 1238 spatio
469 1163 617 1232 distantes,
635 1164 739 1220 Strabo
754 1161 819 1240 (rx)
834 1163 974 1219 admonet
994 1163 1040 1220 Sic
1060 1174 1089 1218 et
1100 1164 1174 1237 apud
1187 1183 1288 1222 recen-

263 1257 348 1312 tiores
356 1257 452 1311 insula
461 1257 550 1311 Cretae
558 1255 664 1310 incolas
673 1254 759 1310 hodie
770 1271 881 1328 quoque
888 1253 991 1310 dicitur
1000 1264 1197 1334 nataiieaorpos
1208 1269 1287 1313 vetus

263 1347 407 1422 quoddam
426 1347 567 1402 castellum
582 1345 679 1402 insulae
695 1345 847 1414 munitam,
859 1359 875 1400 e
888 1345 996 1401 voculis
1013 1355 1126 1418 maest,
1143 1347 1286 1422 antiquus,

263 1449 379 1518 κάπρον,
395 1439 545 1494 castellum.
557 1438 604 1494 Sic
614 1439 697 1494 etiam
707 1438 886 1512 Napaeas
902 1447 965 1510 νιος,
977 1455 1083 1504 novus,
1092 1449 1169 1511 esau,
1183 1440 1257 1496 urba
1329 1484 1337 1493 .

302 1535 364 1591 cas.
382 1533 427 1590 LI.
451 1531 498 1588 Cu.
517 1532 660 1604 Pompeio
680 1529 808 1603 Pompeii
827 1532 926 1603 Magni
938 1529 1005 1586 lilio

262 1671 266 1680 ,
302 1628 365 1682 en.
385 1625 460 1680 Llll
482 1624 602 1698 Semper
616 1623 689 1678 enain
707 1623 828 1678 berneres.
847 1622 893 1678 Sic
910 1621 992 1678 codd
1013 1641 1125 1690 omnm,
1141 1633 1208 1681 teste
1222 1626 1287 1681 Oa-

264 1716 400 1790 dendoro
412 1714 488 1785 Quid
501 1733 569 1770 vero
579 1711 717 1788 significat
729 1731 786 1768 vox
797 1713 844 1768 illa
861 1713 945 1769 bem?
961 1714 1035 1770 unde
1048 1715 1146 1771 venit?
1163 1734 1289 1791 quaenam

262 1809 299 1868 sit
313 1808 399 1882 ipsius
418 1806 521 1882 origo?
537 1825 605 1882 nuni
620 1811 703 1885 Βῆρος,
720 1805 830 1875 birrus,
848 1805 932 1862 vestis
947 1823 1034 1880 genus
1047 1807 1124 1880 quod
1143 1808 1218 1864 bisce
1231 1807 1288 1864 nri-

264 1901 359 1956 litibus
376 1899 523 1974 proprium
536 1897 651 1954 luisset?
664 1917 732 1952 num
744 1903 826 1976 θέρος,
844 1897 970 1970 pondus,
983 1897 1020 1953 ita
1035 1909 1064 1952 ut
1077 1899 1288 1974 intelligendum

264 1991 483 2071 foretdegraris
492 1999 636 2046 annattuae
644 1987 797 2044 militibus?
815 1989 972 2054 numbaro,
981 1989 1055 2062 quod
1069 1989 1186 2063 quidem
1195 1991 1290 2046 videre

222 2099 224 2102 ·
264 2093 305 2136 eat
325 2082 399 2157 apud
421 2082 559 2150 Persium,
576 2091 625 2136 sat.
643 2100 675 2148 v,
696 2099 720 2134 v.
747 2079 814 2148 138,
832 2089 861 2136 et
884 2098 941 2153 quo
961 2079 1091 2152 nornine,
1112 2091 1183 2138 teste
1202 2083 1291 2140 Persii

264 2173 420 2240 scholiam,
440 2172 533 2244 lingua
552 2172 696 2227 Gallorum
718 2169 883 2225 dicebantur
903 2169 1022 2226 militurn
1048 2171 1141 2228 servi?
1160 2176 1291 2230 Ceterum

265 2237 365 2321 inelins
383 2251 455 2320 forte
472 2263 617 2320 intendam
633 2261 731 2330 hierii,
744 2261 861 2317 verbum
878 2262 992 2318 heroaes
1004 2281 1063 2318 esse
1080 2275 1248 2339 corruptum.

305 2358 369 2412 Car.
384 2357 472 2430 LXV.
494 2355 714 2410 Comeatioar'bus
732 2354 886 2410 nibuaitiis.
898 2354 956 2424 Qui
964 2355 1078 2428 quidem
1092 2357 1198 2414 tribuni
1210 2371 1292 2416 eram

265 2447 411 2504 Dolabella
427 2456 455 2502 et
471 2445 637 2502 Trebellius

305 2541 367 2596 Car.
390 2539 489 2593 LXVI.
507 2539 619 2594 Eadem
634 2541 725 2595 classe
730 2577 740 2606 ‚
757 2556 814 2613 qua
829 2549 951 2594 mant.
974 2538 1005 2594 si
1020 2549 1103 2612 capnt
1120 2539 1157 2596 33
1178 2541 1290 2628 11¹an

158 2631 159 2634 ’
265 2631 333 2686 libri
353 2629 523 2698 contuleris,
541 2630 645 2688 certior
657 2629 718 2687 fieri
729 2629 839 2705 poteris
857 2631 993 2688 Caesarem
1005 2630 1105 2686 itinere
1117 2633 1242 2690 terratri
1260 2635 1291 2689 in

265 2723 376 2796 Syriam
397 2739 456 2777 esse
474 2721 640 2798 proiectum.
661 2722 744 2777 Unde
767 2722 898 2776 nonnulli
916 2720 1006 2776 critici
1023 2739 1076 2795 pro
1096 2725 1228 2780 «classes
1245 2727 1285 2784 le·

266 2811 390 2887 gendum
408 2831 466 2868 esse
484 2812 667 2868 «celeritate»
683 2812 843 2884 conjiciunt.

306 2907 367 2961 Car.
385 2905 502 2961 LXVlL
519 2903 613 2960 Ceteri
625 2903 780 2959 tetrarchae.
799 2902 963 2978 Pompeius,
981 2904 1147 2962 Mithridate
1165 2907 1292 2979 devicto,

269 2999 488 3072 Gallogwecr'um
514 3007 635 3069 quatuor
658 2996 733 3052 inter
765 2997 917 3052 tetrarchas
947 2996 1155 3070 distribuerat„
1173 3017 1293 3073 quoram

267 3089 316 3146 aui
333 3089 484 3161 Deiotaro,
502 3098 534 3142 ut
550 3097 617 3161 pote
635 3087 680 3143 coi
692 3088 786 3162 plures
799 3105 884 3162 quum
900 3087 1025 3161 ipsismet
1040 3089 1185 3164 mignatae
1200 3101 1294 3166 partes

267 3191 372 3250 essent,
386 3178 470 3235 ceteri
484 3179 657 3234 invidebant.

305 3274 368 3329 Car.
391 3271 510 3329 Lxxli
538 3268 737 3344 lnj'ele'citotem
763 3271 873 3326 Trtirrii.
903 3270 976 3341 Qui,
1002 3272 1122 3327 Lucullo
1143 3274 1295 3349 Tigranem

267 3363 419 3440 profugum
443 3372 590 3435 sequente,
613 3362 725 3417 relictus
743 3361 773 3418 in
795 3365 902 3433 Ponto,
921 3383 941 3428 ,a
964 3361 1128 3422 Mithridate
1153 3369 1295 3424 lacessitus

269 3467 327 3526 est,
345 3467 374 3512 et
391 3453 500 3529 ingenti
513 3453 592 3510 clade
609 3449 736 3510 afflictus.

307 3549 370 3604 Car.
380 3547 522 3602 LXXVII.
538 3547 630 3602 Tanto
640 3546 781 3600 celeritate
796 3545 960 3618 confecerat.
979 3548 1029 3602 Illa
1040 3559 1132 3605 autem
1147 3550 1295 3608 occasione

306 3732 368 3787 car.
391 3728 552 3786 LXXVlll.
570 3729 608 3783 In
631 3729 732 3783 Asiam
750 3729 801 3783 iter
808 3728 891 3800 fecit.
909 3729 1090 3788 Provinciam
1102 3733 1227 3808 intellige
1241 3753 1296 3792 ro·

271 3839 400 3889 manans,
419 3821 465 3878 cui
480 3819 692 3876 Proconsularis
711 3818 776 3874 Asia
792 3835 897 3874 nomen
915 3831 982 3876 erat.

310 3914 401 3986 Supra
419 3911 589 3986 subarrhata.
608 3910 697 3982 Hujus
715 3908 781 3964 libri
796 3926 857 3981 cap.
881 3911 926 3966 26.

719 4061 817 4076 m
