3020 4768
255 361 311 429 ²43
412 363 442 416 C.
466 361 564 416 JULll
585 359 748 414 CAESARIS
770 355 1145 413 COMMENTARIORUM

256 489 377 588 ipsein
400 485 577 553 Provincia
601 497 766 567 moratus,
787 505 890 575 quum
914 479 1065 549 celeriter
1090 503 1205 548 omncs
1224 503 1302 548 con-

254 623 371 676 ventus
395 606 672 700 percucurrisset,
693 602 842 695 publicas
864 602 1107 670 controversias
1127 600 1303 696 cognovis-

253 743 319 815 set,
346 729 431 796 bene
455 727 582 796 meritis
600 726 736 819 praemia
757 723 926 791 tribuisset
948 719 1187 817 (cognoscendi
1214 723 1301 790 enim

253 851 433 917 maximam
461 846 652 917 facultatem
684 844 827 914 habebat
852 841 942 937 quali
967 845 1108 937 quisque
1132 843 1244 911 animo
1268 844 1301 910 in

253 955 493 1064 rempublicam
514 969 629 1037 fuisset
646 967 748 1035 totins
765 963 884 1036 Galliae
897 963 1097 1050 desectione,
1115 987 1215 1057 quam
1232 988 1302 1032 sus-

255 1073 399 1158 tinuerat
425 1088 584 1158 fidelitate
607 1104 708 1181 atque
726 1081 858 1155 auxiliis
882 1085 1099 1179 Provincias),
1124 1084 1176 1152 bis
1202 1085 1299 1153 rebus

254 1210 427 1298 confectis,
441 1209 484 1278 ad
498 1210 646 1304 legiones
663 1211 697 1277 in
713 1207 864 1301 Belgium
880 1231 913 1274 se
927 1207 1062 1299 recipit,
1079 1206 1302 1298 hibernatque

257 1334 522 1401 Nemetocenna.

224 1501 231 1520 ,
301 1453 440 1522 XLVII.
466 1453 516 1520 lbi
544 1454 714 1546 cognoscit
737 1452 928 1520 Commium
947 1450 1149 1518 Atrebatem
1184 1447 1300 1542 proelio

254 1597 331 1639 cum
352 1574 503 1665 equitatu
524 1597 585 1641 suo
609 1571 828 1641 contendisse.
850 1573 936 1641 Nam
957 1595 1061 1665 quum
1084 1571 1245 1639 Antonius
1266 1571 1300 1636 in

254 1693 393 1762 hiberna
411 1695 571 1781 venisset,
590 1694 773 1786 civitasque
791 1693 988 1762 Atrebatum
1009 1694 1044 1760 in
1060 1691 1171 1760 officio
1187 1715 1301 1759 mane-

253 1828 319 1899 ret,
339 1815 531 1901 Commius,
549 1815 626 1906 qui,
643 1827 719 1906 post
736 1811 829 1881 illam
848 1811 1115 1881 vulnerationem
1131 1835 1231 1904 quam
1249 1835 1302 1878 su-

254 1957 313 2025 pra
330 1934 609 2020 commemoravi,
626 1957 757 2027 semper
772 1933 814 2001 ad
828 1958 942 2002 omnes
960 1948 1070 2002 motus
1085 1947 1219 2026 paratus
1234 1933 1300 1998 suis
1395 1997 1398 2000 .

253 2051 381 2120 civibus
410 2077 482 2122 esse
508 2069 710 2140 consuesset,
736 2079 778 2122 ne
806 2053 943 2123 consilia
967 2052 1046 2122 belli
1076 2052 1300 2146 quaerentibus

255 2184 372 2240 auctor
393 2197 564 2243 armorum
585 2174 718 2268 duxque
739 2174 885 2261 deesset,
909 2189 1046 2268 parente
1068 2176 1229 2242 Romanis
1253 2176 1301 2242 ci·

254 2293 371 2378 vitate,
391 2317 467 2361 cum
491 2297 557 2362 suis
575 2295 742 2388 equitibus
758 2320 792 2364 se
809 2319 951 2388 suosque
971 2292 1155 2363 latrociniis
1175 2293 1300 2380 alebat,

253 2413 448 2507 infestisque
470 2415 644 2484 itineribus
670 2431 873 2485 commeatus
899 2414 1103 2508 complures,
1127 2417 1185 2508 qui
1211 2441 1301 2484 com·

253 2534 474 2627 portabantur
489 2536 524 2603 iu
540 2535 680 2604 hiberna
696 2539 942 2622 Romanorum,
959 2536 1201 2629 intercipiebat.

299 2655 454 2726 XLVIII.
481 2658 563 2724 Erat
581 2657 760 2725 attributus
781 2657 931 2726 Antonio
953 2656 1128 2750 praesectus
1149 2659 1299 2750 equitum

251 2777 288 2844 C.
313 2761 502 2845 Volusenus
521 2776 731 2866 Quadratus,
754 2779 811 2870 qui
835 2803 912 2846 curn
936 2801 976 2845 eo
1001 2779 1174 2847 hiemaret.
1200 2783 1299 2847 Hunc

251 2899 416 2966 Antonius
444 2896 487 2965 ad
511 2897 777 2992 persequendum
803 2899 989 2992 equitatum
1013 2899 1160 2968 hostium
1185 2900 1297 2967 mittit.

251 3012 438 3084 Volusenus
462 3032 600 3105 autem,
618 3017 660 3087 ad
684 3043 757 3086 eam
780 3019 939 3087 virtutem
959 3045 1032 3112 quae
1060 3018 1237 3114 singularis
1265 3021 1298 3087 in

251 3155 290 3198 eo
310 3148 396 3220 erat,
412 3141 573 3230 magnum
590 3137 705 3207 odium
717 3140 861 3207 Commii
872 3139 1092 3234 adjungebat,
1110 3165 1177 3234 quo
1192 3137 1298 3209 liben-

253 3249 318 3319 tius
346 3252 379 3320 id
401 3253 522 3324 faceret
545 3257 635 3349 quod
656 3259 891 3353 imperabatur.
916 3261 1034 3352 Itaque
1056 3259 1225 3353 dispositis
1248 3261 1298 3328 in-

251 3371 356 3457 sidiis,
383 3375 501 3469 saepius
529 3378 600 3469 ejus
623 3381 750 3472 equites
778 3403 969 3474 aggressus,
1003 3379 1149 3449 secunda
1183 3380 1299 3474 proelia

250 3492 401 3563 faciebat.
425 3495 628 3582 Novissime,
646 3523 749 3592 quum
772 3501 1000 3570 vehementius
1020 3503 1299 3588 contenderetur,

249 3639 287 3681 ac
316 3613 505 3686 Volusenus
538 3619 638 3711 ipsius
659 3619 902 3714 ¹intercipiendi
935 3623 1080 3691 Commii
1116 3597 1299 3715 cupiditate

250 3737 449 3826 pertinacius
466 3762 542 3806 eum
565 3761 642 3807 curn
665 3740 777 3832 paucis
797 3741 966 3809 insecutus
981 3756 1086 3830 esset,
1113 3739 1167 3810 ille
1184 3757 1296 3811 autem

249 3855 327 3948 suga
341 3856 527 3926 vehementi
546 3857 752 3929 Volusenum
765 3858 897 3954 longius
915 3861 1142 3954 produxisset,
1158 3879 1298 3956 repente

249 3975 398 4040 omnium
419 4000 554 4045 suorum
576 3980 711 4048 invocat
732 3980 831 4048 fidem
849 3998 949 4076 atque
970 3981 1151 4070 auxilium,
1170 4009 1212 4051 ne
1239 4009 1299 4052 sua
