3020 4768
274 349 311 416 34
430 348 460 402 C.
478 341 576 401 JULII
597 342 760 454 CAESARgS
780 337 1140 394 COMMENTARIORUM

274 474 334 541 vise
356 471 398 542 ab
417 469 603 540 Afranianis
624 464 782 536 militibus
808 463 1036 558 equitibusque
1053 460 1303 546 obsiderentur,

275 617 335 660 nec
351 604 467 685 pontes
485 587 598 683 perfici
617 599 766 678 possent,
784 585 922 677 imperat
941 580 1102 651 militibus
1121 583 1245 664 Caesar,
1266 593 1304 650 ut

275 736 373 782 naves
387 709 523 791 faciant,
539 707 634 798 cujus
647 704 776 800 generis
791 728 866 772 eum
879 702 1103 796 superioribus
1116 701 1212 768 annis
1224 723 1302 768 usus

274 831 452 902 Britannia
479 825 646 894 docuerat.
669 823 797 894 Carinae
822 823 965 916 primum
994 845 1033 888 ac
1054 819 1233 887 statumina
1262 841 1304 888 ex

273 949 338 1020 levi
353 948 489 1020 materia
506 944 651 1013 fiebant:
672 941 836 1036 reliquum
855 965 978 1034 corpus
994 939 1148 1022 navium,
1167 938 1299 1006 vimini-

274 1071 336 1140 bus
351 1081 558 1151 contextum,
581 1063 678 1132 coriis
700 1062 919 1156 integebatur.
938 1061 1007 1128 iias
1025 1057 1186 1153 perlectas
1201 1059 1302 1126 carris

271 1189 395 1284 junctis
411 1185 542 1254 devehit
561 1196 661 1252 noctu
677 1181 779 1251 millia
797 1206 952 1276 passuum
969 1205 988 1250 a
1007 1182 1122 1249 castris
1138 1205 1227 1266 xxrr,
1243 1181 1303 1248 mi·

274 1304 412 1398 litesque
428 1305 481 1372 his
496 1305 632 1372 naribus
649 1301 771 1371 flumen
783 1313 1000 1396 transportat,
1011 1299 1301 1393 continentemque

275 1426 354 1518 ripae
381 1421 500 1493 collem
524 1423 702 1515 improviso
727 1433 876 1513 occupat.
896 1423 993 1488 Hunc
1014 1417 1179 1506 celeriter,
1200 1421 1303 1512 prius·

275 1566 373 1637 quam
388 1542 430 1612 ab
443 1541 637 1610 adversariis
649 1541 822 1620 sentietur,
842 1540 1036 1608 communit.
1054 1542 1128 1609 Huc
1139 1537 1302 1632 legionem

276 1676 388 1756 postea
407 1661 548 1756 trajicit3
568 1675 667 1754 atque
691 1684 731 1728 ex
753 1675 892 1751 utraque
910 1672 1004 1752 parte
1023 1673 1156 1752 pontem
1174 1660 1304 1738 institu-

276 1796 346 1851 tum
364 1781 493 1875 perficit
509 1778 618 1850 biduo.
637 1785 688 1849 lta
705 1780 939 1866 comitatus,et
959 1779 1016 1870 qui
1031 1777 1189 1848 frumenti
1207 1803 1304 1848 eausa

275 1916 515 1993 processerant,
537 1913 608 1968 tuto
634 1899 675 1967 ad
701 1922 735 1967 se
751 1899 881 1992 recipit,
905 1912 939 1965 et
954 1921 1024 1966 rena
1054 1897 1303 1970 frumentariam

276 2018 430 2112 expedire
446 2020 575 2112 incipit.¹
1179 2008 1181 2010 ¹

327 2141 397 2206 LV.
429 2137 552 2207 Eodem
580 2136 633 2206 die
665 2139 813 2230 equitum
847 2161 1000 2230 magnam
1029 2151 1157 2230 partem
1183 2137 1302 2208 flumen

277 2257 426 2349 trajecit3
443 2258 514 2350 qui,
534 2258 742 2350 inopinantes
759 2255 966 2351 pabulatores
985 2271 1019 2326 et
1038 2257 1108 2326 sine
1125 2256 1194 2327 ullo
1213 2259 1305 2332 dissi·

277 2389 371 2470 patos
389 2377 507 2446 timore
526 2377 683 2472 aggressi,
700 2401 798 2470 quam
817 2401 973 2470 magnum
991 2401 1166 2446 numerum
1181 2379 1308 2470 jumen·

277 2511 387 2565 torum
406 2510 505 2588 atque
517 2496 690 2567 hominum
708 2496 937 2588 intercipiunt;
954 2497 1209 2591 cohortibusque
1228 2523 1306 2567 cen·

278 2617 407 2688 turiatis
423 2616 569 2686 subsidio
586 2616 709 2700 missis,
724 2617 865 2686 scienter
883 2617 916 2684 in
936 2616 1017 2686 duas
1038 2632 1148 2711 partes
1166 2641 1235 2686 sese
1255 2617 1306 2686 di·

278 2737 467 2825 stribuunt,
483 2734 554 2820 alii,
571 2749 609 2805 ut
628 2735 744 2830 praedae
764 2735 915 2830 praesidio
934 2739 1014 2822 sint,
1033 2736 1106 2822 alii,
1124 2751 1160 2806 ut
1174 2738 1307 2810 venien·

278 2856 366 2926 tibus
387 2859 554 2943 resistant,
572 2870 670 2947 etque
687 2879 743 2926 eos
757 2855 947 2950 propellant
966 2883 974 2926 ε
999 2881 1166 2951 unamque
1190 2857 1307 2925 cohor·

278 2991 362 3062 tem,
381 3001 455 3069 qua
472 2991 595 3046 temere
617 2991 694 3044 ante
711 2989 833 3045 ceteras
851 2991 942 3046 extra
958 2978 1061 3045 aciem
1077 2991 1305 3072 procurreret,

279 3092 442 3163 seclusam
457 3096 499 3164 ab
519 3093 654 3187 reliquis
680 3095 944 3164 circumveniunt
961 3109 1061 3188 atque
1084 3098 1307 3185 interficiunt3

280 3209 528 3304 incolumesque
546 3237 622 3284 curn
642 3237 761 3308 magna
777 3211 887 3306 preda
903 3211 1018 3284 eodem
1034 3229 1137 3308 ponte
1153 3217 1188 3284 in
1202 3232 1309 3286 castra

281 3345 503 3406 revertuntur.

329 3455 419 3524 LVl.
445 3455 535 3522 Dum
561 3454 629 3522 baec
650 3452 692 3522 sd
710 3451 852 3522 Ilerdam
871 3467 1049 3546 geruntur,
1073 3449 1310 3536 Massilienses,

282 3572 333 3641 usi
354 3574 392 3640 L.
416 3573 554 3640 Domitii
581 3571 739 3658 consilio,
765 3595 863 3640 naves
885 3571 999 3667 longas
1024 3571 1219 3665 expediunt,
1247 3595 1311 3639 nu·

281 3715 373 3762 mero
390 3715 478 3776 xvrr,
505 3715 648 3784 quarum
672 3705 766 3760 erant
784 3713 820 3758 xr
843 3704 947 3763 tacta.
968 3690 1076 3760 Multa
1097 3692 1163 3760 huc
1182 3690 1311 3760 minora

281 3811 413 3904 navigia
432 3810 578 3897 addunt,
604 3823 641 3878 ut
658 3810 730 3900 ipsa
747 3806 957 3878 multitudine
985 3824 1097 3879 nostra
1114 3808 1225 3879 classis
1243 3824 1311 3878 ter-

281 3941 417 3996 reatur:
435 3953 596 4023 magnum
614 3950 788 3998 numerum
801 3929 1065 4022 sagittariorum,
1079 3955 1239 4026 magnum
1254 3925 1312 4000 Al·
