3042 4772
15 523 20 584 i

471 371 522 428 DE
541 370 666 428 BELLO
688 371 974 432 immutabo.
1186 394 1239 450 ¹99

207 499 269 568 sibi
291 498 468 569 fidissimos
479 521 566 580 esse,
577 494 774 588 nullumque
787 495 970 588 periculum
986 496 1238 592 deprecaturos,

208 617 288 688 dum
307 641 365 711 per
383 640 438 684 eos
456 615 577 686 Gaesari
595 614 766 708 provincia
781 615 1019 686 restitueretur.

252 737 373 806 LVIII.
391 734 528 804 Interim
536 734 679 804 Thorius
695 732 738 802 ad
753 733 944 804 Cordubam
957 750 1080 806 veteres
1096 735 1239 832 legiones

203 855 362 928 adducit:
381 879 438 942 ae,
454 879 496 930 ne
510 853 720 922 dissensionis
736 853 867 924 initium
884 869 999 923 natum
1016 856 1168 927 seditiosa
1180 860 1240 928 rni-

204 975 299 1045 litum
316 999 441 1068 suaque
459 971 626 1042 videretur
640 987 774 1060 natura,
795 971 892 1043 simul
907 989 944 1043 ut
965 991 1082 1046 contra
1098 977 1141 1066 Q.
1159 980 1240 1048 Cas·

204 1095 306 1183 sium,
322 1096 380 1187 qui
399 1094 537 1164 enoris
554 1093 686 1162 nomine
700 1093 881 1185 majoribus
897 1094 1022 1166 viribus
1040 1097 1088 1166 uti
1107 1095 1240 1166 videba-

203 1227 271 1301 tur,
284 1238 376 1306 aque
393 1227 560 1306 potentem
580 1225 764 1305 opponeret
779 1210 988 1306 dignitatem,
1003 1218 1065 1285 Cn.
1081 1217 1239 1309 Pompeio

203 1357 238 1402 se
265 1333 469 1427 provinciam
488 1353 684 1424 recuperare
706 1328 788 1399 velle
804 1330 912 1424 palam
928 1331 1100 1404 dictitabat
1116 1350 1151 1405 et
1171 1335 1236 1407 lor·

202 1453 286 1522 sitan
308 1454 408 1522 etiam
429 1453 491 1522 boc
512 1453 623 1524 lecerit
641 1452 719 1522 odio
740 1454 877 1523 casaris
895 1468 928 1521 et
941 1477 1054 1524 amore
1072 1459 1236 1552 Pompeii,

202 1573 296 1666 cujus
322 1597 443 1643 nomen
461 1571 602 1642 multum
627 1585 756 1665 poterat
772 1571 861 1665 apud
883 1597 938 1644 eas
967 1572 1130 1669 legiones,
1153 1601 1238 1670 quas

201 1695 249 1762 Μ.
264 1694 372 1762 Varro
391 1694 600 1780 obtinuerat3
615 1691 690 1779 sed,
707 1691 740 1760 id
754 1715 818 1784 qua
835 1706 945 1761 mente
957 1707 1142 1762 commotus
1158 1694 1238 1763 leco·

201 1811 262 1898 rit,
280 1813 468 1905 conjectura
485 1812 561 1879 sciri
572 1835 648 1881 non
672 1824 781 1903 potest
799 1835 806 1878 ε
823 1825 910 1880 certe
928 1811 992 1881 hoc
1010 1837 1077 1906 prae
1096 1837 1130 1882 se
1149 1813 1238 1882 Tho·

201 1929 423 2015 riuslerebat;
437 1927 556 1998 milites
574 1929 657 1999 adeo
671 1929 875 2016 fatebantur,
887 1945 924 2000 ut
941 1935 1002 2002 Cn.
1019 1933 1167 2026 Pompeii
1180 1957 1239 2028 no·

202 2073 278 2118 men
298 2049 332 2116 in
351 2051 451 2117 scutis
471 2049 665 2142 inscriptum
685 2048 855 2117 baberent.
871 2053 1036 2144 Frequens
1053 2050 1237 2146 legionibus

201 2181 382 2238 conventus
404 2167 534 2238 obviam
558 2167 689 2261 prodit,
716 2192 823 2261 neque
847 2183 974 2238 tantum
994 2171 1164 2258 virorum,
1180 2172 1236 2241 sed

202 2287 299 2356 etiam
315 2301 458 2357 matrum
483 2285 623 2356 familias
644 2311 682 2356 ac
704 2302 990 2383 praetextatorum3
1026 2289 1237 2384 deprecatur-

200 2429 340 2500 que,ne
358 2405 467 2476 hostili
487 2407 632 2477 adventu
654 2407 845 2476 Cordubam
869 2407 1050 2502 diriperent
1076 2435 1181 2481 :nam
1202 2436 1237 2480 se

201 2539 316 2596 contra
335 2529 485 2598 Cassium
506 2529 626 2596 sentire
649 2550 725 2594 cum
751 2526 919 2610 omnibus;
945 2543 1059 2596 contra
1075 2531 1237 2599 Caesarem

202 2646 365 2717 nefacere
380 2660 590 2740 cogerentur,
605 2669 710 2714 orare.

250 2767 338 2833 ΠΧ.
354 2767 468 2832 Tantae
484 2761 705 2831 multitudinis
724 2762 875 2856 precibus
894 2776 927 2832 et
943 2760 1097 2858 lacrymis
1114 2768 1235 2836 exerci-

203 2898 256 2952 tus
271 2896 455 2952 commotus
472 2907 574 2976 quum
594 2881 737 2968 videret,
750 2881 792 2950 ad
806 2883 957 2952 cassium
975 2883 1236 2978 persequendum

202 2999 285 3069 nihil
296 3025 380 3094 opus
395 3025 464 3070 esse
477 3005 539 3071 Cn.
556 3003 706 3093 Pompeii
720 3002 852 3069 nomine
868 3017 903 3070 et
913 3003 1089 3088 memoria,
1103 3017 1237 3097 umque

202 3120 354 3188 omnibus
373 3121 582 3208 Caesarianis,
597 3144 697 3213 quam
714 3121 942 3212 Pompeianis,
960 3122 1149 3216 Longinum
1165 3145 1236 3190 esse

202 3239 237 3307 in
250 3237 346 3326 odio,
361 3262 469 3333 neque
482 3265 516 3309 so
529 3253 747 3326 conventum,
766 3263 872 3332 neque
882 3241 929 3306 M„
947 3239 1143 3309 Marcellum
1158 3265 1236 3310 con·

201 3373 252 3428 tra
271 3361 408 3432 casaris
426 3384 556 3429 causam
574 3383 668 3453 posse
684 3357 879 3452 perducere3
898 3383 1018 3428 nomen
1036 3361 1184 3453 Pompeii
1195 3385 1236 3428 ex

201 3481 301 3550 scutis
327 3479 555 3565 detraxerunt,
579 3477 793 3563 Marcellum,
813 3479 869 3570 qui
897 3503 931 3546 se
952 3480 1087 3548 Caesaris
1102 3503 1236 3548 causam

202 3599 412 3670 delensurum
432 3597 663 3694 profitebatur,
685 3597 801 3667 ducem
825 3599 1027 3680 asciverunt,
1046 3613 1236 3692 praetorem·

201 3743 266 3812 que
281 3717 508 3814 appellarunt,
525 3733 558 3786 et
573 3719 635 3787 sihi
654 3731 855 3788 conventum
868 3715 1107 3809 adjunxerunt,
1118 3731 1236 3786 castra·

201 3861 267 3929 que
280 3838 321 3906 ad
333 3837 523 3909 Cordubam
533 3853 727 3931 posuerunt.
746 3839 876 3908 Cassius
892 3861 931 3906 eo
944 3835 1047 3906 biduo
1060 3837 1190 3907 circiter
1200 3859 1235 3905 ιν

203 3953 304 4022 millia
323 3979 477 4048 passuum
498 3957 704 4044 aCorduba,
725 3960 809 4028 citra
840 3957 962 4027 flumen
983 3957 1111 4040 Bretim,
1130 3957 1163 4024 in
1183 3979 1238 4049 op·
