3062 4766
446 679 1104 800 COMMENTARIORUM

278 1020 408 1162 DE
463 1017 778 1165 BELLO
836 1017 1268 1163 GALLICO

558 1378 705 1446 LIBER
735 1374 997 1447 OCTAVUS*.

699 1697 858 1714 ι*

467 1947 769 2090 PRAEFATlO
798 1947 850 2033 A.
888 1947 1088 2035 HIRTII.

258 2241 468 2374 Coscnus
490 2298 628 2369 assiduis
649 2301 715 2368 tuis
739 2300 895 2387 vocibus,
921 2297 1039 2383 Balbe,
1063 2321 1168 2391 quum
1189 2299 1303 2389 quoti·

257 2432 357 2502 diens
376 2457 450 2502 mea
471 2433 635 2502 recusatio
657 2458 725 2502 non
741 2431 946 2502 difficultatis
966 2428 1228 2518 excusationem,
1244 2429 1302 2498 sed

258 2567 386 2638 inertiae
414 2566 583 2636 videretur
607 2566 874 2661 deprecationem
898 2565 1037 2653 habere,
1065 2561 1298 2633 difficillimam

259 2727 329 2772 rem
345 2703 485 2796 suscepi.
504 2701 643 2770 Caesaris
659 2702 764 2769 nostri
781 2701 1049 2770 Commentarios
1062 2723 1175 2768 rerum
1191 2713 1300 2794 gesta·

259 2834 1304 2930 rumGalliaenoncompecnndissuperioribusatqucinsequen-

261 2968 351 3036 tibus
361 2969 432 3063 ejus
444 2968 577 3063 scriptis
590 2967 766 3056 contexui3
778 2969 1061 3064 novissimumque
1071 2966 1304 3062 imperfectum

260 3100 301 3169 ab
318 3099 417 3170 rebus
431 3102 531 3196 gestis
549 3099 756 3171 Alexandriae
774 3101 901 3172 confeci
918 3100 1079 3195 usquead
1094 3101 1221 3169 exitum
1238 3124 1306 3168 non

260 3231 398 3327 quidem
410 3231 515 3304 civilis
529 3232 760 3324 dissensionis,
776 3236 870 3329 cujus
883 3233 984 3303 finem
996 3231 1128 3303 nullum
1139 3233 1307 3320 videmus,

261 3365 317 3436 sed
342 3367 418 3436 vitae
441 3369 590 3440 Caessris.
608 3369 702 3456 Quos
719 3371 849 3438 utinam
867 3368 925 3462 qui
940 3367 1052 3462 legent
1074 3369 1159 3438 scire
1180 3369 1308 3462 possint

261 3527 362 3597 quam
385 3503 510 3572 invitus
535 3504 735 3595 susceperim
763 3501 971 3591 scribendos,
1004 3526 1071 3596 quo
1099 3500 1228 3570 facilius
1254 3526 1309 3571 ca-

301 3717 314 3744 ¹*
335 3721 380 3778 ue
405 3727 518 3776 auctore
539 3718 607 3774 'libri
630 3718 723 3775 octavi
749 3717 785 3774 de
808 3717 887 3774 Bello
913 3717 1038 3788 Gallico,
1060 3727 1088 3773 et
1112 3717 1252 3774 librorum
1274 3717 1311 3774 dc

263 3811 469 3880 Alexandnnn,
489 3811 637 3881 Africano,
661 3819 743 3884 atquc
763 3808 918 3884 Hispanico
940 3809 1034 3880 Bello,
1053 3809 1132 3880 vide,
1154 3810 1185 3865 in
1205 3808 1311 3865 Proefn-

200 3921 202 3924 ·
262 3905 342 3960 tione
354 3913 458 3959 nostra
471 3903 591 3960 editioni
603 3900 734 3974 prefixa,
751 3902 944 3959 testimonium
957 3901 1086 3959 Suetonii
1099 3912 1126 3956 ot
1136 3901 1312 3958 eruditorum

263 3993 493 4070 conjectationes.
