3048 4770
258 375 295 431 to
329 397 338 416 ο
412 369 443 424 C.
464 371 561 426 JULll
583 369 747 428 CAESARIS
768 371 1131 428 COMMENTARIORUM

305 501 349 565 Π.
376 498 435 564 His
457 497 581 564 nuntiis
601 494 784 588 litterisque
802 509 987 563 commotus
1008 497 1130 583 Caesar,
1148 496 1229 565 duas
1249 495 1295 566 le·

258 619 370 712 giones
396 617 430 682 in
459 616 611 684 citeriore
635 613 744 684 Gallia
770 639 870 683 novas
898 615 1105 708 conscripsit,
1131 630 1181 702 et,
1210 617 1292 684 inita

256 749 382 822 aestate,
400 735 434 802 in
450 735 641 803 interiorem
654 732 798 802 Galliam
812 735 869 827 qui
886 732 1081 820 deduceret,
1097 736 1142 822 Q.
1156 734 1292 803 Pedium

257 854 403 950 legatum
429 854 528 922 misit.
554 857 643 946 Ipse,
666 878 770 946 quum
792 855 936 946 primum
963 850 1075 946 pabuli
1103 855 1198 946 copia
1225 878 1293 922 esse

258 977 435 1069 inciperet,
451 975 495 1044 ad
510 976 689 1044 exercitum
708 975 812 1061 venit,
832 972 889 1042 dat
908 973 1077 1068 negotium
1095 973 1294 1060 Senonibus,

257 1094 458 1188 reliquisque
475 1091 595 1180 Gallis,
614 1095 672 1186 qui
691 1093 824 1161 finitimi
840 1091 950 1187 Belgis
966 1106 1077 1178 erant,
1094 1093 1143 1159 uti
1162 1116 1201 1159 ca
1221 1117 1294 1185 quae

257 1213 346 1308 apud
371 1238 426 1282 eos
449 1230 607 1308 gerantur
628 1227 841 1308 cognoscant,
859 1236 959 1306 seque
976 1211 1017 1280 de
1034 1212 1085 1280 his
1106 1212 1203 1280 rebus
1222 1236 1293 1278 cer-

259 1336 376 1402 tiorem
396 1333 529 1402 faciant.
550 1335 595 1403 Hi
615 1346 804 1403 constanter
822 1356 935 1400 omnes
954 1331 1206 1417 nuntiaverunt,
1230 1354 1295 1398 ma·

259 1479 322 1522 nus
337 1455 428 1549 cogi,
449 1455 626 1522 exercitum
643 1455 678 1521 in
696 1478 799 1522 unum
819 1452 928 1521 locum
945 1451 1095 1520 conduci.
1114 1454 1200 1518 Turn
1215 1473 1294 1518 vero

259 1571 478 1642 dubitandum
502 1598 570 1642 non
583 1643 585 1651 ,
600 1574 810 1659 existimavit,
836 1574 918 1665 quin
945 1571 987 1639 ad
1015 1597 1071 1640 eos
1097 1568 1295 1638 duodecimo

260 1693 313 1761 die
333 1691 606 1786 proficisceretur.
630 1696 679 1760 Re
700 1691 913 1760 frumentaria
937 1691 1082 1784 provisa,
1099 1702 1207 1759 castra
1225 1707 1295 1753 mo-

260 1828 329 1902 vet,
347 1813 529 1908 diebusque
546 1813 677 1881 circiter
691 1837 735 1880 xv
755 1810 797 1880 ad
810 1810 892 1879 fines
907 1808 1082 1904 Belgarum
1102 1809 1261 1903 pervenit.

308 1933 370 2002 111.
385 1936 434 2002 Eo
452 1957 556 2025 quum
575 1930 617 1999 de
635 1931 815 2024 improviso
834 1928 1037 2023 celeriusque
1058 1930 1205 1998 omnum
1224 1929 1291 2020 opi·

261 2053 361 2121 nione
374 2053 529 2138 venisset,
538 2052 653 2138 Remi,
667 2051 724 2143 qui
739 2051 880 2144 proximi
897 2047 1013 2120 Galliae
1028 2073 1067 2117 ex
1080 2048 1189 2144 Belgis
1203 2064 1292 2136 sunt,

259 2169 395 2238 adeum
415 2168 554 2262 legatos,
574 2172 696 2239 Iccium
712 2185 745 2238 et
764 2169 1024 2262 Antebrogium,
1042 2169 1166 2262 primos
1179 2171 1294 2239 civita·

258 2286 317 2375 tis,
340 2286 516 2374 miserunt,
540 2288 597 2379 qui
620 2288 780 2376 dicerent,
803 2312 837 2356 se
862 2312 986 2380 suaque
1006 2286 1117 2355 omnia
1137 2289 1170 2355 iu
1194 2291 1294 2357 fidem

258 2419 357 2499 atque
383 2419 579 2499 potestatem
603 2407 718 2500 populi
741 2410 869 2477 romani
892 2411 1097 2502 permittere,
1111 2417 1231 2505 ‘neque
1249 2439 1283 2482 se

256 2549 333 2593 cum
353 2523 461 2621 Belgis
477 2525 613 2620 reliquis
633 2530 850 2615 consensisse,
869 2553 976 2621 neque
994 2543 1110 2596 contra
1128 2529 1290 2622 populum

258 2669 432 2715 romanum
459 2648 595 2715 omnino
619 2647 822 2739 conjurasse;
845 2662 1040 2741 paratosque
1061 2674 1131 2720 esse
1151 2669 1185 2718 et
1202 2651 1290 2718 obsi-

256 2762 313 2833 des
326 2764 420 2852 dare,
433 2781 468 2835 et
481 2767 641 2860 imperata
655 2766 775 2850 lacere,
794 2781 826 2835 et
843 2767 973 2861 oppidis
990 2771 1152 2864 recipere,
1174 2786 1207 2838 et
1222 2770 1291 2838 fru-

257 2899 370 2952 mento
398 2890 578 2982 ceterisque
599 2888 696 2957 rebus
719 2890 850 2981 juvare;
875 2887 1019 2982 reliquos
1039 2917 1152 2960 ornnes
1175 2889 1290 2984 Belgas

257 3003 292 3070 in
310 3007 410 3074 armis
422 3031 507 3092 esse,
521 3011 789 3102 Germanosque,
805 3010 862 3101 qui
881 3010 927 3076 cis
947 3009 1101 3078 Rhenum
1123 3010 1289 3098 incolunt,

259 3152 328 3196 sese
349 3129 497 3198 cumbis
524 3133 746 3225 conjunxisse,
770 3147 964 3225 tantumque
986 3157 1056 3202 esse
1079 3143 1193 3202 eo'rum
1218 3161 1290 3203 om-

259 3248 351 3316 nium
366 3248 526 3335 furorem,
544 3265 581 3320 ut
597 3277 638 3320 ne
650 3253 837 3320 Suessiones
853 3251 1006 3345 quidem,
1023 3253 1140 3322 fratres
1156 3279 1289 3323 consan-

258 3367 458 3461 guineosque
475 3393 564 3457 suos,
580 3372 637 3463 qui
653 3371 768 3441 eodem
780 3373 856 3466 jure
873 3387 906 3440 et
919 3372 1041 3441 eisdem
1056 3372 1182 3468 legibus
1196 3388 1289 3442 utan-

258 3502 327 3574 tur,
351 3513 455 3558 unum
476 3491 650 3583 imperium
671 3515 841 3586 unumque
865 3495 1094 3588 magistratum
1113 3519 1190 3562 cum
1210 3495 1290 3588 ipsis

258 3607 414 3695 babeant,
430 3609 596 3679 deterrere
607 3612 791 3703 potuerint,
804 3615 885 3704 quin
901 3637 976 3681 cum
987 3613 1038 3681 his
1052 3615 1287 3681 consentirent.

303 3727 361 3796 IV.
381 3729 494 3815 Quum
511 3729 553 3797 ab
567 3728 621 3795 his
637 3745 811 3821 quaereret,
828 3755 901 3823 quae
918 3731 1079 3816 civitates,
1094 3746 1290 3824 quanteque

257 3848 291 3912 in
307 3847 406 3913 armis
422 3861 544 3932 essent,
558 3846 683 3940 etquid
698 3849 731 3915 in
747 3847 834 3916 bello
853 3863 1000 3942 possent,
1017 3849 1064 3917 sic
1080 3852 1263 3943 reperiebat
1279 3877 1287 3920 :

257 3962 429 4056 plerosque
455 3963 571 4059 Belgas
596 3990 664 4034 esse
692 3980 781 4034 ortos
810 3991 828 4034 a
855 3971 1044 4051 Germanis,
1068 3971 1288 4066 Rhenumque
