3086 4766
316 409 353 464 92
469 393 500 447 c
522 393 619 448 sunu
640 393 802 450 casmrs
825 387 1186 450 communicationum

315 532 368 584 tus
385 515 427 583 ad
449 540 543 585 usum
568 517 766 610 expeditior,
786 514 921 612 paulum
943 519 1106 585 renroveri
1125 518 1166 585 ab
1186 515 1345 584 onerariis

313 634 466 720 navibus,
483 650 517 704 et
532 637 629 704 remis
650 637 797 724 incitari,
813 651 846 704 et
869 635 911 704 ad
927 633 1011 704 latus
1027 649 1178 728 apertum
1200 634 1347 704 hostium

313 754 485 840 constitui,
502 760 601 846 atque
621 753 697 823 inde
714 753 840 842 fundis,
861 755 1002 848 sagittis,
1022 755 1213 840 tormentis,
1236 753 1346 820 hostes

313 871 453 966 propelli
466 897 505 940 ae
520 873 709 941 submoveri
719 873 838 966 jussit:
853 897 925 965 qnae
938 897 990 940 res
1003 895 1124 966 magno
1139 871 1211 940 usui
1226 873 1346 940 nostris

312 990 384 1060 lixit.
402 993 488 1062 Nam
503 1006 537 1058 et
551 991 687 1059 navium
700 990 826 1084 figura,
841 1005 873 1059 et
889 1014 1058 1058 remorum
1072 1002 1181 1074 motu,
1198 1003 1231 1057 et
1245 988 1346 1060 inusi-

314 1123 384 1177 tato
399 1133 519 1202 genere
534 1107 775 1178 tormentorum
789 1110 946 1203 permoti,
960 1109 1093 1177 barbari
1109 1109 1345 1196 constiterunt,

313 1253 350 1296 ac
367 1227 504 1321 paulum
521 1228 620 1297 modo
633 1228 749 1321 pedem
763 1227 957 1297 retulerunt.
973 1231 1083 1321 Atque
1099 1229 1220 1296 nostris
1236 1227 1346 1300 militi·

312 1347 374 1416 bus
384 1348 633 1437 cunctantibus,
643 1349 783 1417 maxime
793 1361 929 1442 propter
940 1346 1148 1417 altitudinem
1161 1349 1276 1436 maris,
1287 1349 1344 1440 qui

313 1466 447 1534 decimae
459 1465 597 1561 legionis
610 1466 754 1561 aquilam
768 1467 908 1554 ferebat,
925 1481 1126 1536 contestatus
1141 1467 1240 1551 deos,
1256 1482 1292 1536 ut
1307 1492 1345 1536 ea

313 1609 364 1653 res
381 1582 502 1680 legioni
519 1584 657 1655 feliciter
675 1585 821 1656 eveniret
838 1611 846 1654 ε
864 1615 880 1650 a
895 1587 1048 1674 Desilite,
1067 1585 1190 1679 inquit,
1206 1588 1344 1655 cornmi-

314 1702 447 1790 litones‚
466 1707 528 1774 nisi
545 1703 643 1774 vultis
663 1703 807 1798 aquilam
826 1705 974 1776 hostibus
994 1707 1159 1800 prodere:
1178 1729 1240 1800 ego
1257 1718 1345 1774 certe

314 1843 423 1893 meum
440 1822 628 1917 reipublice
642 1838 741 1916 atque
757 1825 948 1917 imperatori
961 1826 1107 1896 officium
1120 1826 1312 1918 praestitero.
1328 1853 1344 1888 s

314 1945 387 2010 Hoc
403 1967 505 2034 quum
523 1967 641 2036 magna
661 1967 740 2011 voce
756 1941 903 2028 dixisset,
920 1969 961 2013 ex
979 1946 1054 2013 navi
1072 1969 1106 2013 se
1124 1945 1276 2037 projecit,
1294 1956 1344 2012 at·

314 2084 379 2151 que
398 2061 431 2126 in
450 2058 561 2128 hostes
580 2058 723 2154 aquilam
745 2060 830 2129 serre
850 2065 956 2155 coepit.
973 2063 1059 2131 Tum
1081 2065 1206 2150 nostri,
1225 2063 1344 2131 cohor-

314 2179 375 2246 tati
394 2179 482 2246 inter
497 2203 550 2266 se,
573 2191 763 2247 natantum
781 2179 921 2249 dedecus
937 2180 1180 2264 admitteretur,
1199 2182 1343 2248 universi

315 2322 354 2365 ex
374 2299 450 2366 navi
470 2296 683 2367 desiluerunt.
705 2301 773 2368 Hos
796 2301 874 2368 item
897 2297 952 2367 alii
971 2321 1011 2366 ex
1032 2299 1189 2391 proximis
1206 2298 1344 2367 navibus

314 2441 417 2509 quum
439 2420 699 2511 conspexissent,
724 2418 906 2503 subsecuti,
930 2417 1080 2486 hostibus
1101 2419 1344 2511 appropinqua-

315 2552 402 2605 runt.

360 2657 484 2726 XXVI.
509 2661 699 2753 Pugnatum
714 2669 765 2728 est
782 2661 823 2728 ab
841 2659 990 2751 utrisque
1008 2662 1126 2729 acriter
1144 2685 1151 2730 :
1170 2664 1274 2732 nostri
1295 2677 1344 2730 ta-

313 2799 408 2862 men,
425 2776 515 2869 quod
536 2802 642 2871 neque
660 2777 791 2848 ordines
811 2803 955 2869 servare,
972 2805 1079 2876 neque
1093 2781 1232 2852 firmiter
1248 2784 1344 2852 insis-

311 2907 397 2981 tere,
418 2919 523 2988 neque
539 2897 632 2991 signa
649 2897 803 2989 subsequi
823 2909 990 2991 poterant,
1008 2915 1108 2993 atque
1128 2900 1211 2972 alius
1228 2901 1289 2970 alia
1304 2927 1342 2969 ex

314 3015 389 3082 navi
418 3017 670 3110 quibuscunque
696 3019 797 3112 signis
823 3035 1032 3106 occurrerat,
1061 3046 1095 3090 se
1125 3022 1345 3116 aggregabat,

313 3159 514 3228 magnopere
529 3137 819 3232 perturbabantur.
838 3143 957 3208 Hostes
974 3164 1068 3224 vero,
1087 3141 1175 3210 notis
1190 3143 1344 3210 omnibus

312 3253 417 3340 vadis,
437 3254 547 3324 ubi'ex
565 3254 661 3324 litore
678 3255 805 3350 aliquos
822 3254 1003 3350 singulares
1018 3281 1058 3323 ex
1079 3259 1154 3324 navi
1173 3259 1343 3352 egredien-

311 3388 359 3441 tes
380 3391 636 3469 conspexerant,
657 3377 801 3444 incitatis
821 3376 934 3467 equis,
955 3375 1129 3470 impeditos
1145 3376 1338 3445 adorieban-

309 3506 388 3560 tur:
405 3491 515 3586 plures
532 3518 654 3588 paucos
664 3495 947 3564 circumsistebant
961 3520 969 3562 τ
983 3496 1037 3564 alii
1053 3496 1094 3565 ab
1111 3493 1212 3564 latere
1227 3511 1342 3588 aperto

310 3615 344 3680 in
360 3615 530 3682 universos
544 3611 610 3682 tela
618 3614 848 3707 conjiciebant.
863 3614 964 3705 Quod
978 3640 1082 3708 quum
1095 3616 1341 3684 animadvertis·

310 3746 360 3800 set
375 3734 499 3816 Caesar,
515 3733 652 3827 scaphas
668 3731 841 3827 longarum
858 3737 1010 3822 navium,
1026 3735 1105 3802 item
1124 3733 1342 3829 speculatoria

310 3849 438 3944 navigia
471 3849 630 3922 militibus
656 3851 814 3946 compleri
839 3855 955 3947 jussit,
987 3867 1021 3922 et
1045 3879 1128 3948 quos
1156 3855 1342 3924 laborantes

310 3985 545 4063 conspexerat,
567 3973 604 4041 iis
627 3971 770 4043 subsidia
791 3973 1012 4044 submittebat.
1038 3975 1170 4060 Nostri,
1190 3974 1288 4044 simul
1309 3979 1341 4044 in
