3014 4780
493 433 544 490 ult
566 433 687 490 ulttm
712 435 915 492 antonno.
1165 441 1218 496 aba

185 565 230 632 ris
244 576 370 648 castra,
385 583 459 652 que
472 571 567 627 erant
577 559 611 626 in
627 556 732 646 colle,
752 582 787 628 se
799 557 951 629 conferre
966 563 1067 656 coepit
1086 589 1095 630 ε
1113 561 1223 635 irens-

185 699 237 751 tus
254 693 365 751 autem
378 679 514 750 Labieni
531 701 631 772 eques
644 680 678 748 in
692 677 766 748 loco
783 703 995 773 permanere,
1010 679 1222 779 legionesque

184 801 340 870 distinere
360 825 369 868 ε
387 823 490 893 quum
510 799 620 868 subito
636 823 713 894 pars
729 800 896 893 equitatus
909 804 1046 872 Caesaris
1061 827 1138 874 curn
1157 805 1222 874 levi

185 935 369 1007 armatura,
380 934 495 990 contra
506 917 656 989 Gaetulos
674 921 800 1015 injussu
813 945 852 989 ac
867 934 990 990 temere
1003 920 1134 1017 longius
1148 949 1223 1020 pro·

184 1043 301 1136 gressi,
318 1017 540 1136 paludemque
564 1044 779 1136 transgressi,
805 1040 1052 1112 multitudinem
1075 1043 1221 1114 hostium

182 1163 280 1255 pauci
307 1161 470 1230 sustinere
489 1184 556 1230 non
585 1175 787 1254 potuerunt;
814 1158 945 1254 levique
968 1177 1136 1260 armatura
1162 1164 1220 1234 de·

183 1283 284 1370 serti,
298 1305 337 1352 ao
349 1278 754 1376 pulsiconvulneratique,
773 1305 840 1350 uno
859 1283 969 1375 equite
985 1285 1121 1370 smuso,
1138 1284 1222 1354 mul·

184 1405 226 1471 tis
247 1402 341 1496 equis
356 1402 492 1485 sauciis,
512 1398 592 1470 levit
611 1415 786 1470 annaturae
810 1425 896 1472 xxvt
920 1403 1055 1488 occisis,
1078 1403 1120 1475 ad
1145 1427 1221 1474 auos

183 1521 385 1614 refugerunt.
407 1521 485 1610 Quo
504 1519 649 1590 secundo
680 1520 823 1612 equestri
843 1515 959 1614 proelio
976 1521 1087 1610 facto,
1107 1524 1221 1617 Scipio
1340 1511 1343 1516 ¹

182 1638 274 1710 laeuas
291 1641 324 1708 iu
335 1654 441 1709 castra
457 1641 553 1710 nocte
568 1639 679 1732 copias
689 1637 831 1707 reduxit.
842 1639 944 1726 Quod
953 1643 1126 1734 proprium
1142 1664 1221 1735 gau·

181 1760 274 1832 dium
290 1759 490 1829 bellantibus
507 1758 797 1828 fortunatribuere
815 1783 882 1828 non
897 1759 1042 1830 decrevit
1056 1785 1219 1856 :namque

181 1895 315 1974 postero
332 1879 387 1948 die
402 1883 532 1966 Caesar,
546 1903 649 1972 quum
670 1893 797 1973 partem
818 1882 982 1972 equitatus
1003 1882 1054 1949 sui
1066 1858 1219 1975 Leptim,

182 1998 340 2068 frumenti
357 2001 477 2094 gratia,
497 1999 656 2084 misisset,
679 1999 714 2066 in
735 2000 853 2066 itinere
867 1997 1067 2092 predatores
1091 2003 1220 2094 equites

182 2117 345 2189 Numidas
364 2117 578 2212 Catulusque
595 2143 634 2187 ex
653 2119 833 2212 improviso
859 2117 967 2186 adorti
992 2120 1123 2190 circiter
1145 2145 1221 2192 cen·

182 2253 252 2308 tum
264 2241 384 2332 partim
401 2239 612 2325 occiderunt,
628 2239 750 2332 partim
764 2239 916 2307 vivorum
933 2239 1030 2333 potiti
1047 2253 1134 2310 sunt
1153 2243 1220 2310 Cre·

181 2383 235 2428 sar
250 2361 381 2427 interim
391 2359 540 2452 quotidie
553 2356 698 2452 legiones
708 2358 742 2426 iu
752 2381 907 2452 campum
923 2357 1102 2449 deducere,
1119 2375 1220 2454 atque

180 2503 264 2574 opus
281 2479 389 2550 lacere
402 2531 413 2568 ,
426 2477 617 2572 uallumque
632 2492 665 2548 et
683 2478 804 2548 fossam
823 2501 884 2572 per
901 2477 1048 2548 medium
1062 2505 1217 2575 campum

180 2599 315 2689 ducere,
330 2602 662 2692 adversariorumque
674 2598 923 2668 excursionibus
937 2601 998 2668 iter
1005 2599 1138 2672 officere
1148 2627 1215 2672 uon

179 2721 377 2789 intermittit.
391 2721 503 2812 Scipio
521 2721 600 2786 item
618 2717 819 2788 munitiones
835 2718 1089 2806 contrafacere,
1106 2736 1157 2804 et,
1174 2747 1217 2792 ne

177 2840 258 2932 jugo
274 2863 292 2906 a
308 2841 437 2908 Caesare
452 2836 696 2922 excluderetur,
712 2861 943 2933 approperare.
955 2825 1009 2907 lta
1026 2837 1126 2909 duces
1141 2844 1219 2912 utri-

179 2983 243 3049 que
259 2972 293 3026 et
308 2961 342 3027 in
356 2959 513 3053 operibus
525 2959 677 3053 occupati
695 2974 806 3046 arant,
820 2974 853 3028 et
869 2958 975 3028 nihilo
989 2961 1100 3030 minus
1119 2985 1218 3054 eque·
1262 2996 1267 3005 ·

180 3077 304 3146 stribus
324 3077 448 3173 proeliis
467 3081 606 3148 interae
625 3078 774 3173 quotidie
794 3079 1006 3150 dimicabant.

227 3199 332 3282 LXII.
351 3199 490 3267 Interim
506 3201 615 3270 Varus
630 3197 783 3287 classem,
801 3221 901 3292 quam
916 3213 1011 3268 antea
1028 3197 1137 3269 Uticae
1147 3201 1217 3270 hie·

178 3317 242 3386 mis
260 3321 367 3412 gratia
385 3317 602 3406 subduxerat,
617 3320 752 3413 cognito
766 3317 905 3412 legionis
922 3341 972 3387 vn
986 3334 1019 3388 et
1033 3341 1098 3390 vtn
1115 3345 1154 3392 ex
1171 3322 1219 3390 Si-

177 3436 251 3508 cilia
269 3437 429 3526 adventu,
447 3437 598 3510 celeriter
614 3439 764 3528 deducit,
782 3439 938 3534 illamque
956 3441 1098 3511 Getulis
1117 3444 1217 3512 remi·

177 3559 273 3652 gibus
286 3559 492 3655 epibatisque
505 3558 669 3654 complet;
686 3559 929 3654 insidiandique
946 3563 1052 3655 gratis
1065 3561 1106 3630 ab
1119 3562 1216 3632 Utica

178 3701 391 3773 progressus,
412 3679 629 3749 adrumetum
649 3703 726 3750 cum
754 3703 798 3749 tv
816 3680 955 3750 navibus
970 3681 1130 3776 pervenit.
1148 3684 1216 3752 Cu·

176 3796 230 3887 jus
241 3798 402 3868 adventus
413 3800 536 3870 inscius
549 3802 677 3887 Cesar,
695 3803 732 3870 L
751 3803 900 3896 Cispium
913 3825 989 3870 cum
1004 3799 1106 3870 classe
1116 3825 1214 3872 xxvn

118 3965 123 3972 ,
166 3917 312 3984 ‘navium
326 3919 368 3986 ad
388 3917 556 4013 Thapsum
575 3923 697 3991 versus'
714 3924 747 3990 in
766 3923 962 4006 stationem,
982 3921 1121 4016 presidii
1143 3947 1214 4016 gra-

179 4033 224 4100 tia
245 4051 449 4106 commeatus
471 4039 537 4124 sui,
558 4041 661 4108 mittit
688 4067 695 4107 ε
723 4044 865 4135 itemque
889 4043 933 4132 Q.
965 4041 1214 4141 Aquilamxcum
