3048 4770
293 673 299 681 “
393 710 995 816 cJuaucAEsams

181 1159 186 1166 -
244 1051 1145 1190 COMMENTARIORUM

414 1409 487 1493 DE
515 1409 696 1496 BELLO
721 1409 960 1496 Gattlco

522 1717 654 1784 LIBER
676 1720 876 1791 TERTIUS.

580 2085 802 2108 uun-...—

180 2331 205 2396 1.
212 2272 354 2430 Quum
368 2329 402 2396 in
418 2325 548 2396 Italiam
563 2326 830 2421 proficisceretur
841 2331 961 2416 Caesar,
974 2328 1125 2397 Servium
1136 2325 1216 2394 Gal-

179 2449 257 2516 bam
274 2471 350 2516 cum
371 2446 499 2541 legione
517 2446 712 2515 duodecima
728 2461 759 2514 et
779 2461 872 2540 parte
890 2447 1055 2538 equitatus
1075 2447 1108 2513 in
1125 2445 1217 2513 Nan·

179 2581 308 2652 tumes,
327 2570 508 2661 Veragros,
528 2565 743 2657 Sedunosque
761 2565 864 2651 misit,
881 2567 937 2658 qui
957 2591 975 2634 a
991 2565 1111 2633 linibus
1127 2561 1217 2632 Allo·

179 2686 340 2777 brogum,
365 2700 399 2752 et
428 2682 503 2752 lacu
532 2689 718 2771 Lemanno,
746 2698 779 2753 et
806 2683 942 2753 flumine
969 2683 1149 2770 Rhodano,
1175 2681 1216 2751 ad

180 2825 328 2872 summas
348 2801 449 2896 Alpes
466 2805 642 2896 pertinent.
660 2807 767 2872 Causa
784 2803 938 2871 mittendi
952 2803 1030 2891 fuit,
1050 2802 1140 2896 quod
1156 2805 1218 2872 iter

182 2949 242 3016 per
268 2920 384 3016 Alpes,
407 2947 474 3016 quo
502 2943 721 3017 magnacum
747 2921 894 3016 periculo
918 2923 1112 3016 magnisque
1142 2948 1217 2992 cum

183 3045 341 3136 portoriis
366 3057 563 3112 mercatores
589 3043 638 3110 irc
662 3057 877 3128 consuerant,
900 3043 1049 3136 patefieri
1074 3042 1216 3114 volebat.

182 3163 269 3231 Huic
285 3165 448 3262 permisit,
466 3165 493 3232 si
508 3186 594 3258 opus
609 3186 681 3232 esse
701 3163 933 3252 arbitraretur,
951 3165 1000 3232 uti
1020 3166 1054 3234 in
1071 3165 1120 3234 eis
1139 3163 1219 3234 locis

183 3280 362 3376 legionem,
386 3281 556 3351 hiemandi
575 3307 687 3368 causa,
712 3280 898 3351 collocaret.
921 3281 1044 3374 Galba,
1069 3285 1220 3354 secundis

183 3399 309 3495 aliquot
337 3400 461 3495 proeliis
490 3402 598 3489 lactis,
624 3399 831 3496 castellisque
855 3403 1081 3498 compluribus
1105 3429 1220 3474 eorum

184 3523 398 3615 expugnatis,
421 3521 529 3589 missis
552 3519 596 3588 ad
619 3544 695 3588 curn
717 3520 864 3615 undique
885 3521 1016 3618 legatis,
1039 3523 1222 3593 obsidibus·

184 3663 249 3731 que
275 3638 374 3728 datis,
402 3653 436 3708 et
463 3663 545 3733 pace
570 3638 671 3724 facta,
704 3643 876 3711 constituit
899 3644 1051 3713 cohortes
1080 3643 1160 3712 duas
1188 3645 1221 3710 in

186 3759 410 3827 Nantuatibus
430 3757 611 3844 collocare,
633 3760 755 3853 etipse
777 3785 854 3830 curn
876 3760 1011 3856 reliquis
1029 3763 1098 3855 ejus
1120 3761 1222 3854 legio·

187 3879 237 3946 nis
254 3878 443 3947 cohortibus
461 3881 495 3947 in
516 3878 590 3947 vico
607 3883 847 3976 Veragrorum,
867 3885 924 3978 qui
948 3881 1133 3977 appellatur
1154 3886 1223 3952 Oc·

188 3996 342 4082 rodurus,
368 3998 514 4067 hiemare
543 4025 550 4066 :
582 4003 638 4092 qui
671 4004 778 4093 vicus,
811 4005 936 4099 positus
965 4005 998 4072 in
1027 4001 1124 4088 valle,
1157 4028 1223 4071 non
