3068 4772
521 404 573 460 DE
592 404 711 460 antro
728 401 1017 462 ALEXANDRINO.
1226 421 1278 478 ¹9⁷

246 529 395 598 niaximae
419 526 587 621 dignitatis
605 542 636 594 et
652 529 765 621 gratiae
782 525 1015 619 provincialem
1034 526 1217 614 hominem,
1234 530 1278 597 si·

246 649 346 740 bique
366 661 434 714 tam
456 645 666 731 familiarem,
694 671 793 739 quam
814 651 1025 715 Laterensem
1044 660 1078 714 et
1094 645 1277 736 Racilium,

246 771 281 836 in
297 765 411 835 eadem
427 765 525 834 luisse
542 767 779 859 conjuratione.
800 768 872 837 Nec
897 765 953 834 diu
973 780 1119 834 moratur
1130 764 1277 836 dolorem

246 911 359 974 suum,
377 890 458 979 quin
474 911 529 954 eos
543 885 680 954 interfici
692 887 818 979 jubeat.
836 885 1022 954 Minucium
1033 884 1157 954 libertis
1170 899 1277 954 trans·

246 1006 295 1075 dit
311 1004 584 1088 excruciandum
598 1005 674 1072 item
685 1003 903 1098 Calpurnium
919 1002 1190 1098 Salviannm,qui
1203 1029 1277 1099 pro·

245 1124 355 1194 fitetur
365 1123 539 1212 indicium,
551 1124 863 1216 conjuratorumque
876 1147 1050 1192 numerum
1061 1137 1173 1218 auget;
1182 1147 1276 1211 vere,

245 1259 283 1313 ot
299 1244 434 1338 quidam
453 1244 656 1329 existimant3
681 1255 717 1310 ut
740 1241 890 1312 nonnulli
911 1257 1106 1335 queruntur,
1130 1257 1273 1317 coactus.

244 1363 364 1434 Iisdem
382 1363 581 1432 cruciatibus
591 1362 726 1431 affectus
737 1363 777 1432 L.
792 1360 955 1456 Margilio.
967 1360 1112 1456 Squillus
1125 1363 1276 1435 nominat

245 1481 355 1578 plures
374 1509 382 1551 τ
404 1507 486 1576 quos
505 1483 636 1552 Cassius
651 1481 790 1560 interfici
808 1481 918 1574 jubet,
936 1483 1080 1576 exceptis
1101 1482 1155 1569 iis,
1174 1483 1276 1576 quise

244 1605 385 1697 pecunia
403 1603 633 1673 redemerunt:
647 1625 724 1669 nam
735 1597 843 1694 palam
856 1602 911 1668 HS
927 1598 1033 1669 decies
1045 1625 1120 1670 oum
1140 1601 1275 1695 Calpur·

243 1725 300 1792 nio
327 1723 517 1817 paciscitur,
543 1735 576 1790 et
596 1745 671 1790 cnm
690 1722 733 1810 Q.
761 1721 874 1789 Sextio
897 1720 1123 1814 quinquagies.
1152 1721 1221 1810 Qui
1247 1721 1274 1788 si

242 1844 385 1912 maxime
409 1855 566 1910 nocentes
594 1853 671 1908 sunt
692 1837 840 1924 multati,
863 1853 973 1907 tamen
992 1835 1174 1932 periculum
1198 1839 1275 1909 vitm

242 1960 405 2055 dolorque
412 1958 602 2048 volnerum,
612 1961 758 2052 pecuniae
770 1958 941 2045 remissus,
957 1955 1182 2027 crudelitatem
1198 1983 1273 2029 cum

242 2080 377 2149 avaritia
394 2094 534 2150 certasse
549 2077 763 2173 significahat,

290 2202 377 2270 LVI.
393 2196 531 2291 Aliquot
548 2212 621 2292 post
640 2197 755 2267 diebus
773 2195 895 2270 litteras
908 2223 929 2268 a
942 2201 1068 2270 Caesare
1087 2200 1201 2270 missas
1217 2225 1273 2271 ac·

241 2321 337 2413 cipit;
368 2319 488 2414 quibus
512 2319 698 2414 cognoscit,
730 2319 941 2412 Pompeium,
971 2321 1004 2388 in
1038 2322 1107 2390 acie
1130 2323 1273 2411 victum,
1348 2305 1350 2310 ¹

240 2441 366 2508 amissis
389 2441 492 2534 copiis
515 2438 645 2532 fugisse
665 2438 797 2527 Quare
817 2439 963 2531 cognita,
992 2440 1131 2508 mixtam
1159 2438 1274 2509 dolore

240 2557 445 2654 voluptatem
465 2558 629 2650 capiebat.
654 2557 809 2624 Victoriae
832 2557 967 2624 nuntius
995 2554 1141 2626 letitiam
1163 2561 1273 2652 expri-

240 2680 366 2764 mebat3
382 2677 568 2748 consectum
585 2672 708 2743 bellum
726 2671 891 2742 licentiam
913 2688 1097 2768 temporum
1118 2675 1274 2747 interclu.

243 2796 351 2866 debat.
374 2797 427 2864 Sic
451 2807 522 2864 erat
543 2793 664 2868 dubius
682 2793 802 2881 animi,
823 2807 936 2863 utrum
961 2793 1045 2864 nihil
1074 2797 1212 2885 timere,
1229 2821 1272 2866 an

240 2917 351 2985 omnia
369 2912 467 2983 licere
484 2912 603 2983 mallet.
621 2913 752 2982 Sanctis
766 2911 977 3000 vulneribus,
993 2916 1126 2984 arcessit
1142 2939 1272 3006 omnes,

238 3037 297 3128 qui
313 3036 375 3103 sibi
392 3035 546 3128 pecunias
563 3057 720 3128 expensas
736 3029 901 3123 tulerant,
921 3047 1135 3128 acceptasque
1149 3059 1203 3105 eas
1215 3038 1271 3130 ju·

238 3154 295 3222 bet
309 3153 424 3222 referri
442 3180 451 3220 ε
470 3153 590 3247 quibus
609 3177 726 3248 parum
742 3153 915 3222 videbatur
937 3155 1130 3249 imposuisse
1146 3159 1272 3248 oneris,

240 3271 433 3368 ampliorem
458 3275 633 3368 pecuniam
658 3273 809 3367 imperat.
836 3275 942 3366 AEque
969 3289 1080 3344 autem
1103 3279 1272 3348 Romano·

239 3419 315 3464 rum
343 3393 500 3464 dilectum
526 3393 685 3479 instituit,
701 3417 802 3486 quos,
820 3417 861 3462 ex
881 3394 1034 3464 omnibus
1054 3397 1273 3466 conventibus

240 3512 445 3607 coloniisque
460 3515 683 3608 conscriptos,
700 3514 919 3582 transmarina
932 3512 1048 3583 militia
1065 3519 1272 3608 perterritos,

238 3632 280 3702 ad
299 3633 493 3704 sacramenti
511 3632 769 3727 redemptionem
789 3633 935 3702 vocabat.
952 3636 1112 3729 Magnum
1129 3636 1192 3706 hoc
1210 3635 1274 3706 fuit

238 3752 399 3848 vectigal,
422 3753 528 3847 majus
548 3765 659 3821 tamen
677 3751 808 3822 creabat
824 3751 947 3820 oditrm.
965 3755 1024 3822 His
1040 3754 1138 3822 rebus
1162 3755 1273 3825 conse·

238 3873 315 3960 ctis,
332 3889 441 3944 totum
457 3875 635 3944 exerciorm
651 3872 779 3944 lustrat.
798 3874 974 3968 legiones,
991 3898 1073 3967 quas
1085 3877 1119 3943 in
1127 3875 1273 3945 Africam

239 3990 400 4064 ducturus
414 4010 503 4081 erat,
519 4009 552 4064 et
565 3993 685 4064 auxilia
702 3996 804 4064 mittit
818 3994 861 4064 ad
876 3993 1066 4088 trajectum:
1082 3996 1174 4092 ipse,
1189 3994 1271 4064 clas·
