3014 4780
473 413 523 468 DE
545 411 665 468 nmo
685 411 931 470 tttseattturtst.
1159 409 1214 466 aas

182 537 354 608 interfecti.
384 533 574 628 Eodemque
606 548 754 627 tempore
780 533 952 627 transfuga
981 535 1146 603 nuntiavit
1175 561 1215 604 cx

184 657 323 753 oppido,
350 657 508 742 lunium,
527 657 584 748 qui
611 656 645 723 in
668 653 821 724 cuniculo
849 654 981 740 fuisset,
1005 652 1213 750 jugulatione

183 777 425 872 oppidanorum
447 776 545 860 facta,
565 773 740 862 clamasse,
755 803 772 838 a
784 775 911 843 lacinus
927 798 962 842 sc
981 773 1159 842 nefandum
1182 787 1215 843 et

117 877 122 884 .
183 895 289 965 scelus
306 894 418 965 fecisse
437 920 445 964 ε
465 919 541 964 narn
561 919 615 963 eos
636 894 718 962 nihil
738 895 915 980 meruisse,
933 917 1035 987 quare
1049 891 1106 961 tali
1118 919 1215 986 poena
1323 949 1327 956 ,

183 1017 405 1101 afficerentur,
420 1016 477 1107 qui
497 1038 552 1082 eos
572 1011 614 1080 ad
631 1011 703 1081 ares
729 1026 763 1080 et
779 1011 876 1081 -locos
895 1037 971 1081 suos
993 1014 1215 1106 recepissent,

185 1159 306 1229 eosque
324 1133 503 1226 hospitium
528 1129 650 1200 scolere
676 1133 938 1200 contaminasse:
961 1161 977 1195 o
1002 1129 1108 1200 multa
1137 1157 1218 1225 prae·

185 1269 270 1324 terea
287 1253 405 1322 dixisse
425 1277 433 1320 :
454 1275 518 1344 qua
537 1251 686 1320 oratione
705 1250 892 1337 deterritos,
921 1248 1061 1345 amplius
1084 1251 1216 1346 jugula·

184 1376 308 1441 tionem
329 1397 396 1440 non
415 1371 540 1440 fecisse.

230 1494 337 1560 XVII.
357 1493 407 1558 Ita
423 1504 553 1583 postero
569 1488 622 1558 die
635 1485 763 1558 Tullius
777 1487 901 1582 legatus
918 1513 995 1559 cum
1012 1493 1138 1560 Catone
1150 1492 1215 1559 Lu·

97 1675 103 1686 ,
184 1612 290 1680 sitano
309 1611 418 1697 venit,
438 1624 471 1677 et
491 1607 578 1701 apud
596 1611 757 1678 Caesarem
777 1608 874 1676 verba
896 1609 972 1678 lecit
1000 1633 1008 1676 :
1030 1637 1047 1673 α
1076 1611 1214 1678 Utinam

184 1729 316 1822 quidem
334 1729 380 1798 dii
399 1725 599 1796 immortales
619 1727 790 1813 fecissent,
809 1742 847 1796 ut
866 1741 943 1796 tuus
966 1729 1077 1820 potius
1101 1727 1214 1816 miles,

183 1872 282 1941 quam
302 1850 364 1917 Cn.
382 1847 547 1940 Pompeii,
564 1845 670 1915 factus
688 1869 807 1930 esscm,
826 1860 859 1913 et
877 1847 964 1915 hanc
982 1847 1112 1916 virtutis
1132 1871 1214 1916 con·

183 1968 337 2035 stantium
356 1967 390 2033 in
408 1979 466 2034 tua
484 1966 642 2053 victoria,
662 1990 728 2034 non
748 1967 781 2034 in
802 1963 890 2034 illius
909 1963 1113 2053 calamitate,
1132 1993 1216 2060 prae·

184 2099 304 2154 starem
320 2109 328 2152 ι
343 2085 437 2177 cujus
456 2084 593 2152 funesta
608 2082 719 2154 laudes
736 2086 858 2178 quippe
878 2085 920 2154 ad
941 2086 1026 2154 hanc
1045 2085 1212 2155 fortunam

183 2202 391 2289 reciderunt,
421 2217 459 2272 ut
490 2205 576 2272 cives
604 2205 753 2293 romani,
781 2204 965 2298 indigentes
990 2205 1153 2298 presidii,
1182 2221 1214 2274 et

184 2337 319 2417 propter
336 2323 448 2417 patriae
466 2321 648 2393 luctuosam
675 2323 854 2417 perniciem
885 2323 1044 2393 dedamur
1071 2325 1213 2394 hostium

183 2467 347 2511 numero:
365 2443 422 2536 qui
443 2467 549 2536 neque
564 2445 598 2512 in
618 2441 705 2512 illius
722 2467 880 2535 prospera
896 2446 966 2512 acie
983 2445 1123 2537 primam
1145 2446 1213 2514 for·

183 2577 319 2650 tunam,
336 2588 442 2656 neque
469 2565 503 2630 in
531 2562 666 2631 adversa
688 2559 864 2629 secundam
884 2562 1086 2630 obtinuimus
1111 2564 1215 2632 victo·

183 2683 265 2749 riam
279 2707 287 2747 ε
303 2683 359 2774 qui
380 2679 546 2774 legionum
565 2693 614 2747 tot
630 2681 771 2772 impetus
786 2694 1025 2768 sustentantes,
1042 2685 1214 2753 nocturnis

187 2797 380 2890 diurnisque
398 2799 554 2890 operibus
570 2796 757 2890 gladiorum
775 2799 858 2867 ictus
874 2796 1082 2891 telorumque
1098 2801 1217 2870 missus

184 2929 426 3009 exspectantes,
447 2917 541 3006 victi,
567 2929 600 2986 et
625 2917 743 2986 deserti
766 2943 785 2987 a
814 2919 988 3012 Pompeio,
1015 2931 1069 3011 tua
1092 2919 1215 2990 virtute

184 3037 341 3129 superati,
361 3035 498 3106 salutem
514 3061 533 3105 a
553 3050 607 3106 tua
624 3037 797 3107 clementia
813 3035 1038 3132 deposcimus,
1055 3041 1215 3133 petimus·

185 3178 259 3247 que.
276 3183 373 3219 s--a
393 3159 434 3224 Et
448 3153 576 3248 qualem
587 3207 596 3243 ,
607 3157 670 3242 ait,
684 3157 836 3250 gentibus
846 3183 898 3227 me
909 3159 1060 3252 praestiti,
1073 3157 1213 3229 similem

183 3275 217 3341 in
233 3273 355 3342 civium
372 3272 538 3344 deditione
557 3299 610 3342 me
628 3276 798 3368 praestabo.
818 3305 836 3342 s
857 3319 862 3336 ·

229 3395 355 3462 xvttt.
376 3395 529 3463 Remissis
549 3392 681 3488 legatis,
699 3419 802 3488 quum
820 3395 861 3466 ad
877 3413 1007 3491 portam
1033 3399 1213 3484 venissent,

182 3512 254 3580 Tib.
270 3511 418 3600 Tullius,
446 3538 549 3608 quum
576 3515 796 3585 introeuntem
824 3519 861 3586 C.
879 3518 1059 3588 Antonium
1082 3532 1213 3588 secutus

183 3653 249 3699 non
259 3635 507 3718 esset‚rcvertit
525 3633 566 3704 ad
587 3650 737 3728 portam,
756 3651 788 3705 ct
805 3636 969 3706 hominem
984 3636 1211 3731 apprehendit.

182 3748 282 3836 Quod
293 3751 443 3820 Tiberius
462 3777 564 3846 quum
582 3755 653 3823 fieri
672 3753 924 3841 animadvertit,
943 3757 1016 3825 sinu
1034 3757 1211 3850 pugionem

182 3867 315 3954 eduxit,
331 3885 363 3940 ct
382 3895 516 3942 manum
536 3875 606 3967 ejus
625 3875 748 3945 incidit.
770 3879 819 3945 Ita
835 3874 1029 3970 refugerunt
1047 3875 1090 3944 ad
1108 3879 1213 3946 Caesa·

182 4007 251 4052 rem
263 4011 271 4054 :
286 3989 466 4083 eodemque
475 4006 622 4086 tempore
636 3993 771 4086 signifer
785 3993 827 4063 de
844 3993 972 4088 legione
985 3995 1093 4088 prima
1111 4009 1214 4064 trans·
