3086 4766
370 419 389 433 ··
474 404 528 458 DE
545 401 666 456 BELLO
686 400 854 458 eunuco·
869 401 937 456 un.
955 402 989 454 V.
1207 421 1259 458 ror

223 543 296 599 tatu
312 523 420 611 valet,
440 549 642 618 magnasque
656 524 758 592 habet
775 525 885 618 copias
904 523 1070 618 peditum,
1088 526 1261 596 Rhenum·

223 669 304 740 que,
315 657 355 713 ut
367 667 468 737 supra
478 642 793 728 demonstravimus,
807 645 922 738 tangit.
938 647 979 714 In
994 668 1032 713 ea
1046 645 1183 714 civitate
1193 644 1260 714 duo
1333 681 1335 686 ·

224 763 265 832 de
290 763 479 856 principatu
505 763 593 832 inter
616 788 657 850 se¹
671 762 936 851 contendebant,
961 763 1212 833 Indutiomarus
1228 781 1263 832 et

224 881 418 976 Cingetorix
435 905 442 948 :
460 905 500 949 ex
517 881 638 974 quibus
655 881 754 970 alter,
772 880 985 976 simulatque
1003 882 1045 952 de
1058 885 1196 954 Caesaris
1214 880 1263 952 le·

225 999 425 1094 gionumque
455 999 600 1071 adventu
628 1003 798 1097 cognitum
830 1016 893 1088 est,
922 1001 1065 1072 adeum
1091 1003 1201 1088 venit3
1228 1028 1264 1071 se

226 1144 366 1218 suosque
385 1145 498 1190 omnes
519 1123 553 1189 in
570 1121 680 1191 officio
698 1122 840 1208 futuros,
855 1146 963 1215 neque
983 1123 1024 1190 ab
1037 1123 1186 1191 amicitia
1204 1146 1263 1215 po·

224 1240 292 1336 puli
311 1242 441 1311 romani
458 1239 643 1310 defecturos
663 1241 889 1328 confirmavit,
909 1264 1049 1333 quaeque
1066 1243 1100 1309 in
1117 1242 1264 1310 Treviris

225 1375 429 1455 gererentur,
440 1359 593 1430 ostendit.
612 1364 655 1430 At
673 1359 922 1428 indutiomarus
936 1360 1120 1452 equitatum
1134 1358 1263 1453 pedita-

225 1495 363 1574 tumque
378 1504 510 1574 cogere,
524 1479 646 1571 iisque,
660 1479 717 1570 qui
732 1503 792 1573 per
805 1492 934 1548 aetatem
947 1479 981 1546 in
997 1479 1097 1547 annis
1111 1503 1262 1548 essenon

225 1612 392 1693 poterant,
409 1600 444 1668 in
458 1597 574 1667 silvam
588 1597 802 1667 Arduennam
819 1597 956 1685 abditis,
970 1623 1043 1691 quae
1058 1599 1185 1690 ingenti
1196 1623 1264 1665 ma·
1300 1593 1305 1604 ’

225 1717 399 1813 gnitudine
418 1743 476 1810 per
494 1716 620 1788 medios
634 1717 715 1794 fines
729 1717 944 1790 Trevirorum
959 1742 977 1785 a
991 1716 1128 1786 flumine
1143 1718 1263 1809 Rheno

224 1836 266 1905 ad
291 1839 424 1906 initium
443 1841 625 1906 Remorum
648 1838 807 1931 pertinet,
827 1833 951 1904 bellum
973 1861 1091 1929 parare
1107 1837 1261 1905 instituit.

225 1955 290 2028 Sed
307 1970 521 2050 posteaquam
538 1953 692 2023 nonnulli
709 1955 874 2048 principes
890 1979 929 2022 ex
945 1978 984 2022 ea
998 1954 1152 2042 civitate,
1166 1967 1199 2023 et
1216 1954 1263 2022 fa·

227 2072 415 2156 titiliaritatc
433 2065 654 2168 Cingetorigis
669 2073 818 2161 adducti,
836 2073 1029 2142 et-adventu
1044 2075 1152 2142 nostri
1169 2097 1261 2142 exer·

225 2201 309 2278 ritus
328 2197 513 2292 perterriti,
533 2193 575 2262 ad
589 2197 753 2262 Caesarem
768 2207 945 2279 venerunt,
959 2209 994 2262 et
1011 2195 1052 2263 de
1068 2195 1134 2264 suis
1151 2195 1260 2286 priva·
1288 2278 1293 2293 .

157 2361 162 2372 ·
228 2319 284 2386 tim
302 2317 401 2386 rebus
419 2315 512 2384 abeo
530 2328 642 2408 petere
662 2326 847 2406 coeperunt,
863 2315 1020 2406 quoniam
1036 2314 1162 2386 civitati
1180 2337 1260 2382 oen·

225 2434 332 2505 sulere
346 2461 414 2503 non
428 2447 576 2527 possent,
590 2432 854 2516 Indutiomarus,
863 2433 989 2500 veritus
1003 2457 1044 2500 ne
1054 2431 1097 2508 ad
1105 2433 1260 2502 omnibus

225 2552 448 2641 desereretur,
465 2552 590 2648 legatos
605 2550 648 2620 ad
664 2555 825 2621 Caesarern
842 2551 946 2621 mittit
963 2579 971 2620 t
991 2577 1060 2621 sese
1079 2553 1202 2621 idcirco
1218 2553 1259 2620 ab

223 2674 291 2740 suis
309 2671 476 2750 discedere
490 2685 588 2764 atque
603 2672 644 2740 ad
659 2697 734 2740 eum
745 2673 858 2740 venire
875 2670 1035 2760 noluisse,
1050 2697 1118 2766 quo
1131 2671 1260 2740 facilius

225 2789 395 2858 civitatem
411 2789 446 2856 in
461 2789 570 2858 officio
587 2791 786 2876 contineret,
809 2814 850 2858 ne
870 2791 979 2858 omnis
994 2789 1178 2860 nobilitatis
1193 2789 1260 2859 dis·

222 2933 316 2978 cessu
330 2907 422 3002 plebs
438 2923 575 3002 propter
592 2909 848 3002 imprudentiam
866 2907 1042 2978 laberetur.
1059 2912 1176 3002 ltaque
1189 2935 1259 2980 esse

223 3029 392 3097 civitatem
408 3029 443 3096 in
461 3053 520 3097 sua
538 3041 714 3122 potestate,
731 3053 846 3122 seque,
867 3031 894 3096 si
910 3031 1021 3098 Caesar
1036 3031 1255 3122 permitteret,

224 3149 354 3216 adeum
369 3151 403 3216 in
421 3163 528 3218 cestra
544 3164 739 3235 venturum,
757 3163 790 3216 et
801 3172 877 3218 suas
891 3149 1097 3241 civitatisque
1110 3150 1256 3220 fortunas

223 3269 293 3361 ejus
313 3267 389 3336 fidei
409 3270 657 3362 permissurum.

271 3391 329 3458 IV.
355 3391 481 3470 Caesar,
504 3391 565 3456 etsi
594 3387 899 3482 intelligebat,qua
922 3388 963 3457 de
985 3413 1085 3460 causa
1106 3414 1144 3457 ea
1170 3392 1257 3460 dice-

223 3521 355 3594 rentur,
370 3531 509 3600 queque
523 3531 599 3576 eum
613 3532 665 3576 res
681 3508 729 3576 ab,
740 3508 893 3577 instituto
908 3508 1045 3578 consilio
1060 3507 1255 3595 deterreret,

222 3642 353 3709 muron,
382 3650 424 3694 ne
451 3639 595 3694 testatem
618 3627 654 3694 in
677 3627 821 3696 Treviris
849 3651 1043 3696 consumere
1066 3643 1256 3720 cogeretur,

222 3747 376 3814 omnibus
396 3743 438 3812 ed
458 3745 687 3814 Britannicum
706 3743 830 3814 bellurn
851 3746 949 3814 rebus
971 3746 1258 3838 comparatis,1n-

222 3863 447 3934 dutiomarum
473 3864 516 3933 ad
536 3889 571 3933 se
586 3889 663 3934 cum
689 3889 731 3936 cc
753 3865 920 3934 obsidibus
939 3866 1052 3934 venire
1073 3865 1178 3958 jussit.
1199 3866 1257 3933 llis

222 3984 386 4072 adductis,
407 3985 441 4054 in
463 3985 503 4053 iis
524 3983 595 4053 filio
616 3987 876 4079 propinquisque
893 3984 963 4078 ejus
986 3985 1155 4073 omnibus,
1175 4008 1258 4079 quos
