3068 4772
521 383 571 440 ue
593 383 712 440 amno
732 385 848 440 crum
870 386 939 440 nm
960 387 1011 442 rn.
1208 353 1278 462 ἠ,
1312 431 1316 442 .

250 520 297 576 tes
307 507 526 600 Pompeianos
539 521 678 602 egerunt
691 523 724 578 et
738 523 830 604 terga
845 523 971 578 vertere
986 525 1163 602 coegerunt
1181 538 1189 580 τ
1205 517 1276 606 qui·

249 626 311 694 bus
332 625 373 693 ad
393 624 621 720 recipiendum
638 641 743 696 crates
763 627 913 714 directae,
932 626 1140 722 longuriique
1158 631 1277 724 objecti

249 760 284 814 et
308 746 467 816 institutae
486 745 578 814 fossae
602 771 721 841 magno
740 747 974 840 impedimento
994 747 1138 816 fuerunt.
1163 752 1278 820 Nostri

248 889 344 951 vero,
358 866 416 956 qui
429 865 507 933 satis
520 865 686 935 habebant
699 868 769 935 sinc
782 865 981 937 detrimento
996 865 1175 956 discedere,
1187 895 1277 943 com·

248 983 400 1078 pluribus
423 983 623 1068 interfectis,
648 987 793 1079 quinque
816 987 952 1054 omnino
972 1011 1108 1056 suorum
1129 989 1276 1074 amissis,

177 1094 191 1112 ⁰
248 1104 448 1195 quietissime
456 1128 490 1171 se
499 1118 711 1197 receperunt,
727 1104 891 1198 pauloque
903 1107 983 1174 citra
996 1129 1071 1174 eum
1083 1105 1192 1176 locum
1204 1132 1276 1177 mo·

247 1223 329 1307 rati,
346 1221 418 1291 aliis
428 1223 670 1316 comprehensis
680 1222 818 1293 collibus
828 1275 837 1308 ,
848 1225 1046 1294 munitiones
1055 1225 1274 1319 perfecerunt.

294 1343 432 1412 XLVII.
452 1345 534 1410 Erat
550 1368 636 1412 nova
655 1358 688 1412 et
706 1345 857 1412 inusitata
875 1342 953 1414 belii
979 1346 1080 1432 ratio,
1107 1369 1207 1437 quum
1229 1361 1278 1414 tot

246 1460 451 1532 castellorum
478 1487 635 1546 numero,
663 1477 820 1557 tantoque
844 1465 969 1558 spatio,
993 1477 1027 1536 et
1047 1467 1146 1534 tantis
1166 1467 1275 1533 muni·

248 1582 411 1670 tionibus,
429 1596 461 1651 et
480 1598 550 1650 toto
575 1582 754 1652 obsidionis
773 1605 908 1676 genere,
929 1597 999 1650 tum
1022 1585 1119 1653 etiam
1142 1582 1276 1676 reliquis

246 1701 354 1770 rebus.
382 1705 470 1774 Nam
492 1703 691 1794 quicumque
713 1700 854 1770 alterum
877 1701 1026 1770 obsidere
1051 1703 1160 1773 conati
1179 1717 1276 1789 sunt,

245 1820 413 1918 perculsos
433 1835 531 1915 atque
550 1821 697 1896 infirmos
712 1821 821 1890 hostes
837 1820 960 1908 adorti,
977 1836 1034 1903 aut
1053 1820 1168 1915 proelio
1186 1846 1277 1915 supe·

244 1954 353 2028 ratos,
386 1955 446 2008 aut
478 1939 586 2032 aliqua
619 1939 801 2012 offensione
831 1955 997 2034 permotos
1026 1943 1276 2027 continuerunt,

245 2060 567 2152 quumipsiuumero
575 2057 717 2128 militum
734 2061 946 2154 equitumque
957 2073 1166 2153 praestarent:
1177 2083 1275 2129 causa

244 2193 355 2247 autem
375 2178 554 2248 obsidionis
580 2179 649 2256 baec
664 2179 733 2248 fere
752 2203 820 2248 esse
837 2181 1025 2263 consuevit,
1050 2194 1086 2247 ut
1110 2179 1275 2248 frumento

244 2299 354 2370 hostes
381 2299 630 2392 prohibeantur.
660 2300 770 2368 Caesar
795 2298 947 2386 inferiore
970 2297 1111 2368 militum
1138 2323 1275 2367 numero

244 2417 451 2507 continebat,
462 2444 564 2512 quum
577 2417 623 2500 illi
641 2419 790 2487 omnium
810 2442 921 2488 rerum
939 2419 1033 2511 copia
1050 2419 1275 2488 abundarent:

243 2537 390 2631 quotidie
404 2540 491 2606 euim
509 2533 647 2631 magnus
668 2536 813 2629 undique
831 2538 1141 2620 naviumnumerus
1159 2561 1276 2605 conve-

244 2657 370 2745 niebat,
389 2679 461 2748 quae
478 2668 698 2724 commeatum
716 2667 966 2746 supportarent3
980 2679 1085 2746 neque
1104 2653 1276 2724 nllusflare

243 2791 361 2844 ventus
379 2786 525 2866 poterat,
545 2772 625 2864 quin
643 2770 754 2863 aliqua
772 2796 812 2838 ex
834 2785 927 2865 parte
943 2771 1120 2840 secundum
1142 2797 1273 2841 cursum

243 2894 413 2963 habereut.
429 2896 501 2984 lpse
513 2905 642 2978 autem,
654 2891 857 2984 consumptis
874 2889 1132 2984 omnibuslonge
1146 2889 1274 2981 lateque

244 3012 433 3097 frumentis,
452 2987 587 3079 summis
595 3024 666 3078 erat
683 3011 717 3076 in
728 3010 909 3104 angustiis:
929 3009 987 3100 sed
1004 3023 1110 3078 tamen
1125 3008 1194 3075 haee
1208 3009 1274 3075 sin-

243 3130 349 3224 guiari
370 3128 525 3223 patientia
547 3127 664 3196 milites
694 3127 850 3196 ferebant.
876 3127 1146 3197 Recordabautur
1171 3126 1273 3213 enim,

244 3249 359 3318 eadem
380 3273 415 3318 se
439 3249 606 3341 superiore
622 3271 711 3316 anno
728 3249 761 3316 in
783 3248 938 3340 Hispania
958 3269 1142 3342 perpessos,
1164 3242 1275 3312 labore

243 3386 276 3438 et
293 3370 451 3462 patientia
471 3370 648 3438 maximum
668 3365 790 3435 bellum
809 3365 984 3435 confecisse
1007 3391 1015 3432 ε
1041 3365 1274 3452 meminerant,

243 3489 285 3558 ad
303 3488 445 3560 Alesiam
465 3511 617 3582 magnam
636 3511 670 3556 se
686 3487 830 3579 inopiam
847 3509 1034 3580 perpessos,
1054 3481 1158 3550 multo
1176 3484 1273 3551 etiam

245 3615 402 3702 maJorem
421 3606 463 3676 ad
481 3608 675 3693 Avaricum,
694 3606 911 3674 maximarum
929 3626 963 3670 se
974 3602 1121 3694 gentium
1133 3602 1273 3668 victores

244 3725 438 3796 discessisse.
454 3727 549 3813 Non,
570 3724 633 3793 illis
641 3724 801 3794 hordeum
816 3747 917 3817 quum
934 3719 1082 3805 daretur,
1097 3741 1163 3786 uon
1185 3715 1276 3812 legu-

246 3845 334 3913 mina
352 3845 545 3914 recusabant
564 3872 571 3913 :
590 3871 689 3939 pecus
708 3869 803 3932 vero,
822 3843 914 3934 cujus
933 3840 979 3906 rei
997 3861 1123 3906 summa
1145 3854 1214 3906 erat
1234 3863 1274 3906 en

246 3962 349 4053 Epiro
364 3965 479 4056 copia,
495 3989 614 4056 magno
632 3967 667 4032 iu
684 3964 808 4032 honore
822 3958 993 4028 habebant.
