3088 4766
527 363 578 418 Da
599 363 722 421 nabao
743 365 860 420 CIVILI
879 366 949 421 LIB.
970 368 993 421 1.
1060 404 1063 412 -
1239 385 1272 425 ar

249 488 562 573 demonstravimus,
587 487 712 556 amissis
733 487 946 575 cohortibus,
966 490 1117 582 protinus
1142 490 1276 586 exsuge

250 610 283 676 in
310 607 455 676 Africam
475 620 685 700 pervenerat,
707 619 807 702 atque
833 631 905 676 eam
926 630 985 676 sua
1004 622 1121 702 sponte
1139 632 1274 679 vacuam

250 739 486 818 occupaverat,
498 721 691 816 delectuque
705 725 834 809 habito,
852 724 934 794 duas
946 723 1090 820 legiones
1106 725 1276 815 effecerat,

250 845 422 912 hominum
438 856 471 911 et
489 841 638 912 locorum
656 845 774 912 notitia
790 857 823 912 et
841 868 903 913 usu
929 845 1001 938 ejus
1018 846 1194 939 provincias
1218 870 1278 915 na·

250 977 322 1032 ctus
340 961 447 1030 aditus
471 960 513 1030 ad
539 985 577 1030 ea
601 962 768 1046 conanda,
788 961 878 1055 quod
896 965 1008 1057 paucis
1027 978 1104 1033 ante
1122 967 1217 1034 annis
1237 991 1276 1034 err

249 1095 393 1176 pretura
410 1104 483 1149 eam
494 1081 698 1174 provinciam
713 1080 909 1150 obtinuerat.
925 1083 988 1150 Hic
1003 1084 1186 1154 venientem
1199 1085 1275 1154 Uti·

252 1223 323 1268 cam
340 1224 416 1269 cum
430 1200 568 1268 navibus
580 1199 787 1269 Tuberonem
801 1214 900 1294 portu
913 1214 1012 1293 atque
1024 1201 1146 1296 oppido
1161 1201 1275 1296 prohi-

250 1320 438 1412 bet,neque
447 1319 601 1388 allectum
613 1317 803 1400 valetudiue
815 1318 1092 1413 liliumexponere
1106 1323 1139 1390 in
1154 1335 1276 1390 terram

250 1439 374 1531 patitur
384 1463 394 1527 ;
405 1423 631 1521 sed‚·sublntis
647 1438 797 1525 ancoris,
813 1437 970 1508 excedere
986 1464 1026 1509 eo
1043 1438 1117 1509 loco
1131 1442 1229 1535 cogit.

299 1557 440 1626 XXXII.
469 1558 530 1624 His
559 1557 657 1624 rebus
685 1554 863 1641 confectis,
890 1559 1019 1644 Caesar,
1049 1574 1087 1627 ut
1116 1557 1279 1650 reliquum

251 1692 381 1769 ternpus
396 1673 539 1744 alabore
552 1676 840 1763 intermitteretur,
857 1674 976 1744 milites
990 1677 1022 1746 io
1040 1677 1190 1769 proxima
1208 1700 1281 1745 mu·

252 1797 373 1891 nicipia
389 1794 523 1863 deducit
541 1822 548 1861 :
569 1795 637 1887 ipse
654 1793 696 1861 ad
709 1795 836 1863 Urbem
845 1793 1074 1890 proficiscitur.
1090 1797 1216 1865 Coacto
1228 1819 1277 1864 se·

253 1931 351 2002 natu,
386 1913 520 2006 injurias
553 1913 762 1981 inimicorum
790 1927 1025 1982 commemorat
1046 1939 1054 1980 :
1082 1912 1195 1998 docet,
1220 1938 1280 1981 «se

252 2031 381 2101 nullum
401 2028 697 2100 extraordinarium
716 2031 875 2100 honorem
899 2033 1077 2124 appetisse,
1092 2029 1148 2099 sed
1163 2055 1279 2125 exspe-

252 2167 340 2222 ctato
354 2150 499 2247 legitimo
515 2165 661 2245 tempore
674 2148 881 2238 consulatus,
898 2149 1052 2219 coluisse
1068 2163 1280 2237 contentum,

253 2270 342 2365 quod
354 2270 507 2340 omnibus
521 2270 649 2338 civibus
661 2283 812 2364 pateret:
831 2267 932 2336 latum
951 2269 991 2337 ab
1009 2267 1121 2338 decem
1140 2267 1280 2338 tribunis

252 2389 374 2486 plebis,
385 2388 686 2460 contradicentibus
707 2389 864 2472 inimicis,
880 2390 1006 2456 Catone
1025 2411 1105 2456 vero
1122 2388 1280 2456 acerrime

254 2523 475 2604 repugnante,
501 2523 553 2595 et,
578 2509 719 2601 pristina
746 2504 1003 2594 consuetudine,
1030 2503 1160 2574 dicendi
1188 2528 1280 2573 mora

253 2629 324 2696 dies
351 2627 561 2711 extrahente,
581 2641 617 2693 ut
640 2627 691 2693 sui
717 2627 804 2693 ratio
833 2625 976 2692 absentis
1001 2623 1188 2711 haberetur,
1208 2625 1279 2714 ipso

254 2743 387 2814 consule
409 2745 567 2835 Pompeio
588 2768 595 2808 :
614 2742 671 2834 qui
690 2743 717 2809 si
736 2741 969 2834 improbasset,
989 2765 1048 2810 cur
1068 2739 1146 2808 ferri
1167 2763 1280 2833 passus

253 2862 360 2932 esset?
379 2864 429 2931 sin
448 2860 636 2954 probasset,
656 2883 716 2928 cur
733 2881 768 2926 se
784 2860 832 2926 uti
853 2839 967 2952 populi
987 2859 1148 2927 beneficio
1166 2857 1280 2953 prohi-

254 2981 396 3052 buisset?
405 2981 598 3048 Patientiam
610 2979 768 3073 proponit
781 3001 891 3065 suam,
904 3001 1009 3070 quum
1029 2976 1070 3045 de
1085 2975 1280 3045 exercitibus

255 3096 457 3165 dimittendis
476 3095 564 3166 ultro
583 3096 811 3192 postulavisset
833 3123 841 3163 ε
861 3097 895 3164 in
911 3121 979 3190 quo
994 3099 1155 3190 jacturam
1171 3093 1279 3190 digni-

254 3217 330 3286 tatis
351 3229 448 3308 atque
465 3217 599 3288 honoris
619 3216 688 3309 ipse
704 3214 849 3284 facturus
866 3231 960 3285 esset.
980 3217 1199 3286 Acerbitatetn
1218 3214 1279 3282 ini·

253 3335 415 3404 micorum
431 3332 545 3419 docet,
569 3333 643 3426 qui,
663 3332 752 3426 quod
770 3332 810 3402 ab
829 3332 934 3404 altero
950 3333 1172 3428 postularent,
1193 3336 1226 3402 in
1244 3355 1278 3400 se

252 3467 462 3540 recusarent,
475 3467 575 3545 atque
598 3454 708 3520 omnia
724 3453 912 3545 permisceri
927 3451 1081 3539 mallent,
1098 3477 1198 3547 quam
1217 3453 1279 3518 im·

249 3547 380 3666 perium
409 3573 635 3664 exercitusque
662 3569 836 3640 dimittere.
859 3572 1018 3664 Injuriam
1037 3575 1071 3638 in
1102 3566 1280 3663 eripiendis

253 3688 436 3784 legionibus
455 3689 630 3784 praedicat:
648 3687 872 3760 crudelitatem
890 3704 923 3758 et
942 3686 1147 3757 insolentiam
1166 3686 1200 3752 in
1220 3685 1283 3752 cir-

253 3809 509 3879 cumscribendis
523 3810 663 3878 tribunis
685 3807 807 3903 plebis,
822 3807 1025 3878 conditiones
1041 3829 1059 3874 a
1081 3830 1114 3874 se
1133 3802 1231 3887 latas,
1247 3817 1279 3868 et

253 3929 394 4018 expetita
408 3924 570 4020 colloquia
583 3942 615 3996 et
628 3927 803 4021 denegata,
819 3939 1063 3998 commemorat.
1079 3926 1145 3992 Pro
1158 3919 1280 4015 quibus
