3042 4772
301 385 358 442 arb
474 387 504 442 C.
525 387 622 441 JULII
643 385 809 442 CAESABIS
831 387 1029 442 CObssOENT.
1050 387 1159 444 letttt

299 513 386 582 enim
400 513 585 605 equitatum
598 511 708 605 Scipio
721 537 761 579 ex
774 511 943 605 provincia
956 512 1067 582 africa
1080 510 1225 606 alebat),
1243 526 1337 584 tanta
1363 487 1372 495 ⁸

299 633 450 700 homines
469 656 541 702 esse
561 630 745 718 dementia,
762 645 799 700 ut
815 629 932 702 malint
948 632 1035 726 regis
1053 656 1123 701 esse
1141 631 1334 727 vectigales,

298 775 398 843 quam
419 775 495 820 cum
516 752 645 820 civibus
663 752 696 820 iu
717 754 842 845 patria,
861 753 895 820 in
913 753 980 820 suis
999 751 1139 822 loannis
1156 776 1227 822 csse
1243 753 1334 822 inco·

298 871 414 941 lumes.

345 965 403 1059 lX.
421 993 530 1062 Caesar
547 1016 576 1060 a.
598 990 630 1059 d.
650 1015 690 1060 ιιι
708 963 785 1060 ubo.
802 993 870 1084 jan.
886 1007 992 1063 castra
1018 1008 1145 1078 movet;
1170 994 1333 1087 Leptique

297 1135 353 1179 sex
378 1111 566 1180 cohortium
584 1109 735 1203 presidio
753 1135 830 1180 cum
848 1113 988 1180 Saserna
1011 1111 1146 1199 relicto,
1170 1113 1240 1205 ipse
1261 1139 1332 1182 run-

297 1255 369 1316 sus,
387 1229 476 1300 unde
494 1229 600 1323 pridie
617 1245 763 1318 venerat,
782 1232 960 1325 Ruspinam
979 1253 1055 1301 cum
1075 1230 1208 1326 reliquis
1227 1235 1330 1327 copiis

297 1351 476 1438 convertit,
494 1350 604 1442 ibique
619 1352 755 1420 sarcinis
770 1352 932 1420 exercitus
948 1349 1088 1442 relictis,
1105 1352 1176 1446 ipse
1186 1377 1262 1422 cum
1275 1377 1329 1422 cx·

297 1467 409 1562 pedita
435 1493 536 1538 manu
565 1469 783 1563 proficiscitur
806 1471 930 1539 circum
956 1467 1050 1540 villas
1076 1471 1328 1558 frumentatum,

297 1588 537 1685 oppidanisque
565 1590 721 1683 imperat,
748 1605 786 1660 ut
807 1588 954 1685 plaustra
976 1590 1192 1684 jumentaque
1217 1593 1328 1660 omnia

296 1725 487 1804 sequantur.
517 1713 633 1803 Itaque
662 1733 783 1803 magno
812 1709 968 1778 frumenti
997 1711 1132 1780 invento
1166 1735 1327 1796 numero,

295 1831 480 1924 Ruspinam
504 1828 599 1899 redit
627 1833 698 1898 Hoc
716 1853 793 1898 eum
816 1827 940 1898 idcirco
964 1829 1115 1898 existimo
1138 1828 1265 1918 fecisse,
1289 1844 1328 1898 ut

295 1948 458 2017 maritima
474 1947 595 2044 oppida
613 1963 687 2043 post
703 1973 739 2018 se
754 1973 795 2016 ne
810 1973 913 2017 vacua
929 1947 1149 2043 relinqueret,
1163 1949 1328 2045 prasidio·

295 2091 359 2160 que
377 2066 507 2136 firmata
523 2067 565 2137 ad
581 2065 692 2138 classis
708 2066 912 2161 receptacula
930 2071 1085 2138 muniret.

94 2233 97 2240 -
218 2257 227 2276 ¹
341 2189 384 2254 X.
406 2190 541 2282 Itaque,
562 2187 607 2254 ibi
626 2185 741 2256 relicto
763 2189 800 2256 P.
827 2189 968 2258 Saserna
987 2187 1089 2257 lratre
1113 2189 1200 2281 ojus,
1227 2213 1327 2282 quem

296 2307 392 2399 Lepti
409 2307 561 2400 proximo
588 2305 710 2401 oppido
740 2305 934 2401 reliquerat,
957 2331 1031 2376 cum
1059 2306 1209 2402 legione,
1233 2309 1329 2402 jubet

293 2426 492 2519 comportari
511 2424 600 2521 lign'a
617 2427 651 2494 in
671 2425 830 2521 oppidum
849 2425 1110 2521 quamplurima
1131 2452 1139 2494 ε
1161 2429 1231 2522 ipse
1246 2453 1324 2498 curn

292 2547 484 2615 cohortibus
510 2571 577 2634 vu,
601 2571 674 2639 quae
698 2570 739 2641 ex
765 2547 928 2616 veteranis
947 2544 1132 2641 legionibus
1159 2548 1193 2616 in
1224 2545 1327 2618 classe

292 2691 369 2736 cum
388 2663 535 2759 Sulpicio
553 2679 587 2735 et
599 2665 820 2748 Vatiniorem
840 2681 1025 2760 gesserant,
1041 2690 1083 2736 ex
1101 2666 1225 2761 oppido
1241 2672 1327 2737 Rus·

292 2787 369 2881 pina
385 2809 551 2880 egressus,
568 2784 787 2879 proficiscitur
803 2785 844 2854 asl
860 2801 993 2880 portum
1008 2838 1017 2870 ,
1033 2788 1091 2880 qui
1107 2787 1199 2857 abest
1214 2787 1255 2858 ab
1271 2811 1329 2881 op·

292 2906 371 3000 pido
389 2905 490 2976 millia
508 2930 662 3001 passuum
681 2905 769 2993 duo;
788 2907 900 3000 ibique
919 2905 1054 2976 classem
1073 2907 1135 2976 sub
1155 2932 1326 3002 vesperum

291 3051 366 3095 cum
385 3050 424 3094 ea
451 3028 547 3119 copia
566 3026 777 3110 conscendit,
795 3027 950 3096 omnibus
978 3029 1012 3096 in
1030 3029 1174 3096 exercitu
1194 3027 1327 3112 insciis,

291 3161 324 3214 et
334 3146 576 3238 requirentibus
590 3147 796 3239 imperatoris
808 3145 999 3233 consilium,
1011 3149 1089 3241 quia
1102 3171 1222 3242 magno
1236 3162 1328 3218 metu
1373 3191 1379 3202 ·

292 3265 537 3333 actristimonia
546 3263 821 3336 sollicitabantur,
832 3268 1118 3336 Parraenimcum
1127 3267 1278 3360 oopia‚et
1287 3291 1326 3336 ea

290 3386 455 3472 tironum,
472 3407 579 3478 neque
596 3386 687 3454 omni
704 3387 871 3480 exposita,
885 3387 920 3454 in
936 3385 1046 3458 Africa
1060 3400 1174 3456 contra
1188 3407 1323 3477 magnas

291 3505 418 3599 copias,
436 3517 469 3573 et
485 3504 647 3576 insidiosae
664 3507 822 3590 nationis,
838 3505 1087 3598 equitatumque
1102 3504 1325 3572 innumerabi-

291 3624 377 3709 lem,
398 3650 433 3695 se
451 3626 614 3720 expositos
635 3626 811 3710 videbant3
833 3648 939 3717 neque
958 3622 1138 3716 quidquam
1157 3621 1264 3692 solatii
1288 3625 1322 3693 in

291 3747 479 3838 praesentia,
500 3769 606 3840 neque
625 3745 780 3817 auxilium
802 3746 834 3813 in
855 3766 991 3811 suorum
1014 3741 1151 3812 consilio
1171 3744 1322 3814 animad-

292 3865 479 3952 vertebant,
507 3867 567 3934 nisi
589 3869 620 3934 in
645 3865 745 3958 ipsius
764 3865 969 3958 imperatoris
987 3860 1097 3951 vultu,
1117 3865 1243 3960 vigore,
1265 3865 1326 3934 mi·

291 3985 452 4080 rabilique
480 3985 672 4056 hilaritate:
697 3985 844 4054 animum
868 3985 956 4054 enim
988 3982 1090 4054 altum
1119 4000 1151 4054 et
1180 3999 1323 4054 erectum
