3086 4766
254 404 309 442 102
409 387 440 441 C.
463 381 746 441 JUL11cAEsaals
768 375 1142 438 COMMENTARIORUM

252 510 451 579 nominatim
472 521 689 592 evocaverat,
712 504 902 575 consolatus
925 500 1195 570 Indutiomarum
1219 500 1300 566 bor·

253 646 408 722 tatusque
422 644 471 699 est
482 681 492 717 ,
504 631 554 698 uti
574 629 609 698 in
623 626 734 696 officio
752 635 983 720 permaneret3
1000 617 1107 688 nihilo
1124 633 1235 688 tamen
1254 645 1303 686 se·

252 753 338 838 cius,
354 747 562 845 principibus
576 750 793 820 Trevirorum
808 745 850 815 ad
868 769 902 814 se
914 743 1122 831 convocatis,
1135 741 1197 809 hos
1213 741 1303 835 sigil-

253 870 348 940 latim
365 870 573 967 Cingetorigi
589 866 781 939 conciliavit
799 891 806 934 ε
826 864 917 959 quod
935 887 1040 956 quum
1057 859 1178 930 merito
1194 861 1265 954 ejus
1284 884 1303 928 a

254 1016 289 1059 se
308 989 381 1060 lieri
404 987 613 1084 intelligebat
652 1001 723 1056 tum
747 986 860 1081 magni
883 985 1040 1052 interesse
1065 979 1303 1067 arbitrabatur,

254 1111 325 1204 ejus
352 1111 587 1179 auctoritatem
615 1108 702 1176 inter
730 1131 807 1175 suos
833 1128 933 1198 quam
962 1099 1147 1196 plurimum
1179 1098 1303 1186 valere,

259 1231 354 1322 cujus
377 1243 447 1297 tam
469 1230 637 1324 egregiam
660 1229 695 1297 in
719 1252 754 1296 se
776 1222 985 1294 voluntatem
1010 1221 1242 1316 perspexisset.
1262 1218 1302 1287 Id
1346 1209 1353 1220 ’

259 1348 385 1416 factum
403 1350 548 1444 graviter
567 1346 646 1416 tulit
663 1345 930 1429 Indutiomarus,
948 1365 1042 1410 suam
1060 1341 1201 1434 gratiam
1218 1341 1306 1407 inter

258 1491 334 1536 suos
348 1469 473 1554 minui;
491 1483 541 1551 et,
560 1467 618 1559 qui
635 1468 704 1560 jam
723 1479 799 1533 ante
817 1463 953 1531 inimico
970 1463 1005 1529 in
1022 1483 1083 1529 nos
1101 1462 1213 1528 animo
1228 1459 1306 1528 fuis·

259 1601 323 1672 set,
341 1586 447 1656 multo
467 1587 600 1681 gravius
619 1586 685 1653 hoc
701 1582 816 1653 dolore
835 1583 967 1652 exarsit.

307 1707 349 1775 V.
376 1707 436 1776 His
458 1705 559 1775 rebus
587 1705 793 1790 constitutis,
820 1707 931 1773 Caesar
963 1701 1006 1770 ad
1040 1716 1177 1795 portum
1202 1702 1304 1770 Itium

260 1851 337 1896 cum
355 1825 544 1921 legionibus
563 1825 726 1919 pervenit.
744 1823 796 1892 lbi
815 1823 1004 1918 cognoscit,
1024 1845 1067 1890 an
1088 1846 1205 1906 naves,
1232 1845 1306 1915 qum

263 1948 297 2014 in
313 1943 420 2039 Belgis
433 1944 528 2013 facte
541 1957 652 2029 erant,
668 1957 863 2037 tempestate
877 1944 1032 2036 rejectas,
1046 1966 1181 2010 cursum
1192 1957 1306 2012 tenere

264 2087 331 2132 non
347 2063 507 2156 potuisse,
524 2076 623 2156 atque
639 2062 770 2148 eodem,
787 2060 877 2130 unde
892 2077 987 2129 erant
1001 2061 1175 2153 profectae,
1192 2085 1304 2129 rever·

264 2182 369 2249 tisse:
392 2178 534 2274 reliquas
556 2195 686 2274 paratas
706 2179 748 2250 ad
770 2179 1010 2275 navigandum,
1030 2193 1130 2272 atque
1151 2179 1306 2248 omnibus

265 2299 363 2368 rebus
381 2300 560 2367 instructas
579 2301 717 2367 invenit.
735 2299 861 2368 Eodem
884 2300 987 2368 totius
998 2295 1122 2368 Galliae
1137 2299 1305 2391 equitatus

264 2419 438 2504 convenit,
455 2441 596 2487 numero
615 2415 756 2486 millium
775 2441 822 2504 rr,
842 2419 1076 2513 principesque
1092 2416 1248 2485 omnibus
1265 2443 1305 2487 ex

265 2537 455 2605 civitatibus
473 2561 480 2604 :
497 2561 538 2605 ex
561 2538 681 2630 quibus
704 2562 906 2632 perpaucos,
926 2560 1072 2629 quorum
1092 2537 1126 2604 in
1147 2561 1182 2605 se
1205 2537 1306 2606 fidem

267 2671 497 2752 perspexerat,
511 2653 698 2750 relinquere
712 2659 747 2725 in
760 2654 889 2742 Gallia,
906 2653 1051 2750 reliquos
1064 2657 1219 2727 obsidum
1236 2657 1309 2728 loco

267 2801 379 2847 secum
393 2775 514 2845 ducere
530 2775 721 2846 decreverat
731 2829 740 2866 ,
750 2775 856 2870 quod,
873 2800 976 2868 quum
994 2777 1064 2870 ipse
1077 2779 1225 2867 abesset,
1242 2805 1310 2848 mo·

270 2910 341 2964 tum
356 2893 475 2964 Gallia
490 2895 677 2965 verebatur.
737 2987 739 2992 ι

316 3015 375 3082 VI.
402 3017 482 3082 Erat
501 3039 567 3083 una
585 3039 660 3082 cum
682 3015 799 3082 ceteris
818 3017 1008 3084 Dumnorix
1027 3015 1159 3104 aeduus,
1179 3017 1220 3087 de
1240 3045 1307 3112 quo

272 3157 290 3201 a
307 3131 403 3200 nobis
420 3147 517 3203 antea
533 3133 665 3202 dictum
684 3147 742 3202 est.
759 3137 856 3202 Hunc
873 3157 985 3203 secum
1001 3134 1124 3204 babere
1141 3139 1174 3204 in
1191 3141 1308 3230 primis

271 3252 508 3330 constituerat,
531 3250 622 3346 quod
642 3277 718 3320 eum
735 3251 893 3345 cupidum
913 3277 1025 3320 rerum
1047 3279 1230 3342 novarum,
1249 3281 1309 3324 cu·

273 3369 388 3462 pidum
406 3369 552 3462 imperii,
575 3371 687 3463 magni
706 3371 823 3457 animi,
843 3393 971 3466 magnae
989 3373 1077 3440 inter
1095 3370 1211 3442 Gallos
1230 3398 1310 3442 auc·

274 3487 415 3556 toritatis
429 3501 638 3580 cognoverat.
650 3487 838 3558 Accedebat
850 3488 931 3577 buc,
941 3490 1033 3583 quod
1042 3493 1112 3585 jam
1124 3494 1158 3560 in
1170 3491 1310 3563 concilio

276 3605 457 3674 AEduorum
477 3605 663 3674 Dumnorix
680 3605 809 3676 dixerat
830 3607 892 3674 sibi
915 3633 932 3676 a
951 3613 1079 3680 Caesare
1098 3637 1238 3706 regnum
1262 3615 1310 3680 ci-

275 3727 385 3794 vitatis
411 3723 533 3794 deferri
561 3722 675 3815 :quod
700 3725 824 3798 dictum
847 3727 944 3796 AEdui
971 3731 1116 3825 graviter
1143 3732 1309 3823 ferebant,

278 3867 384 3937 neque
402 3839 574 3913 recusandi
590 3859 649 3912 aut
671 3841 870 3938 deprecandi
889 3873 987 3918 causa
1010 3849 1133 3945 legatos
1150 3853 1191 3922 ad
1208 3858 1311 3924 Caesa-

277 3985 346 4030 rem
367 3962 496 4028 mittere
513 3961 686 4034 audebant.
703 3963 742 4031 ld
758 3964 882 4035 factum
899 3993 937 4036 ex
955 3971 1022 4038 suis
1039 3970 1224 4066 hospitibus
1242 3979 1311 4043 Gn·
