3038 4766
269 369 303 422 72
416 351 445 405 c
466 349 563 405 Junn
583 347 750 404 castrus
772 341 1138 402 commnrnmonuu

267 492 301 546 et
318 475 467 546 simultas
486 499 562 544 curn
583 474 730 543 Curione
758 470 1000 557 intercedebat3
1030 471 1120 565 quod
1144 473 1296 544 tribunus

267 599 370 692 plebis
389 599 493 694 legem
513 594 792 692 promulgaverat,
809 619 874 689 qua
886 593 957 689 lege
971 619 1110 689 regnum
1127 597 1220 666 luber
1234 623 1296 692 pu·

265 717 453 787 blicarerat.
468 719 684 786 Concurrunt
698 716 824 808 equites
841 717 928 782 inter
946 738 996 800 se;
1014 739 1120 807 neque
1135 739 1213 784 vero
1230 718 1296 810 pri·

266 863 358 906 mum
368 841 528 932 impeturn
541 849 729 904 nostrorum
745 833 898 904 Numidae
911 831 997 902 serre
1013 847 1213 926 potuerunt;
1223 835 1293 923 sed,

266 957 444 1025 interfectis
462 956 592 1024 circiter
609 977 691 1041 cxx,
712 951 831 1045 reliqui
848 977 882 1021 se
900 953 933 1019 in
953 966 1058 1022 castra
1076 953 1118 1021 ad
1134 953 1292 1050 oppidum

267 1090 473 1169 receperunt.
493 1074 649 1159 Interim,
669 1071 814 1142 adventu
832 1071 1007 1166 longarum
1025 1074 1176 1160 navium,
1193 1076 1294 1144 Curio

267 1195 483 1287 pronuntiare
509 1194 667 1262 onerariis
692 1192 830 1266 naribus
855 1192 966 1284 jubet,
992 1215 1066 1284 quae
1093 1192 1226 1260 stabant
1254 1193 1294 1260 ad

266 1315 398 1380 Uticam
422 1337 559 1380 numero
579 1313 711 1380 circiter
727 1334 781 1397 co,
799 1339 815 1373 o
831 1333 865 1378 se
890 1311 924 1376 in
942 1309 1086 1377 hostium
1103 1309 1293 1378 habiturum

267 1431 357 1513 loco,
380 1433 523 1523 quinon
544 1455 562 1498 e
586 1433 722 1524 vestigio
750 1429 791 1498 ad
813 1443 920 1497 castra
935 1428 1132 1500 Corneliana
1156 1428 1226 1499 vela
1249 1429 1295 1498 di·

267 1553 411 1618 rexisset.
433 1579 449 1614 a
467 1551 543 1638 Qua
568 1552 834 1644 pronuntiatione
852 1548 960 1630 lacta,
978 1549 1134 1641 temporis
1151 1561 1293 1641 puncto,

268 1667 403 1737 sublatis
414 1669 587 1758 anchoris,
603 1693 717 1738 omnes
727 1670 861 1737 Uticam
878 1666 1144 1759 relinquunt,et,
1154 1692 1220 1761 quo
1235 1669 1294 1737 irn-

268 1802 416 1879 peratum
439 1803 503 1875 est,
522 1803 704 1857 transeunt.
724 1791 809 1876 Quae
830 1811 881 1856 res
896 1787 1044 1856 omnium
1068 1811 1177 1855 rerum
1200 1789 1294 1881 copia

267 1906 443 1998 complevit
457 1907 647 1975 exercitum.
1220 1977 1221 1981 ,

314 2027 439 2092 XXVI.
459 2019 517 2093 His
544 2026 641 2094 rebus
661 2028 776 2119 gestis,
799 2028 901 2094 Curio
915 2049 949 2096 se
970 2027 1004 2092 in
1034 2039 1142 2094 castra
1167 2024 1209 2093 ad
1234 2030 1294 2095 Ba·

267 2143 403 2237 gradam
420 2148 564 2237 recepit,
582 2159 680 2237 atque
700 2147 844 2212 universi
858 2145 1019 2213 exercitus
1036 2144 1294 2214 conclamatione

268 2261 450 2356 imperator
465 2261 649 2355 appellatur
666 2290 673 2330 :
691 2277 888 2356 posteroque
900 2262 954 2332 die
968 2267 1099 2332 Uticam
1116 2265 1293 2332 exercitum

267 2379 378 2466 ducit,
397 2393 431 2446 et
447 2405 551 2474 prope
579 2381 737 2474 oppiduin
759 2396 863 2452 castra
891 2383 995 2474 ponit.
1018 2383 1175 2452 Nondum
1198 2407 1296 2476 opere

268 2513 450 2567 castrorum
467 2499 627 2592 perfecto,
642 2501 766 2592 equites
778 2524 817 2568 ex
834 2502 975 2568 statione
993 2502 1161 2589 nuntiant,
1178 2527 1296 2596 magna

232 2647 241 2656 ·
267 2617 387 2686 auxilia
402 2619 551 2710 equitum
566 2618 795 2713 peditumque,
813 2618 854 2685 ab
872 2643 947 2712 rege
966 2620 1078 2703 missa,
1093 2621 1223 2688 Uticam
1244 2645 1296 2688 ve·

268 2739 338 2804 nire
353 2761 361 2804 :
375 2735 557 2830 eodemque
572 2735 718 2830 ternpore
735 2739 782 2805 vis
797 2760 916 2831 magna
929 2735 1072 2830 pulveris
1086 2738 1296 2823 cernebatur,

218 2835 225 2850 ³
267 2871 301 2924 et
318 2859 454 2951 vestigio
473 2860 631 2950 temporis
651 2859 793 2948 primurn
817 2879 936 2950 agmen
955 2869 1026 2924 erat
1051 2858 1085 2925 in
1106 2870 1294 2950 conspectu.

267 2978 422 3045 Novitatc
435 2978 483 3044 rei
496 2978 599 3045 Curio
609 2991 793 3068 permotus,
808 2976 978 3069 praemittit
993 2977 1139 3068 equites,
1157 2977 1214 3070 qui
1227 2977 1295 3070 pri·

267 3119 356 3161 mum
376 3096 535 3186 impetum
561 3097 742 3165 sustineant
760 3119 798 3163 ac
823 3108 1019 3162 morentur:
1044 3096 1128 3188 ipse,
1149 3095 1298 3165 celeriter

268 3213 308 3279 ab
336 3235 436 3304 opere
451 3212 599 3282 deductis
631 3212 830 3309 legionibus,
862 3217 964 3284 aciem
997 3215 1140 3283 instruit.
1166 3218 1299 3309 Equites

268 3333 480 3400 committunt
497 3331 665 3426 proelium3
683 3347 715 3402 et
734 3337 840 3428 prius,
854 3359 952 3427 quam
969 3332 1066 3426 plane
1082 3333 1226 3427 legiones
1240 3357 1297 3402 ex·

266 3449 384 3544 plicari
408 3467 441 3519 et
464 3454 641 3522 consistere
664 3469 811 3548 possent,
838 3469 906 3522 tota
930 3452 1052 3522 auxilia
1067 3455 1169 3546 regis,
1195 3454 1299 3545 impe-

266 3571 335 3640 dita
347 3597 386 3640 ac
404 3572 613 3666 perturbata,
629 3575 718 3666 quod
728 3574 820 3643 nullo
840 3573 956 3641 ordine
971 3589 1003 3641 et
1017 3574 1088 3641 sine
1100 3574 1218 3640 timore
1237 3575 1300 3641 iter

267 3688 426 3774 fecerant,
446 3692 479 3759 in
500 3692 612 3787 fugam
631 3715 665 3760 se
680 3695 880 3785 conjiciunt:
896 3693 1109 3784 equitatuque
1128 3694 1220 3760 omni
1234 3692 1302 3762 lere

267 3807 444 3897 incolumi,
464 3811 554 3902 quod
573 3835 607 3880 se
621 3837 679 3904 per
698 3811 792 3880 litora
812 3809 961 3879 celeriter
980 3812 1014 3878 in
1031 3810 1193 3905 oppidum
1212 3837 1301 3883 rece·

268 3927 332 4017 pit,
356 3951 513 4020 magnum
534 3931 687 4024 peditum·
705 3955 876 4000 numerum
889 3931 1110 4000 interficiunt.
