3038 4766
436 671 491 775 e.
520 671 700 776 Junn
737 675 1034 784 casinis

284 971 1179 1112 COMMENTARIORUM

296 1257 299 1262 ’
439 1312 520 1400 nn
554 1311 769 1400 nunno
802 1314 1012 1402 crvrm
1078 1365 1082 1375 s

520 1585 653 1651 nrnnn
679 1545 923 1656 sncdnnus

536 1899 553 1945 ,-
648 1891 805 1926 -···-“1

207 2171 234 2236 Ι.
257 2113 371 2240 Duas
393 2168 460 2236 haec
479 2169 512 2235 in
530 2168 687 2262 Hispania
707 2182 879 2263 geruntur,
900 2171 939 2238 C.
955 2170 1138 2240 Trebonius
1156 2169 1242 2265 lega·

207 2303 280 2386 tus,
297 2289 354 2380 qui
373 2287 415 2356 ad
435 2289 714 2384 oppugnationem
734 2287 887 2358 Massiliae
905 2286 1037 2358 relictus
1054 2304 1142 2374 erat,
1158 2290 1241 2359 dua·

205 2406 268 2476 bus
287 2431 326 2476 ex
342 2409 493 2503 partibus
507 2433 675 2503 aggerem,
689 2409 818 2494 vineas,
830 2423 1002 2502 turresque
1019 2407 1061 2478 ad
1078 2409 1238 2503 oppidum

205 2551 301 2620 agere
318 2529 470 2596 instituit.
497 2529 573 2595 Una
598 2541 668 2596 erat
687 2530 836 2619 proxima
856 2529 966 2619 portui
985 2525 1239 2620 navalibusque;

204 2645 306 2715 altera
323 2645 364 2713 ad
381 2661 523 2738 partem,
534 2669 599 2737 qua
617 2659 666 2713 est
681 2644 790 2712 aditus
805 2668 843 2711 ex
854 2643 962 2714 Gallia
974 2660 1073 2738 atque
1081 2647 1239 2738 Hispania

203 2764 294 2834 adid
314 2787 418 2850 mare,
437 2762 527 2855 quod
546 2763 680 2856 attingit
699 2762 741 2829 ad
764 2765 882 2830 ostium
904 2762 1068 2834 Rhodani.
1094 2763 1238 2832 Massilia

205 2885 292 2952 enim
312 2882 438 2951 seneen
459 2879 566 2948 tribus
584 2880 697 2975 oppidi
717 2881 865 2975 partibus
886 2883 968 2949 mari
986 2879 1147 2949 alluitur:
1167 2879 1238 2948 reli·

204 3027 268 3094 qua
288 3015 405 3096 quarta
422 3015 490 3087 est,
505 3024 576 3092 quae
589 2997 715 3068 aditum
729 2983 828 3069 habet
841 3025 858 3067 a
869 3015 967 3068 terra.
985 2999 1092 3092 Hujus
1106 3024 1236 3094 quoque

205 3124 303 3213 spatii
323 3145 397 3216 pars
419 3145 470 3202 ea,
495 3145 567 3214 quae
593 3120 635 3188 ad
652 3145 762 3190 arcem
788 3122 945 3215 pertinet,
972 3118 1035 3188 loci
1059 3135 1177 3190 natura
1203 3137 1236 3190 et

204 3240 288 3310 valle
313 3239 471 3310 altissima
489 3242 634 3327 munita,
656 3239 789 3335 longam
810 3254 842 3309 et
863 3239 1028 3310 difficilem
1050 3240 1148 3308 habet
1171 3265 1234 3335 op·
1314 3273 1319 3292 ·

203 3363 449 3457 pugnationenr.
463 3361 514 3432 Ad
535 3385 573 3429 ea
587 3358 784 3456 perficienda
794 3384 911 3454 opera,
921 3362 958 3429 C.
970 3359 1154 3428 Trebonius
1167 3385 1236 3448 ma-

202 3486 536 3576 gnamjumentorum
548 3459 647 3574 atdue
656 3481 827 3548 hominurn
839 3479 1082 3570 multitudinem
1093 3503 1131 3580 ex
1142 3480 1232 3548 omni

200 3605 374 3673 Provincia
389 3616 485 3671 vocat
501 3628 508 3669 :
526 3604 648 3670 vimina
666 3603 898 3692 materiamque
915 3601 1113 3691 comportari
1126 3598 1230 3690 jubet.

201 3722 331 3809 Quibus
358 3723 555 3817 comparatis
580 3721 697 3807 rebus,
718 3743 869 3815 aggerem
887 3720 921 3786 in
945 3717 1153 3786 altitudinem
1174 3741 1232 3810 pe·

202 3839 279 3906 dnm
301 3865 392 3911 nm
412 3843 559 3911 exntruit.

251 3960 293 4026 11.
311 3959 373 4028 Sed
393 3963 477 4028 tanti
499 3975 592 4030 erant
614 3962 795 4053 antiquitus
812 3963 845 4031 in
866 3957 987 4053 oppido
1011 3960 1159 4028 omnium
1177 3981 1229 4024 re·
