3042 4772
304 405 359 464 186
474 407 504 463 C.
522 407 620 466 tutu
639 408 802 468 CAESARIS
820 405 1014 466 comm.
1041 409 1148 466 LIBER

302 527 384 600 fines
413 529 553 618 veniret,
586 531 694 626 praeda
722 515 908 626 ditipIcnda'
929 529 1048 602 milites
1070 530 1329 626 dissiparentur,

301 651 503 746 dispersique
521 651 732 724 cederentur.
760 675 765 684 ·

347 771 522 842 XXXVII.
544 774 621 842 Haec
637 795 740 866 quum
756 769 1016 858 administraret,
1031 795 1200 868 nunquam
1215 786 1324 844 tamen

302 888 539 962 intermittebat
556 889 680 984 legatos
701 890 741 960 de
758 915 839 986 pace
856 865 956 984 atduc
974 890 1116 962 amicitia
1134 892 1263 962 mittere
1282 894 1324 964 ad

302 1011 504 1098 Domitium,
521 1033 624 1104 quum
644 1010 708 1080 boc
725 1010 796 1106 ipso
814 1009 962 1080 crederet
980 1034 1057 1080 curn
1072 1009 1201 1080 facilius
1218 1011 1326 1108 dceipi

303 1151 409 1222 posse.
434 1131 478 1200 At
495 1142 610 1198 contra
629 1152 703 1224 spes
725 1129 814 1224 pacis
833 1126 980 1199 Domitio
1003 1130 1037 1198 in
1063 1127 1185 1200 eisdem
1213 1133 1326 1201 castris

303 1245 453 1316 morandi
471 1246 581 1317 attulit
598 1271 737 1318 causam.
758 1250 808 1318 Ita
827 1247 1023 1336 Pharnaces,
1041 1250 1161 1318 ambas
1185 1252 1326 1342 proximi

304 1366 457 1459 temporis
470 1369 658 1454 occasione,
676 1367 815 1453 veritus,
832 1391 873 1436 nc
888 1383 1164 1462 cognoscerentur
1179 1368 1326 1456 iusidias,

304 1507 379 1553 suos
400 1484 434 1553 in
452 1499 559 1555 castra
578 1488 751 1556 revocavit.
777 1487 942 1556 Domitius
960 1501 1093 1581 postero
1112 1486 1167 1556 die
1191 1487 1326 1582 propius

303 1601 490 1696 Nicopolim
506 1605 653 1691 accessit,
668 1619 838 1699 castraque
850 1604 971 1699 oppido
984 1589 1132 1675 contulit.
1150 1605 1235 1694 Quae
1249 1603 1326 1674 dum

305 1723 459 1792 muniunt
477 1725 599 1808 nostri,
615 1723 798 1793 Pharnaces
812 1725 916 1794 aciem
929 1723 1086 1793 instruxit
1101 1747 1161 1794 suo
1177 1748 1269 1792 more
1285 1738 1331 1792 at·

305 1865 370 1934 que
387 1841 537 1912 instituto
555 1867 563 1910 :
583 1843 616 1912 in
633 1841 741 1912 fronte
755 1844 843 1911 enim
858 1840 998 1936 simplici
1012 1841 1134 1911 directa
1149 1845 1235 1931 acie,
1251 1867 1324 1912 cor·

306 1983 373 2029 nua
405 1961 498 2030 trinis
527 1960 745 2030 firmabantur
767 1958 930 2030 subsidiis.
964 1959 1086 2032 Eadem
1112 1961 1239 2030 radone
1260 1960 1329 2030 lucc

308 2077 412 2146 medis
440 2077 686 2148 collocabantur
713 2078 798 2163 acie,
828 2076 957 2149 duobus
991 2079 1104 2149 dextm
1136 2080 1332 2174 sinistraque

182 2189 186 2201 '
213 2257 217 2263 ,
307 2192 500 2282 intervallis,
518 2193 719 2288 simplicibus
734 2193 905 2266 ordinibus
921 2197 1098 2267 instructis.
1124 2196 1264 2306 Perspcit
1279 2199 1332 2265 in·

306 2327 436 2407 ceptum
454 2327 634 2384 castrorum
651 2337 734 2408 opus
749 2313 930 2404 Domitius,
948 2328 1040 2408 parte
1068 2316 1237 2410 copiarum
1270 2339 1332 2411 pro

307 2430 393 2501 vallo
408 2433 566 2502 instituta.

355 2553 542 2622 XXXVIII.
566 2553 719 2623 Proxima
736 2567 831 2624 nocte
854 2551 1051 2644 Pharnaces,
1069 2556 1258 2650 interceptis
1281 2569 1334 2646 ta·

307 2669 469 2760 bellariis,
483 2673 540 2764 qui
553 2670 596 2741 dc
607 2670 825 2743 alexandrinis
838 2671 937 2742 rebus
949 2672 1073 2745 litteras
1087 2672 1129 2743 ad
1149 2674 1334 2744 Domitium

309 2789 473 2878 ferebant,
493 2793 678 2885 cognoscit,
696 2793 859 2861 Caesarem
877 2814 996 2888 magno
1019 2793 1055 2862 in
1084 2792 1229 2888 periculo
1261 2817 1334 2860 rer·

309 2910 394 2994 sari,
411 2907 616 3004 flagitarique
632 2935 651 2980 a
667 2911 831 2996 Domitio,
849 2923 886 2980 nt
903 2935 1002 3004 quam
1023 2913 1170 3005 primurn·
1181 2911 1242 2981 sibi
1257 2909 1337 2980 sub-

310 3027 390 3098 sidia
407 3029 567 3113 mitteret,
585 3031 785 3123 propiusque
799 3029 867 3123 ipse
883 3028 1113 3100 Alexandriam
1133 3055 1192 3125 per
1208 3031 1335 3124 Syriam

250 3217 253 3232 ,
311 3144 488 3215 accederet.
508 3147 585 3235 Qua
601 3149 730 3241 cognita
748 3171 803 3238 re,
823 3147 1007 3220 Pharnacea
1024 3149 1167 3218 victorio
1186 3147 1260 3218 loco
1279 3147 1337 3217 du·

310 3265 423 3351 cebat,
440 3264 467 3332 si
483 3263 613 3335 trahere
629 3279 757 3361 tempus
775 3276 901 3360 posset,
920 3292 1024 3360 quum
1039 3265 1272 3336 discedendum
1290 3289 1339 3334 ce·

311 3381 422 3454 leuiter
440 3384 586 3453 Domitio
603 3399 743 3479 putaret.
767 3389 882 3480 ltaque
901 3385 942 3455 ab
961 3385 1103 3479 oppido,
1128 3406 1193 3477 qun
1218 3379 1336 3450 facilli·

312 3525 403 3572 mum
418 3527 582 3584 accessum
597 3518 630 3574 et
648 3505 868 3599 equissimuna
898 3502 941 3572 ad
967 3501 1188 3572 dimicandum
1214 3499 1336 3568 nostris

303 3620 464 3710 uidebat,
483 3622 584 3693 fossus
602 3622 684 3692 duas
703 3623 857 3708 directas,
876 3645 943 3689 non
961 3623 1007 3690 ita
1024 3643 1145 3714 magno
1163 3614 1337 3687 intervallo

313 3739 421 3812 medio
437 3738 570 3831 relicto,
586 3755 729 3836 quatuor
742 3738 863 3834 pedum
880 3735 1060 3808 altitudinis
1081 3739 1115 3806 in
1134 3760 1211 3824 eum
1228 3735 1339 3806 locum

313 3857 467 3946 deduxit,
486 3883 552 3954 quo
571 3861 699 3954 longius
716 3857 930 3928 constituerat
955 3879 1049 3926 suam
1067 3881 1135 3927 non
1160 3856 1341 3951 producere

314 3979 427 4046 aciem.
441 3979 530 4048 inter
546 3979 604 4048 has
619 3978 719 4050 fossas
736 3977 838 4066 aciem
856 3998 983 4068 semper
998 3977 1190 4048 instruebat.
1210 3975 1343 4069 Equita-
