3038 4766
465 349 515 405 DE
537 349 659 405 BELLO
682 347 798 403 clvtut
820 347 890 402 Llll.
906 347 957 402 111.
1176 346 1229 401 113

202 477 263 547 ctis
282 475 435 544 omnibus
453 475 571 570 copiis,
590 475 661 542 acie
678 475 856 560 instructa,
876 470 1070 541 decernendi
1091 486 1232 564 potesta-

203 612 270 665 tem
285 596 442 689 Pompeio
455 595 539 663 lecit
557 595 622 665 Ubi
636 593 728 663 illum
742 594 809 663 suis
820 591 900 663 locis
912 618 947 663 se
960 609 1072 662 tenere
1085 597 1231 662 animum

202 716 358 803 advertit,
379 713 513 783 reducto
527 715 562 782 in
578 730 683 784 eastra
699 715 861 800 exercitu,
879 710 968 804 aliud
982 713 1043 782 sibi
1059 713 1230 782 consilium

203 833 396 929 capiendum
414 834 619 904 existimavit.
646 837 761 927 ltaque
778 848 909 928 postero
931 831 984 901 die
1004 833 1157 903 omnibus
1182 859 1232 902 co-

156 1015 158 1024 .
204 957 284 1050 piis,
312 979 431 1050 magno
448 955 604 1042 circuitu,
624 953 748 1024 difficili
766 969 971 1049 angustoque
990 957 1120 1039 itinere,
1144 959 1231 1050 Dyr·

204 1075 354 1144 rachium
382 1072 546 1167 profectus
576 1086 637 1161 est,
664 1098 816 1167 sperans,
844 1075 1038 1169 Pompeium
1068 1091 1126 1144 aut
1151 1080 1232 1169 Dyr·

203 1194 353 1262 rachium
370 1188 545 1286 compelli,
576 1207 633 1262 aut
658 1192 701 1261 ab
730 1215 769 1260 eo
800 1192 973 1262 intercludi
1001 1177 1114 1287 posse,
1141 1175 1230 1287 qdod

205 1338 335 1382 omnem
349 1328 567 1383 commeatum
581 1316 746 1406 totiusque
761 1311 837 1381 belli
854 1327 1046 1407 apparatum
1062 1314 1088 1380 is
1106 1335 1144 1380 eo
1158 1335 1232 1380 con·

206 1431 344 1520 tulisset;
361 1447 398 1501 ut
413 1431 540 1502 accidit.
554 1436 731 1527 Pompeius
746 1435 849 1522 enim,
868 1435 975 1527 primo
989 1434 1146 1527 ignorans
1161 1433 1232 1523 ejus

206 1551 397 1641 eonsilium,
410 1552 499 1645 quod
514 1552 643 1622 diverso
657 1554 699 1622 ab
717 1576 755 1622 ea
769 1553 902 1646 regione
919 1553 1034 1620 itinere
1048 1553 1232 1644 profectum

207 1673 358 1761 videbat,
379 1675 538 1766 angustiis
562 1675 610 1741 rei
635 1673 856 1742 frumentariae
881 1669 1086 1766 compulsum
1113 1672 1232 1740 disces·

207 1793 284 1862 sisse
297 1792 519 1861 existimabat:
531 1807 661 1885 postea,
676 1817 735 1885 per
748 1791 969 1885 exploratores
980 1792 1101 1861 certior
1113 1791 1231 1878 factus,

207 1927 339 2004 postero
358 1911 411 1984 die
429 1925 535 1980 castra
552 1913 676 1998 movit,
698 1912 848 1980 breviore
872 1913 986 1980 itincre
1009 1935 1042 1978 se
1062 1933 1233 1979 occurrere

207 2031 237 2098 ei
256 2054 353 2125 posse
374 2055 518 2124 sperans.
535 2029 635 2119 Quod
659 2030 729 2100 fore
751 2031 935 2123 suspicatus
954 2032 1077 2117 Caesar,
1097 2027 1234 2098 milites·

208 2173 272 2243 que
290 2149 502 2234 adhortatus,
519 2165 556 2218 ut
574 2173 667 2242 aequo
683 2149 793 2218 animo
810 2148 956 2217 laborem
974 2149 1116 2233 ferrent,
1133 2173 1233 2243 parva

207 2287 300 2363 parte
313 2272 418 2339 noctis
434 2271 550 2339 itinere
568 2270 768 2356 intermisso,
781 2293 877 2337 mane
891 2269 1112 2361 Dyrrachium
1128 2272 1233 2356 venit,

207 2413 310 2481 quum
329 2391 473 2483 primum
492 2412 608 2482 agmen
627 2389 773 2481 Pompeii
789 2385 905 2481 procul
921 2403 1121 2473 cerneretur,
1136 2404 1234 2482 atque

206 2508 252 2576 ihi
273 2522 377 2577 castra
397 2509 516 2600 posuit.

256 2631 359 2696 XLII.
379 2627 572 2721 Pompeius,
591 2624 789 2696 interclusus
809 2627 1015 2722 Dyrrachio,
1036 2629 1097 2697 ubi.
1111 2653 1233 2722 propo-

209 2748 306 2817 situm
332 2759 444 2814 tenere
466 2769 534 2813 non
554 2747 682 2838 potuit,
704 2745 849 2815 secundo
869 2769 949 2817 usus
969 2747 1125 2830 consilio,
1146 2747 1235 2814 edito

210 2863 304 2952 loco,
328 2865 385 2956 qui
410 2861 594 2957 appellatur
617 2867 735 2947 Petra,
757 2863 947 2957 aditumque
973 2865 1072 2934 habet
1099 2865 1235 2934 navibus

210 2983 426 3069 mediocrem,
447 2997 546 3075 atque
560 3007 614 3052 eas
631 3007 650 3050 a
665 2983 861 3075 quibusdam
877 2985 1021 3078 protegit
1036 2986 1162 3074 ventis,
1181 3010 1237 3054 ca·

211 3115 279 3170 stra
292 3102 483 3170 communit.
496 3105 546 3170 Eo
557 3103 833 3196 partem·navium
855 3101 1029 3198 longarum
1046 3107 1237 3192 convenire,

210 3221 410 3290 frumentum
430 3237 714 3314 commeatumque
735 3221 776 3290 ab
795 3223 872 3291 Asia
897 3237 994 3316 atque
1013 3225 1166 3292 omnihus
1186 3249 1237 3293 re·

211 3341 377 3436 gionibus‚
393 3364 474 3434 quas
492 3341 640 3429 tenebat,
653 3343 853 3434 comportari
870 3343 1018 3436 imperat.
1032 3346 1151 3428 Caesar,
1166 3341 1237 3412 lon·

211 3463 283 3556 gius
304 3459 425 3530 bellum
448 3461 583 3530 ductum
604 3462 645 3530 iri
664 3461 872 3546 existimans,
894 3461 986 3530 etde
1008 3460 1125 3530 italicis
1147 3486 1236 3530 com·

212 3580 373 3650 meatibus
390 3579 583 3675 desperans,
604 3581 693 3675 quod
712 3594 803 3650 tanta
821 3579 989 3675 diligentia
1011 3582 1122 3649 omnia
1142 3580 1237 3649 litora

150 3689 154 3694 ⁵
212 3723 232 3767 a
250 3701 455 3794 Pompeianis
471 3701 679 3789 tenebantur,
695 3698 878 3794 classesque
899 3701 1020 3794 ipsius,
1036 3699 1116 3794 quas¹
1132 3701 1238 3770 hieme

213 3819 248 3884 in
266 3819 390 3906 Sicilia,
406 3819 533 3908 Gallia,
549 3819 645 3890 ltalia
659 3821 793 3908 fecerat,
809 3821 1032 3906 morabantur,
1050 3823 1083 3888 in
1099 3821 1237 3913 Epirum

214 3937 260 4004 rei
282 3937 502 4008 frumentariae
518 3964 614 4009 causa
630 3939 672 4028 Q.
688 3942 812 4009 Titium
830 3956 863 4009 et
881 3943 919 4010 L.
938 3939 1132 4010 Canuleium
1151 3939 1238 4033 lega-

352 4080 386 4125 ιι.
1082 4061 1103 4129 8
