3026 4768
269 340 322 400 130
424 339 454 394 (L
477 337 575 396 sunu
596 339 759 398 CAESARIS
778 334 1146 396 commentorium

265 484 337 538 tum
355 463 516 562 appellat,
531 490 675 559 quorum
690 465 855 562 egregiam
872 462 971 532 firisse
986 463 1145 531 virtutem
1161 461 1292 532 testimo

241 591 321 682 ,uio
340 587 515 656 Ciceronis
533 601 750 682 cognoveram
767 585 808 654 de
827 609 904 654 casu
923 583 1038 653 Sabini
1056 597 1092 650 et
1109 585 1217 652 Cottae
1233 605 1304 650 cer·

264 709 330 776 tius
346 731 386 776 ex
400 707 540 801 captivis
559 706 739 802 cognoscit.
752 707 890 775 Postero
907 704 981 792 die,
1000 704 1160 772 concione
1175 701 1303 785 habita,
1400 697 1401 700 '

263 851 334 896 rem
352 841 478 921 gestem
494 827 651 920 proponit
668 851 676 892 ε
696 823 817 894 milites
836 822 1030 896 consolatur
1047 839 1081 892 et
1097 821 1273 892 confirmat
1293 845 1302 888 ε

262 945 354 1038 quod
378 944 617 1014 detrimentum
634 943 732 1038 culpa
754 959 788 1013 et
807 945 990 1014 temeritate
1009 941 1108 1036 legati
1129 943 1172 1010 sit
1187 965 1303 1034 accep-

261 1079 348 1152 tum,
366 1063 431 1133 boc
447 1064 591 1158 aequiore
610 1065 722 1133 animo
738 1063 911 1133 serendum
928 1061 1039 1148 docet,
1056 1060 1161 1154 quod,
1180 1059 1304 1128 benefi-

261 1185 313 1252 cio
336 1183 476 1254 deorum
496 1183 734 1254 immortalium
753 1199 788 1252 et
809 1185 932 1252 virtute
950 1205 1082 1265 eorum,
1103 1181 1234 1274 expiato
1253 1181 1304 1246 in·

261 1303 453 1398 commodo,
475 1329 584 1398 neque
605 1303 756 1373 hostibus
781 1303 910 1372 diutina
930 1300 1070 1387 laetatio,
1093 1323 1201 1394 neque
1224 1300 1303 1393 ipsis

261 1421 392 1518 longior
408 1421 504 1492 dolor
521 1422 738 1517 relinquatur.

309 1545 399 1612 LIII.
417 1543 555 1611 Interim
572 1542 615 1610 ed
631 1542 816 1612 Labienum
832 1565 892 1635 per
907 1545 1030 1610 Remos
1046 1537 1230 1608 incredibili
1248 1564 1302 1607 ce·

260 1662 390 1732 leritate
400 1662 441 1731 de
451 1663 592 1731 victoria
599 1663 736 1732 Caeseris
743 1661 831 1730 fama
840 1659 1193 1756 perfertur,ut,quum
1202 1661 1244 1728 ab
1253 1659 1303 1728 hi·

259 1783 373 1852 bernis
382 1783 553 1851 Ciceronis
563 1781 689 1852 abesset
697 1779 800 1854 millia
811 1806 967 1876 menum
977 1782 1110 1851 circiter
1122 1801 1164 1848 nx
1176 1832 1186 1866 ,
1198 1804 1303 1874 eoque

261 1915 336 1997 post
351 1901 469 1970 horem
485 1925 607 1971 nonam
623 1901 688 1970 diei
706 1903 815 1970 Caesar
831 1902 1050 1995 pervenisset,
1067 1915 1144 1994 ante
1159 1899 1301 1968 mediam

259 2036 391 2091 noctem
411 2020 454 2089 ad
477 2035 590 2115 portas
616 2035 800 2090 castrorum
824 2018 949 2089 clamor
966 2021 1125 2107 oriretur,
1147 2044 1215 2113 quo
1234 2017 1302 2088 cla·
1376 1999 1379 2004 ¹

260 2163 353 2208 more
378 2138 574 2234 significatio
598 2140 749 2209 victoria.
771 2137 1015 2234 gratulatioque
1038 2140 1079 2208 ab
1104 2140 1219 2208 Remis
1239 2143 1303 2208 La·
1364 2121 1368 2126 ⁵

258 2259 357 2328 bieno
373 2257 478 2328 fieret.
503 2264 573 2328 Hac
593 2257 679 2328 same
699 2257 913 2328 adnTreviros
934 2257 1074 2352 perlata,
1094 2257 1302 2327 Indutioma-

259 2403 331 2464 rus,
350 2379 408 2472 qui
426 2391 559 2472 postero
583 2375 636 2446 die
652 2391 765 2446 castra'
780 2375 917 2446 Labieni
937 2401 1132 2471 oppugnare
1149 2376 1302 2446 deereve·
1410 2447 1412 2450 ,

259 2513 326 2585 rat,
340 2511 442 2568 noctu
455 2496 618 2591 profugit,
628 2497 804 2590 copiasque
817 2521 933 2566 omnes
946 2498 981 2564 in
995 2499 1149 2566 Treviros
1161 2495 1300 2568 reducit.

259 2622 369 2691 Cesar
386 2615 526 2685 Fabium
543 2639 618 2685 cum
635 2615 766 2710 legione
783 2616 818 2684 in
834 2641 893 2686 sua
908 2617 1048 2685 remittit
1064 2616 1218 2703 hiberna,
1232 2619 1303 2712 ipse

260 2763 336 2807 cum
352 2761 393 2808 111
412 2734 597 2831 legionibus
613 2737 740 2805 circum
758 2737 1025 2806 Samarobrivam
1042 2739 1140 2807 trinis
1155 2736 1302 2807 bibernis

260 2857 406 2926 hiemare
420 2857 608 2940 constituit3
628 2869 676 2942 et,
694 2853 784 2949 quod
803 2858 889 2925 tanti
906 2872 1016 2926 motus
1031 2855 1149 2926 Gallias
1167 2859 1302 2926 exstite-

259 2989 348 3062 rant,
369 2989 474 3045 totam
492 2975 636 3044 hiemem
648 2974 717 3069 ipse
729 2974 772 3042 ad
791 2975 971 3044 exercitum
990 3001 1126 3045 manere
1145 2975 1301 3046 decrevit.

259 3093 345 3162 Nam
369 3091 426 3162 illo
446 3093 661 3164 incommodo
684 3093 725 3163 de
747 3093 859 3163 Sabini
885 3109 992 3163 morte
1018 3095 1161 3190 perlato,
1188 3122 1303 3166 omnes

261 3212 329 3282 lere
345 3209 465 3282 Galliae
478 3214 628 3282 civitates
644 3213 685 3282 de
700 3211 788 3282 bello
803 3213 1054 3302 consultabant,
1068 3219 1204 3285 nuntios
1215 3215 1303 3311 lege·

259 3336 432 3427 tionesque
455 3335 490 3401 in
506 3358 622 3402 omnes
638 3347 746 3427 partes
767 3333 993 3421 dimittebant,
1013 3347 1060 3421 et,
1084 3334 1165 3429 quid
1182 3336 1302 3430 reliqui

258 3453 385 3526 consilii
409 3468 567 3548 caperent
584 3467 684 3547 etque
704 3452 793 3523 unde
812 3455 944 3525 initium
962 3451 1039 3524 belli
1061 3454 1171 3544 fieret,
1188 3457 1303 3553 explo-

210 3657 212 3664 γ
236 3575 393 3664 2rebant,
409 3587 638 3667 nocturnaque
659 3575 693 3642 in
714 3571 796 3642 locis
811 3573 949 3644 desertis
965 3575 1107 3645 concilia
1124 3576 1300 3647 habebant.

257 3695 375 3787 Neque
389 3693 497 3764 ullum
511 3691 579 3763 fere
595 3694 697 3762 totius
714 3693 832 3761 hiemis
848 3709 979 3789 tempus
994 3696 1065 3765 sine
1077 3695 1302 3767 sollicitudine

260 3812 396 3883 casaris
417 3814 618 3899 intercessit,
640 3813 721 3906 quin
744 3810 889 3906 aliquem
911 3812 953 3883 de
973 3814 1121 3885 conciliis
1146 3842 1185 3886 ac
1206 3832 1301 3888 motu

256 3935 432 4004 Gallorum
453 3933 609 4002 nuntium
636 3933 810 4025 acciperet.
837 3935 877 4000 In
900 3933 952 4003 his
976 3934 1018 4003 ab
1043 3939 1081 4004 L.
1110 3938 1232 4008 Roscio
1252 3936 1301 4007 le-
