3060 4768
523 425 575 482 DE
596 423 719 478 BELLO
742 420 946 477 AFRICANO.
1194 417 1251 476 aab

206 556 412 624 frumentum
431 549 638 618 adversarios
657 548 692 614 in
711 571 816 640 pauca
832 542 956 639 oppida
971 559 1006 612 et
1026 543 1109 612 bene
1124 546 1252 616 munita

207 686 444 767 comportasse,
455 690 654 761 omnemque
667 667 837 760 regionem
850 663 969 735 Africae
978 665 1164 733 exinanisse
1182 664 1253 734 fru-

208 811 321 868 mento
341 821 349 864 :
374 793 516 888 oppida,
533 805 654 886 prater
669 815 709 860 ea
727 815 930 887 pauca,quae
945 790 1006 884 ipsi
1016 790 1082 858 suis
1092 788 1253 884 presidiis

210 918 294 986 tueri
313 927 482 1010 poterant,
503 910 632 1005 reliqua
648 911 736 980 dirui
753 925 854 1004 atque
875 908 992 995 deleri;
1013 923 1181 978 eteorum
1200 911 1253 978 in·

209 1035 297 1105 colas
318 1038 405 1104 intra
422 1058 481 1104 sua
499 1031 651 1126 praesidia
666 1033 811 1126 coegisse
829 1031 1063 1123 commigrare;
1077 1053 1175 1124 agros
1193 1029 1253 1098 de·

210 1174 314 1228 sartos
334 1183 373 1228 ac
390 1173 534 1228 vastatos
551 1181 631 1226 esse.

260 1283 352 1350 XXI.
374 1284 443 1349 llac
468 1279 662 1347 necessitate
687 1278 798 1345 Caesar
821 1289 973 1362 coactus,
1000 1277 1148 1370 privatos
1183 1299 1253 1344 arn-

211 1401 332 1470 biendo
350 1417 383 1468 et
401 1396 523 1467 blande
541 1395 764 1491 appellando,
785 1393 993 1489 aliquantum
1013 1395 1171 1465 frumenti
1189 1421 1255 1466 nu·

211 1545 340 1590 merum
359 1522 394 1611 in
418 1543 476 1587 sua
502 1516 653 1613 praesidia
672 1531 892 1610 congesserat,
912 1531 945 1584 et
962 1541 1001 1584 eo
1022 1541 1120 1610 parce
1138 1516 1254 1584 uteba·

211 1658 277 1712 tur.
290 1645 402 1736 Opera
421 1641 554 1707 interim
573 1641 642 1732 ipse
662 1635 812 1731 quotidie
841 1637 1033 1722 circumire,
1057 1651 1090 1704 et
1111 1634 1254 1704 alternas

211 1763 363 1832 cohortes
383 1762 417 1829 in
439 1761 579 1828 statione
599 1757 734 1844 habere,
752 1771 890 1851 propter
906 1757 1052 1824 hostium
1071 1755 1254 1824 multitudi-

212 1907 299 1950 nem.
316 1879 483 1949 Labienus
501 1879 629 1946 saucios
648 1901 744 1962 suos,
762 1899 905 1969 quorum
920 1877 1085 1943 maximus
1095 1899 1254 1944 numerus

210 1999 289 2087 finit,
305 2000 400 2095 jubet
420 1999 454 2068 in
474 1998 627 2092 plaustris
649 1995 811 2090 deligatos
831 1995 1052 2066 Adrumetum
1075 1996 1254 2089 deportari.

213 2122 321 2190 Nares
342 2119 476 2186 interim
500 2117 637 2187 unsaris
656 2118 817 2185 onerariae
837 2115 1032 2184 errabundas
1051 2114 1137 2185 male
1156 2140 1256 2210 vaga·

212 2240 353 2328 bantur,
371 2239 501 2306 incertas
519 2236 667 2306 locorum
685 2252 784 2329 atque
801 2250 986 2304 castrorum
999 2259 1136 2304 suorum
1151 2262 1160 2304 ε
1173 2260 1256 2330 quas

213 2359 361 2455 singulas
376 2359 505 2453 scapha
521 2357 785 2442 adversariorum
804 2354 989 2449 complures
1002 2356 1126 2425 adortae
1143 2358 1257 2425 incen-

212 2479 354 2569 debant,
375 2495 475 2574 atque
506 2478 751 2573 expugnabant.
780 2479 849 2543 llac
880 2501 916 2544 re
943 2479 1112 2562 nuntiata,
1146 2479 1257 2546 Caesar

213 2599 332 2671 classes
355 2601 480 2670 circum
505 2595 628 2667 insulas
651 2611 834 2689 portusque
861 2593 1041 2688 disposuit,
1061 2621 1129 2689 quo
1152 2598 1256 2665 tutius
1361 2587 1364 2594 ’

213 2733 415 2789 commeatus
433 2718 622 2810 supportari
641 2729 761 2809 posset.

261 2840 370 2910 xxtl.
391 2839 439 2904 Μ.
453 2838 537 2904 Cato
558 2835 777 2927 interim,qui
789 2835 895 2904 Uticae
916 2839 1145 2928 praeerat,Cn.
1159 2837 1257 2905 Pom-

215 2960 326 3051 peium
352 2953 458 3024 lilium
488 2952 601 3022 multis
622 2954 731 3022 verbis
758 2954 955 3048 assidueque
979 2954 1158 3049 objurgare
1189 2979 1256 3025 non

215 3075 400 3144 desistebat
413 3076 547 3158 «Tuus,
564 3074 689 3166 inquit,
703 3089 814 3168 pater,
824 3077 910 3143 istuc
924 3078 1029 3144 aetatis
1039 3099 1143 3168 quum
1156 3089 1257 3162 esset,

215 3209 249 3266 et
269 3193 553 3263 animadvertisset
572 3193 809 3285 rempublicam
838 3195 880 3263 ab
907 3194 1089 3263 audacibus
1119 3194 1257 3264 scelera·

216 3315 322 3408 tisque
340 3313 467 3384 civibus
481 3337 692 3409 oppressam,
707 3314 877 3408 bonosque
897 3330 956 3383 aut
975 3315 1182 3406 interfectos,
1201 3331 1260 3385 aut

215 3433 330 3504 exsilio
358 3435 550 3523 mulctatos,
573 3436 678 3529 patria
703 3435 901 3528 civitateque
925 3459 1055 3520 carere,
1085 3432 1192 3530 gloria
1225 3449 1259 3504 et

215 3555 318 3623 animi
334 3555 560 3650 magnitudine
571 3552 694 3643 elatus,
707 3556 857 3648 privatus
868 3569 967 3648 atque
981 3551 1257 3642 adolescentulus,

198 3677 202 3692 ‘
216 3675 346 3766 paterni
355 3675 516 3742 exercitus
530 3671 677 3768 reliquiis
694 3670 858 3760 collectis,
870 3697 963 3767 paene
972 3698 1164 3768 oppressam
1181 3673 1256 3744 lun·

217 3791 306 3861 ditus
324 3810 358 3863 et
373 3793 515 3864 deletam
528 3793 658 3863 Italiam
681 3795 865 3888 urbemque
882 3817 1053 3863 romanam
1072 3795 1104 3862 in
1125 3791 1260 3865 liberta·

218 3923 284 3977 tem
305 3913 486 3983 vindicavit
506 3939 513 3980 :
532 3911 685 4008 idemque
694 3912 1031 4000 Siciliam,Africam,
1049 3913 1261 4002 Numidiam,

217 4028 455 4099 Mauritaniam
479 4031 622 4099 mirabili
650 4030 819 4102 celeritate
841 4033 943 4102 armis
967 4033 1101 4126 recepit.
1129 4033 1262 4122 Quibus

366 4175 402 4220 u.
1076 4151 1116 4223 15
