3042 4772
470 401 521 456 on
540 399 662 456 annno
682 397 966 456 araxauonnro
1181 399 1235 474 1s9

68 593 72 600 ,
210 523 245 592 lii
267 545 386 618 magna
407 520 507 592 classe
525 522 559 592 in
577 518 669 591 illum
698 545 733 590 se
761 522 867 589 sinum
885 519 1096 610 contulisset,
1122 517 1244 616 paucis'

210 642 348 732 navibus
364 640 621 727 Iadertinorunr,
640 662 780 734 quorum
799 639 979 733 semperin
999 639 1233 734 rempublicam

209 756 375 854 singulare
391 760 583 828 constiterat
603 757 762 844 officium,
780 749 934 851 dispersis
960 759 1153 828 Octauianis
1175 785 1234 828 na·

210 876 304 947 vibus
316 891 387 946 erat
401 878 543 971 potitus,
562 891 600 946 nt
617 875 668 946 vel
688 875 789 948 classe
805 875 959 945 dimicare
976 890 1105 969 posset,
1117 877 1234 971 adjun·
1257 901 1262 918 ¹

208 996 268 1064 ctis
289 996 426 1088 captivis
444 995 580 1064 navibus
607 995 781 1063 sociorum.
813 997 857 1062 Et
883 1017 986 1087 quum
1016 994 1233 1065 diversissima

208 1126 301 1206 parte
315 1113 403 1182 orbis
419 1125 580 1182 terrarum
595 1114 658 1182 Cn.
669 1113 863 1206 Pompeium
879 1112 985 1182 victor
997 1114 1105 1184 Coesar
1117 1137 1241 1207 seque·

208 1245 315 1320 retur,
342 1228 592 1324 compluresque
615 1231 816 1308 adversarios
843 1231 877 1300 in
905 1229 1071 1324 Illyricum
1098 1248 1234 1326 propter

207 1349 411 1420 Macedoniae
430 1352 707 1445 propinquitatem
730 1373 783 1437 se,
807 1348 952 1443 reliquiis
975 1374 1016 1421 ex
1038 1351 1116 1447 fuga
1135 1351 1233 1423 colle-

208 1471 287 1554 ctis,
302 1468 476 1539 contulisse
492 1467 635 1558 audiret,
655 1468 779 1538 litteras
795 1467 836 1537 ad
854 1469 1032 1539 Gabinium
1051 1472 1165 1560 mittit,
1183 1473 1233 1540 uti

208 1609 282 1656 cum
300 1585 482 1682 legionibus
500 1588 661 1674 tironum,
683 1611 755 1680 quie
777 1611 882 1681 nuper
908 1603 1002 1658 erant
1021 1591 1232 1684 conscriptae,

208 1705 466 1798 proficisceretur
495 1707 530 1774 in
549 1704 731 1796 Illyricum,
755 1704 1004 1799 conjunctisque
1028 1707 1129 1800 copiis
1155 1732 1233 1776 curn

207 1823 250 1910 Q.
268 1821 460 1909 Cornificio,
487 1824 513 1892 si
533 1822 623 1915 quod
640 1821 821 1915 periculum
841 1825 1017 1918 provinciae
1037 1823 1230 1914 inferretur,

208 1937 399 2033 depelleret;
417 1941 465 2008 sin
482 1965 520 2010 ea
538 1965 605 2009 non
621 1941 748 2035 magnis
763 1941 866 2035 copiis
880 1953 952 2010 tuta
969 1965 1039 2010 esse
1056 1957 1178 2035 posset,
1197 1943 1231 2012 in

207 2057 433 2129 Macedoniarn
447 2059 590 2154 legiones
601 2058 777 2130 adduceret
789 2085 797 2128 :
810 2083 941 2129 omnem
950 2061 1038 2129 enim
1050 2057 1140 2129 illam
1152 2086 1229 2155 par·

208 2191 273 2246 tem
295 2177 540 2273 regionemque,
560 2179 634 2248 vivo
651 2181 711 2249 Cn.
729 2179 901 2271 Pompeio,
925 2175 1047 2248 bellurn
1067 2178 1229 2250 instanra-

207 2310 315 2369 turam
332 2319 400 2366 esse
415 2288 578 2367 credebat.

253 2417 373 2484 XLIII.
394 2416 568 2506 Gabinius,
587 2433 624 2488 nt
640 2419 674 2486 in
690 2415 857 2511 Illyricum
872 2420 978 2506 venit,
995 2417 1133 2488 hiberno
1149 2434 1229 2489 tem·

205 2559 287 2630 pore
310 2536 387 2604 anni
409 2559 447 2604 ae
464 2534 605 2622 difficili,
623 2538 690 2604 sive
707 2537 922 2629 copiosiorem
940 2537 1143 2629 provinciam
1161 2539 1229 2606 cxi·

206 2655 356 2739 stimans,
373 2655 442 2722 sive
453 2650 594 2723 multum
611 2653 751 2721 fortunar
764 2653 897 2722 victoris
910 2654 1046 2722 Caesaris
1060 2655 1228 2737 tribuens,

168 2797 170 2802 ·
205 2773 273 2840 sive
291 2773 412 2840 virtute
428 2785 462 2839 et·
477 2771 611 2840 scientia
626 2793 684 2839 sua
699 2767 856 2858 confisus,
875 2785 974 2864 qnam
991 2795 1075 2866 saepe
1085 2775 1119 2842 in
1136 2771 1230 2842 bellis

206 2887 420 2984 periclitatus,
439 2913 572 2982 magnas
593 2911 645 2956 res
664 2901 697 2956 et
721 2887 879 2958 secundas
898 2888 999 2959 ductu
1019 2891 1230 2984 auspicioque

205 3029 266 3076 sno
274 3021 435 3100 gesserat,
449 3031 555 3100 neque
563 3006 740 3100 provincia
758 3005 968 3077 facultatibus
980 2994 1227 3096 sublevabatur,

205 3149 277 3217 qua
298 3126 417 3219 partim
440 3139 510 3194 erat
533 3125 714 3213 exinanita,
729 3125 850 3219 partim
873 3125 1029 3214 infidelis3
1048 3149 1157 3220 neque
1171 3151 1230 3197 na·

203 3242 316 3330 vibus,
332 3242 507 3313 intercluso
530 3244 612 3315 mari
636 3244 902 3336 tempestatibus,
924 3259 1125 3315 commeatus
1150 3269 1227 3341 sup·

204 3362 328 3457 portari
345 3377 490 3456 poterat3
509 3363 699 3462 magnisque
726 3359 973 3433 difficultatibus
989 3379 1140 3453 coactns,
1158 3387 1226 3435 non
1340 3379 1343 3388 ⁴

203 3496 242 3549 ut
264 3479 415 3569 volebat,
441 3479 497 3550 sed
516 3496 554 3550 nt
575 3503 705 3550 neeesse
732 3495 818 3571 erat,
841 3480 962 3551 bellurn
982 3483 1126 3578 gerebat.
1156 3486 1230 3567 lta,

203 3623 304 3692 quum
320 3601 502 3671 durissimis
516 3601 766 3696 tempestatibus
782 3615 918 3696 propter
933 3603 1078 3697 inopiam
1093 3598 1227 3671 castella

203 3733 261 3787 aut
282 3720 402 3814 oppida
432 3745 620 3817 expugnare
647 3735 837 3817 cogeretur,
872 3721 988 3791 crebro
1019 3717 1227 3790 incommoda

203 3817 400 3930 accipiebnt3
418 3837 564 3933 adeoque
575 3854 656 3910 esta
676 3841 827 3911 barbaris
844 3853 1072 3933 contemptus,
1090 3852 1146 3927 ut,
1166 3839 1226 3908 Sa·
1284 3861 1287 3868 ·

202 3947 311 4021 Ionam
327 3979 362 4025 se
382 3957 540 4052 recipiens
558 3961 592 4027 in
609 3958 769 4054 oppidum
785 3961 1003 4047 maritimum,
1028 3955 1119 4052 quod
1138 3957 1226 4026 cives
