3068 4772
271 371 275 383 “
293 401 346 460 121.
435 394 464 449 c.
487 393 586 448 sunu
607 391 771 447 cmsrnrs
792 386 1155 448 comunnrsnronun

338 522 408 588 Lx.
438 522 547 587 Caesar
567 539 673 607 neque
699 529 829 607 tempus
850 511 931 582 illud
948 514 1239 587 animadversionis
1254 543 1323 589 esse

291 639 494 723 existimans,
511 652 544 704 et
566 632 667 702 multa
687 633 800 702 virtuti
825 658 938 710 eorum
965 635 1165 724 concedens,
1184 661 1253 706 rem
1273 653 1325 708 to-

292 773 359 826 tam
378 755 520 840 distulit3
539 752 611 822 illos
628 766 755 822 secreto
769 753 957 847 castigavit,
973 753 1062 846 quod
1079 758 1217 848 quaestui
1235 761 1325 849 equi·

230 857 232 860 ⁵
293 892 342 945 tes
362 875 543 958 haberent3
563 875 770 966 monuitque,
790 885 825 940 ut
845 896 884 942 ex
904 897 962 942 sua
974 874 1116 943 amicitia
1143 879 1252 944 omnia
1267 901 1323 946 ex·

294 1009 496 1090 spectarent,
516 1009 548 1062 et
574 1017 614 1060 ex
634 992 806 1087 praeteritis
827 993 894 1060 suis
923 992 1040 1062 officiis
1068 993 1196 1088 reliqua
1218 1021 1326 1090 spera·

293 1129 377 1184 rent.
392 1117 548 1207 Magnam
574 1126 683 1179 tamen
706 1111 774 1181 haec
799 1135 851 1180 res
877 1108 940 1179 illis
957 1110 1171 1182 offensionem
1196 1130 1230 1183 et
1251 1141 1326 1186 conr

293 1235 505 1329 temptionem
523 1229 564 1298 ad
580 1254 694 1299 omncs
713 1228 841 1316 attulit3
869 1229 967 1323 idque
991 1232 1037 1300 ita
1059 1257 1146 1322 esse,
1164 1257 1265 1328 quum
1286 1259 1326 1304 ea

293 1352 433 1423 aliorum
450 1350 738 1445 obiectationibus,
754 1363 824 1418 tum
838 1351 935 1418 etiam
953 1375 991 1418 er
1007 1349 1187 1421 domestico
1199 1353 1325 1445 judicio

294 1487 392 1566 atque
412 1470 511 1539 animi
533 1470 730 1538 conscientia
757 1467 992 1562 intelligebant.
1015 1471 1092 1558 Quo
1116 1471 1241 1565 pudore
1265 1472 1324 1541 ad·

295 1593 403 1677 ducti,
422 1604 455 1658 et
477 1589 613 1658 fortasse
639 1612 706 1657 non
731 1612 765 1658 se
781 1588 930 1675 liberari,
955 1587 1065 1658 sedin
1088 1588 1178 1659 aliud
1196 1605 1325 1684 tempus

295 1711 453 1780 reservari
476 1709 643 1793 arbitrati,
662 1705 826 1777 discedere
844 1732 863 1776 a
881 1708 993 1794 nobis,
1010 1722 1042 1776 ct
1060 1733 1178 1778 novam
1199 1724 1326 1780 tentare

296 1830 475 1912 fortunam,
495 1851 661 1921 novasque
679 1827 819 1919 experiri
835 1828 994 1896 amicitias
1007 1829 1248 1898 constituerunt
1265 1855 1273 1897 ε
1293 1843 1326 1899 et

295 1973 370 2016 curn
389 1949 502 2042 paucis
524 1944 677 2016 collocuti
698 1943 870 2016 clientibus
894 1945 977 2033 suis,
999 1947 1118 2039 quibus
1131 1961 1258 2016 tantum
1276 1949 1324 2017 fa·

295 2069 389 2135 cinus
407 2067 610 2134 committere
630 2064 809 2152 audebant,
828 2067 973 2158 priunum
996 2067 1105 2134 eonati
1131 2081 1226 2156 suut,
1243 2091 1325 2162 prae·

296 2187 417 2254 fectum
434 2185 596 2277 equiturn,
617 2186 655 2253 C.
674 2182 896 2273 Volusenum,
916 2184 1117 2273 interficere,
1139 2201 1176 2254 ut
1195 2201 1325 2281 postea,

294 2303 381 2372 bello
408 2303 574 2388 confecto,
603 2303 772 2398 cognitum
800 2317 868 2387 est3
890 2319 926 2371 ut
950 2329 1025 2372 cum
1053 2331 1189 2374 munere
1214 2303 1326 2400 aliquo

295 2423 476 2518 perfugisse
495 2422 537 2492 nd
557 2423 750 2517 Pompeium
771 2422 969 2494 viderentur.
989 2428 1167 2520 Postquam
1185 2425 1218 2494 id
1237 2427 1324 2494 diffi-

295 2544 388 2613 cilius
420 2545 527 2612 visum
549 2556 622 2631 est,
652 2565 758 2635 neque
787 2541 925 2612 facultas
946 2544 1135 2638 perficiendi
1168 2545 1326 2631 dabatur,

247 2752 250 2764 Ι
295 2689 394 2756 quam
413 2665 569 2732 maximas
593 2677 769 2757 potuerunt
791 2666 944 2757 pecunias
962 2667 1118 2748 mutuati,
1139 2663 1273 2758 perinde
1287 2688 1326 2733 ac

295 2785 362 2852 suis
396 2781 580 2852 satisfacere
605 2796 638 2850 et
668 2781 816 2850 fraudata
851 2785 1020 2852 restituere
1050 2782 1189 2868 vellent,
1215 2781 1325 2852 multis

295 2905 454 2996 coemptis
472 2902 580 2994 equis,
596 2900 639 2970 ad
653 2901 846 2994 Pompeium
865 2903 1065 2972 transierunt
1078 2928 1152 2974 cum
1174 2903 1325 2996 iis‚quos

295 3023 345 3091 sui
364 3021 491 3089 consilii
508 3021 681 3114 participes
700 3019 873 3089 habebant.

344 3141 431 3218 th.
452 3140 545 3226 Quos
562 3139 756 3231 PompeiuS,
777 3138 866 3231 quod
882 3155 975 3209 erant
991 3140 1131 3211 honesto
1148 3140 1220 3212 loco
1237 3141 1324 3228 uati,

295 3273 328 3326 et
348 3258 498 3326 instructi
516 3255 709 3345 liberaliter,
727 3281 913 3351 magnoque
927 3261 1084 3330 comitatu
1103 3274 1137 3329 et
1151 3259 1262 3329 multis
1272 3261 1326 3352 ju·

295 3376 413 3446 mentis
443 3390 614 3462 venerant,
641 3377 768 3469 virique
785 3377 885 3446 fortes
906 3378 1129 3464 habebantur,
1149 3393 1181 3445 et
1204 3380 1236 3444 in
1263 3375 1325 3443 ho·

296 3519 376 3566 nore
395 3494 484 3589 apud
503 3497 666 3564 Caesarem
683 3493 825 3582 fuerant,
845 3495 999 3588 quodque
1019 3519 1139 3566 novum
1158 3508 1191 3562 et
1209 3506 1327 3586 praeter

295 3614 567 3686 consuetudinem
590 3613 771 3702 acciderat,
800 3637 860 3706 per
885 3613 997 3682 omnia
1016 3637 1076 3683 sua
1092 3610 1240 3706 praesidia
1263 3611 1326 3679 cir·

296 3736 485 3822 cumduxit,
504 3749 602 3827 atquc
622 3733 822 3801 ostentavit:
844 3755 921 3798 nam
940 3744 1017 3800 ante
1037 3728 1071 3799 id
1089 3744 1217 3823 tempus
1229 3753 1326 3798 nemo

296 3869 354 3927 aut
372 3853 464 3923 miles
483 3868 540 3921 aut
562 3876 661 3945 eques
681 3875 700 3919 a
721 3853 846 3920 caure
862 3849 903 3918 ad
926 3851 1117 3944 Pompeium
1136 3850 1325 3935 transierat,

296 3999 397 4068 quum
408 3998 489 4066 pene
505 3971 652 4065 quotidie
668 3971 856 4064 aPompeio
873 3969 913 4040 ad
924 3974 1083 4042 Caesarem
1099 3971 1326 4066 perfugerant,
