3048 4770
444 344 495 400 DE
514 345 636 400 uento
657 347 820 404 GALLICO
840 347 909 404 LIB.
925 349 968 422 ΙΙ.Ι
1178 351 1216 426 49

190 465 276 535 hanc
286 468 346 536 sub
357 469 494 536 sarcinis
503 468 625 538 adoriri
638 495 720 563 :qua
731 469 840 563 pulsa,
852 470 1160 569 impedimentisque
1170 478 1220 548 di·

189 587 307 680 septis,
324 587 493 672 luturum,
511 602 549 655 ut
566 588 699 682 reliquae
714 604 830 658 contra
846 592 1023 659 consistere
1038 617 1107 661 nou
1122 595 1222 665 aude-

191 718 276 773 rent.
292 704 479 796 Adiuvabat
495 707 595 774 etiam
611 732 726 776 eorum
742 708 934 794 consilium,
946 713 1004 804 qui
1021 735 1090 779 rem
1103 712 1225 782 defere-

190 823 288 907 bant,
298 822 387 916 quod
397 815 736 934 Nerviilantiquitus,
746 852 823 895 cum
833 830 982 921 equitatu
995 830 1078 898 nihil
1093 847 1225 923 possent
1309 861 1312 866 ’

192 940 314 1034 (neque
322 944 410 1011 enim
418 939 532 1012 adhoc
547 957 679 1038 tempus
694 947 724 1012 ei
741 947 789 1014 rei
805 945 955 1033 student,
974 948 1045 1036 sed,
1065 951 1226 1042 quidquid

193 1079 346 1157 possunt,
359 1063 566 1159 pedestribus
580 1064 691 1136 valent
702 1067 831 1161 copiis),
844 1092 911 1160 quo
924 1067 1051 1136 facilius
1064 1072 1223 1140 finitimo-

193 1207 267 1252 rum
283 1185 482 1276 equitatum,
496 1186 522 1252 si
537 1183 706 1279 praedandi
718 1211 815 1255 causa
831 1185 872 1255 ad
886 1211 942 1254 eos
957 1188 1111 1273 venisset,
1125 1190 1227 1280 impe·

194 1301 317 1386 direct,
331 1304 451 1372 teneris
465 1285 637 1374 arboribus
650 1305 762 1373 incisis
773 1320 872 1398 etque
886 1304 1029 1393 inflexis,
1040 1307 1227 1400 crebrisque

195 1423 228 1488 in
245 1419 454 1489 latitudinem
474 1422 573 1490 ramis
592 1424 714 1510 enatis,
731 1438 766 1491 et
784 1425 876 1492 rubis
896 1424 1107 1518 sentibusque
1125 1427 1227 1494 inter-

193 1540 288 1633 jectis
315 1539 512 1628 effecerant,
538 1555 575 1609 ut
599 1541 703 1610 instar
723 1543 811 1610 muri
833 1542 884 1610 hae
908 1567 1000 1636 sepes
1023 1547 1227 1612 munimenta

197 1661 393 1753 praeberent3
406 1684 473 1754 quo
486 1684 553 1728 non
566 1660 664 1728 modo
679 1662 813 1748 intrari,
823 1660 880 1729 sed
894 1685 936 1729 ne
946 1663 1085 1755 perspici
1095 1663 1228 1754 quidem

198 1795 315 1874 posset.
331 1780 392 1848 His
409 1779 506 1846 rebus
521 1801 624 1871 quum
643 1781 705 1847 iter
723 1780 863 1872 agminis
878 1779 983 1846 nostri
997 1777 1228 1872 impediretur,

199 1925 263 1970 non
280 1896 504 1968 omittendum
523 1897 585 1965 sibi
604 1896 778 1966 consilium
797 1898 911 1966 Nervii
929 1898 1209 1966 existimaverunt.

244 2021 368 2089 XVIII.
389 2018 471 2086 Loci
486 2031 603 2086 natura
618 2029 689 2085 erat
705 2016 789 2103 hnc,
806 2039 904 2110 quem
921 2016 1031 2086 locum
1047 2019 1150 2087 nostri
1165 2043 1229 2086 cas·

198 2140 257 2207 tris
272 2137 473 2231 delegerant.
490 2135 609 2224 Collis,
623 2136 664 2204 ab
684 2160 813 2204 summo
828 2135 997 2229 equaliter
1013 2136 1167 2225 declivis,
1188 2137 1230 2208 ad

198 2259 321 2326 llumeu
338 2257 469 2342 Sabim,
489 2254 579 2349 quod
598 2278 698 2348 supra
715 2256 972 2342 nominavimus,
991 2257 1156 2350 vergebat.
1179 2257 1230 2326 Ab

200 2402 239 2445 eo
259 2375 395 2445 llumine
421 2376 491 2468 pari
515 2372 700 2444 acclivitate
725 2361 817 2443 collis
842 2374 1051 2463 nascebatur,
1076 2374 1232 2444 adversus

198 2495 277 2564 huic
293 2510 326 2564 et
338 2496 538 2581 contrarius,
554 2517 668 2587 passus
682 2493 813 2584 circiter
826 2492 1000 2579 ducentos,
1013 2493 1126 2563 infima
1139 2518 1232 2585 aper-

201 2630 267 2702 tus,
284 2614 325 2681 ab
344 2613 512 2705 superiore
530 2627 623 2703 parte
640 2609 810 2698 silvestris,
827 2624 864 2678 ut
881 2635 947 2678 non
963 2608 1058 2679 facile
1071 2611 1233 2680 introrsus

201 2733 343 2827 perspici
364 2725 487 2824 posset.
513 2733 606 2798 Intra
625 2754 678 2798 eas
698 2728 797 2797 silvas
819 2729 928 2796 hostes
947 2730 982 2795 in
1009 2726 1139 2796 occulto
1164 2753 1234 2797 sese

202 2851 416 2922 continebant
434 2875 442 2918 :
460 2851 493 2916 in
514 2863 628 2942 aperto
649 2847 738 2933 loco,
759 2846 940 2917 secundum
963 2844 1101 2932 llumen,
1121 2871 1234 2940 paucae

203 2974 362 3042 stationes
378 2971 527 3064 equitum
539 2967 747 3038 videbantur.
761 2965 923 3036 Fluminis
937 2980 1007 3035 erat
1022 2963 1164 3036 altitudo
1179 2991 1235 3061 pe-

203 3092 284 3162 dum
299 3092 431 3160 circiter
447 3090 557 3158 trium.

252 3214 344 3280 XIX.
370 3212 494 3296 Cesar,
515 3209 665 3302 equitatu
685 3208 867 3300 premisso,
886 3207 1145 3301 subsequebatur
1165 3231 1236 3274 om-

145 3298 150 3311 )
205 3332 303 3400 nibus
315 3331 419 3423 copiis
431 3353 438 3396 :
450 3326 508 3397 sed
517 3329 603 3395 ratio
614 3325 915 3422 ordoqneagminis
924 3324 1021 3396 aliter
1035 3352 1069 3396 se
1083 3327 1237 3414 babebat,

205 3477 244 3520 ac
261 3447 370 3544 Belgae
392 3447 434 3516 ad
456 3447 597 3516 Nervios
613 3441 809 3514 detulerant.
830 3447 936 3532 Nam,
959 3446 1048 3540 quod
1069 3445 1111 3516 ad
1129 3445 1237 3514 hostes

206 3564 507 3664 appropinquabat,
522 3563 759 3634 consuetudine
772 3588 830 3634 sua
840 3565 949 3635 Cesar
959 3589 1014 3634 ser
1028 3563 1172 3659 legiones
1184 3589 1239 3631 ex·

207 3689 333 3783 peditas
353 3685 493 3756 ducebat
513 3710 521 3752 :
542 3697 618 3778 post
637 3707 691 3752 eas
711 3685 811 3754 totius
827 3685 990 3754 exercitus
1006 3682 1239 3778 impedimenta

206 3806 385 3878 collocarat
402 3829 409 3871 :
431 3802 509 3872 inde
526 3801 598 3871 duae
618 3799 777 3896 legiones,
795 3827 868 3898 que
883 3805 1032 3898 proxime
1048 3803 1241 3897 conscripta

206 3941 324 4014 crant,
350 3935 458 3994 totum
478 3945 596 4015 agmen
623 3918 839 4010 claudebant,
864 3923 1081 4017 presidioque
1102 3919 1241 4016 impedi·

356 4075 378 4119 t.
1077 4071 1097 4123 ‘l
