3020 4768
452 375 502 430 nu
518 371 645 432 nunno
666 373 779 429 crvus
802 372 873 429 un.
894 373 916 429 t.
1163 393 1198 446 η

177 529 270 597 aequo
287 502 360 572 loco
380 497 550 593 pugnandi
568 484 773 590 potestatem.
792 499 957 564 Potestate
980 495 1084 585 sacta,
1104 499 1199 572 Alca-

178 625 252 693 nius
269 622 379 714 copias
396 617 521 702 educit,
537 617 620 686 etin
639 614 750 690 medio
766 611 849 684 colle
866 615 929 682 sub
949 617 1062 687 castris
1079 622 1200 688 consti-

177 742 249 810 tuit.
275 743 404 819 Cesar,
438 735 495 804 ubi
518 734 693 827 coguovit,
720 757 779 826 per
797 732 969 802 Afranium
1002 749 1103 822 stare,
1133 761 1212 828 quo,

177 861 287 928 minus
305 852 420 950 proelio
437 852 665 938 dimicaretur,
682 851 724 922 ab
741 851 862 920 infimis
879 851 1043 923 radicibus
1057 857 1199 940 montis,

175 977 369 1048 intermissis
378 973 509 1044 circiter
522 971 671 1066 passibus
687 995 752 1056 cn,
768 985 873 1040 castra
890 971 996 1044 lacere
1009 975 1198 1044 constituitr

178 1111 228 1182 et,
244 1119 287 1164 ne
309 1095 344 1164 in
370 1116 471 1188 opere
486 1089 636 1162 faciendo
658 1088 778 1161 milites
799 1092 971 1183 repentino
988 1091 1133 1162 hostium
1151 1093 1200 1161 in-

177 1240 276 1288 cursu
297 1225 559 1297 exterrerentur,
580 1226 679 1308 atque
702 1234 801 1305 opere
819 1211 1088 1306 prohiberentur,
1112 1211 1200 1282 vallo
1299 1306 1302 1312 Ι

177 1335 299 1406 muniri
322 1333 446 1417 vetuit,
472 1331 563 1425 quod
588 1333 731 1404 eminere
757 1344 790 1400 et
804 1330 918 1424 procul
945 1329 1049 1402 videri
1071 1355 1201 1404 necesse

177 1469 262 1540 erat,
281 1453 337 1524 sed
354 1451 497 1523 afronte
514 1466 631 1522 contra
652 1451 777 1523 bostem
796 1449 916 1542 pedum
929 1475 973 1520 xv
991 1450 1111 1522 fossam
1128 1451 1199 1520 fieri

174 1573 281 1666 jussit.
303 1573 414 1642 Prima
446 1586 480 1642 et
502 1571 643 1642 secunda
670 1570 755 1640 ecies
778 1570 812 1638 in
835 1572 950 1656 armis,
972 1585 1011 1639 ut
1034 1571 1076 1640 ab
1105 1571 1201 1638 initio

177 1693 356 1760 constitute
379 1705 463 1777 erat,
484 1689 697 1784 permanebat
715 1715 723 1758 r
746 1703 821 1781 post
838 1688 995 1782 hocopus
1016 1689 1052 1756 in
1071 1687 1201 1759 occulto

178 1835 197 1878 a
214 1814 310 1882 tertia
323 1811 391 1878 acie
408 1809 518 1878 fiebat.
533 1809 587 1878 Sic
603 1832 702 1880 omne
717 1809 810 1903 prius
825 1823 873 1878 est
888 1807 1085 1902 perlectum,
1102 1831 1201 1900 quam

179 1928 418 2022 intelligeretur
436 1926 478 1996 ab
496 1927 649 2015 Afranio,
668 1941 773 1998 castra
792 1927 922 1996 muniri.

226 2049 329 2116 XLII.
349 2045 417 2116 Sub
434 2069 624 2139 vesperum,
642 2047 750 2116 Cesar
768 2047 852 2117 intra
867 2045 953 2114 hanc
969 2044 1086 2116 fossam
1105 2043 1204 2138 legio-

180 2189 237 2234 nes
264 2163 410 2250 reducit,
434 2179 534 2257 atque
559 2164 604 2235 ibi
626 2165 692 2236 sub,
713 2167 812 2234 armis
835 2164 982 2258 proximo
1003 2179 1099 2234 nocte
1125 2189 1203 2236 oon·

181 2284 327 2376 quiescit.
355 2286 491 2353 Postero
521 2283 574 2354 die
602 2307 733 2352 omnem
768 2285 946 2353 exercitum
969 2285 1056 2352 intra
1082 2283 1202 2356 fossam

181 2403 340 2489 continet,
360 2416 407 2484 et,
424 2403 515 2496 quod
533 2402 663 2499 lougius
679 2419 751 2474 erat
765 2428 866 2502 agger
880 2403 1055 2497 petendus,
1072 2405 1107 2475 in
1124 2429 1204 2497 prae-

180 2523 285 2592 sentia
301 2519 445 2592 similem
460 2523 622 2594 rationem
638 2526 747 2616 operis
766 2522 929 2606 instituit,
944 2520 1138 2615 singulaque
1158 2521 1204 2590 la·

181 2653 251 2708 tera
270 2654 453 2711 castrorum
472 2641 610 2734 singulis
626 2643 779 2710 attribuit
803 2640 987 2734 legionibus
1005 2639 1203 2723 munienda,

180 2757 349 2850 fossasque
367 2759 409 2830 ad
424 2759 570 2835 eamdem
592 2759 850 2854 magnitudinem
868 2759 977 2852 perfici
993 2759 1114 2851 jubet:
1131 2758 1204 2830 reli·

138 2937 145 2950 .
180 2899 263 2968 quas
279 2875 423 2971 legiones
451 2879 484 2946 in
509 2880 607 2949 armis
625 2877 789 2972 expeditas
809 2891 924 2948 contra
940 2877 1068 2950 hostem
1083 2879 1205 2950 cousti-

180 2996 255 3065 tuit
276 2994 428 3064 Afranius
446 2997 660 3090 Petreiusque
675 2997 814 3069 terrendi
841 3021 955 3082 causa,
974 3013 1074 3090 atque
1097 2999 1204 3092 operis

182 3113 395 3205 impediendi,
414 3115 523 3208 copias
540 3140 615 3187 suas
630 3115 672 3184 ad
697 3115 825 3187 infimas
845 3118 964 3190 unontis
980 3115 1107 3188 radices
1125 3141 1204 3210 pro·

181 3229 325 3318 ducunt,
340 3247 374 3302 ct
387 3231 502 3327 proelio
523 3232 694 3306 lacessunt
715 3236 831 3328 Neque
849 3232 969 3306 ideirco
989 3239 1099 3308 cesar
1121 3261 1205 3329 opus

181 3351 387 3434 intermittit,
400 3352 543 3423 confisus
558 3353 711 3446 prasidio
729 3353 895 3448 legionum
912 3357 1027 3444 trium,
1046 3369 1079 3425 et
1095 3358 1204 3425 muni-

182 3467 271 3538 tione
289 3468 392 3541 fosse.
409 3469 478 3554 Illi,
496 3496 564 3540 non
579 3471 637 3540 diu
653 3474 860 3559 commorati,
876 3499 934 3545 nec
949 3473 1079 3568 longius
1096 3474 1139 3542 ob
1156 3475 1205 3540 in·

182 3586 260 3663 fimo
285 3587 368 3658 colle
393 3592 581 3684 progressi,
600 3593 710 3684 copias
727 3593 761 3662 in
780 3607 887 3666 castra
905 3592 1077 3665 reducunt.
1093 3593 1205 3662 Tertio

182 3703 235 3777 die
254 3709 366 3779 Cesar
383 3707 471 3778 vallo
493 3724 599 3780 castra
626 3714 808 3784 communit
834 3739 842 3782 ε
871 3713 1011 3804 reliquas
1035 3711 1206 3798 cohortes,

183 3847 271 3915 quas
281 3829 314 3896 in
330 3831 552 3922 superioribus
569 3834 684 3902 castris
698 3832 888 3926 reliquerat,
910 3831 1207 3925 impedimentaque

183 3942 224 4010 ad
239 3967 272 4010 sc
292 3947 419 4018 traduci
430 3949 532 4040 jubet.
