3068 4772
298 393 353 450 138
438 394 469 449 C.
491 392 589 448 IULII
610 391 774 448 CAESABJS
794 391 1156 450 commententur

295 520 387 612 prius
407 541 508 610 quam
532 514 652 588 auxilia
671 530 944 584 concurrerent.»
964 519 1094 610 Itaque,
1114 543 1192 588 usus
1211 521 1325 616 singu.

295 637 355 706 lari
377 636 516 706 militum
534 634 662 722 studio,
682 631 815 719 codem,
831 658 899 728 quo
917 651 1072 720 venerat,
1086 637 1158 722 die,
1176 654 1251 733 post
1267 641 1324 709 ho

295 781 365 824 ram
394 779 535 841 nonam,
561 754 721 849 oppidum
749 754 912 824 altissimis
939 756 1099 826 moenibus
1128 781 1322 852 oppugnare

250 867 251 870 ¹
293 900 483 970 aggressus,
503 889 581 944 ante
604 873 682 943 solis
705 898 857 944 occasum
876 877 1099 969 expugnavit,
1121 891 1155 945 et
1178 877 1220 944 ad
1241 877 1322 948 diri·

294 994 451 1088 piendum
466 993 625 1063 militibus
636 995 816 1080 concessit5
831 996 1008 1087 statimque
1020 994 1062 1062 ab
1074 993 1199 1088 oppido
1212 1011 1322 1066 cestra

294 1117 416 1198 movit,
437 1129 470 1185 et
488 1112 699 1208 Metropolim
721 1115 829 1198 venit,
848 1115 914 1200 sic,
935 1129 969 1194 ut
991 1117 1123 1185 nuntios
1142 1121 1320 1212 expugnati

291 1235 404 1328 oppidi
424 1235 609 1328 samumque
626 1232 839 1304 antecederet.

343 1356 493 1423 LXXXI.
520 1352 758 1448 Metropolitae,
778 1354 921 1447 primum
943 1353 1059 1424 eodem
1085 1356 1134 1422 usi
1163 1356 1321 1441 consilio,

292 1473 406 1542 iisdem
436 1475 576 1567 permoti
596 1474 806 1558 rumoribus,
832 1487 942 1566 portas
966 1473 1174 1561 clauserunt,
1195 1471 1321 1546 muros-

292 1618 358 1687 que
384 1595 520 1664 armetis
542 1593 819 1688 compleverunt:
844 1595 899 1663 sed
923 1609 1059 1688 postea,
1076 1618 1155 1664 casu
1179 1597 1320 1666 civitatis

292 1714 537 1808 comprehensis
558 1714 690 1808 cognito
713 1738 753 1782 es
774 1714 932 1807 captivis,
949 1738 1032 1807 quos
1056 1717 1165 1784 Caesar
1186 1716 1228 1785 ed
1249 1741 1321 1784 mu-

293 1857 366 1902 rum
387 1832 615 1927 producendos
634 1848 821 1914 curaverat,
838 1848 950 1926 portus
964 1849 1173 1926 aperuerunt.
1189 1835 1319 1922 Quibus
1342 1861 1344 1866 ’

292 1950 538 2046 diligentissime
553 1953 770 2038 conservetis,
785 1950 903 2021 collata
920 1951 1052 2020 fortune
1065 1953 1317 2048 Metropolitum

291 2098 366 2144 cum
395 2098 473 2142 casu
497 2073 778 2165 Gomphensium,
800 2071 1081 2144 nulleThessuliae
1101 2073 1317 2159 trucium,

293 2207 409 2286 praeter
431 2193 624 2278 Lerissaeos,
643 2194 700 2284 qui
719 2192 846 2286 magnis
866 2194 1061 2262 exercitibus
1087 2193 1249 2287 Scipionis
1276 2209 1319 2262 te·

292 2312 466 2396 rebantur,
488 2311 567 2403 quin
592 2311 711 2378 Caeseri
732 2325 901 2404 parerent,
923 2325 1021 2404 atque
1046 2315 1203 2408 imperate
1234 2313 1319 2383 buce·

290 2445 373 2498 rent.
395 2428 472 2516 Ille,
491 2431 610 2523 segetis
633 2429 787 2499 idoneum
806 2429 915 2500 locum
931 2432 964 2499 in
984 2433 1071 2526 egris
1090 2448 1226 2520 nactus,
1245 2457 1317 2527 quor

290 2574 393 2644 prope
412 2550 479 2641 jam
504 2562 740 2630 maturuerat,
757 2549 803 2618 ibi
821 2550 1000 2618 adveutum
1016 2565 1205 2645 exspectare
1221 2555 1317 2622 Pom·

291 2671 375 2763 peii,
392 2695 495 2762 eoque
511 2693 640 2740 omnem
654 2669 815 2738 rationem
834 2668 909 2737 belli
926 2669 1075 2739 conferre
1089 2673 1267 2740 constituit.

336 2791 508 2859 LXXXII.
524 2790 701 2883 Pompeius
718 2789 830 2882 paucis
845 2805 922 2884 post
934 2788 1049 2859 diebus
1063 2791 1095 2859 in
1114 2789 1317 2860 Thessaliam

291 2910 461 3004 pervenit3
479 2909 758 3000 concionatusque
768 2909 857 3002 apud
872 2923 1026 2978 cunctum
1038 2908 1234 2998 exercitum,
1249 2911 1317 2979 suis

288 3031 357 3123 agit
381 3029 521 3122 graties3
549 3029 711 3120 Scipionis
737 3026 857 3097 milites
880 3029 1083 3114 cohortatur,
1108 3045 1195 3118 eut,
1222 3044 1317 3124 parte

285 3151 353 3242 jam
377 3148 533 3233 victoria,
551 3147 668 3240 praedae
688 3171 726 3216 ac
747 3149 956 3240 praemiorum
974 3148 1077 3218 velint
1094 3173 1165 3220 esse
1183 3149 1317 3244 partici-

289 3293 347 3361 pes
368 3278 408 3336 t»
431 3268 637 3360 receptisque
656 3266 809 3336 omnibus
831 3269 865 3334 in
890 3292 956 3338 uua
982 3284 1089 3338 cestra
1111 3267 1316 3361 legionibus,

288 3411 384 3456 suum
411 3411 487 3456 cum
513 3387 666 3479 Scipione
697 3387 858 3460 honorem
890 3388 1043 3480 partitur,
1078 3385 1316 3475 classicumque

286 3505 376 3602 apud
397 3531 472 3575 eum
495 3507 585 3592 cani,
604 3519 636 3575 et
659 3506 798 3574 alterum
818 3503 865 3575 illi
884 3507 979 3599 jubet
999 3505 1187 3600 praetorium
1209 3499 1312 3570 tendi.

286 3627 400 3699 Auctis
422 3627 525 3719 copiis
548 3625 718 3718 Pompeii,
744 3625 938 3716 duobusque
961 3624 1088 3718 magnis
1114 3621 1314 3689 exercitibus

286 3747 488 3841 conjunctis,
504 3745 638 3839 pristine
649 3743 798 3812 omnium
815 3741 1028 3810 continuatur
1044 3741 1175 3836 opinio,
1192 3753 1225 3808 et
1239 3763 1316 3837 spes

286 3868 431 3936 victoriae
455 3879 592 3959 augetur
611 3863 712 3946 adeo,
734 3876 789 3949 ut,
808 3859 969 3954 quidquid
996 3859 1212 3944 intercederet
1231 3874 1317 3928 tem·

287 3988 398 4080 poris,
424 3985 456 4052 id
483 3984 604 4052 morari
627 3981 768 4050 reditum
790 3981 824 4049 in
846 3978 974 4049 Italiam
998 3979 1187 4068 videretur3
1212 3997 1262 4067 et,
1290 3981 1318 4048 si
