3042 4772
484 410 536 468 nn
556 409 679 465 sonno
699 407 990 464 snnxxunnmo
1197 409 1251 484 ιδῃ

221 539 440 609 confecerunt.
458 533 509 605 A'd
523 533 582 603 bas
597 534 741 602 minores
754 545 947 624 apertasque
961 529 1147 623 complures
1162 523 1252 626 adje-

222 672 352 742 cerunt,
371 671 405 726 et
424 656 575 750 inportu
608 651 783 747 periclitati
813 651 969 746 remigio,
1001 649 1082 743 quid
1113 671 1251 745 qnaequc
1302 646 1307 656 ’

219 801 333 846 earnm
351 774 478 866 efficere
498 785 624 867 posset,
645 770 781 842 idoneos
797 767 917 838 milites
935 769 1182 864 imposuerunt,
1201 794 1252 839 se·

221 921 286 990 que
306 894 348 964 ad
365 893 609 989 confligendum
627 891 781 962 omnibus
798 890 897 960 rebus
916 905 1123 983 paraverunt.
1143 893 1252 962 Caesar

221 1016 355 1086 rhodius
373 1039 471 1084 naves
491 1038 527 1083 tx
544 1012 685 1080 babebat
701 1009 815 1104 (nam,
832 1034 855 1079 x
872 1010 994 1095 missis,
1017 1033 1081 1078 una
1102 1010 1135 1078 in
1153 1034 1252 1081 cursu

220 1132 317 1202 litore
344 1134 486 1228 aegyptio
509 1127 707 1222 defecerat),
732 1129 879 1222 ponticas
902 1151 988 1215 vut,
1013 1125 1114 1222 lycius
1140 1152 1181 1216 v,
1211 1153 1251 1199 ex

220 1254 297 1323 Asia
308 1277 369 1323 xtt.
381 1255 429 1321 Ex
442 1252 494 1321 his
504 1249 758 1344 quinqueremes
769 1271 791 1314 v
803 1261 912 1334 eraut,
923 1261 954 1316 et
968 1245 1192 1341 quadriremes
1204 1273 1227 1317 x
1242 1272 1251 1316 ε

220 1369 355 1465 reliquae
371 1369 456 1439 infra
473 1371 558 1439 banc
576 1366 850 1463 magnitudinem,
867 1379 899 1434 et
926 1363 1090 1460 plerasque
1119 1381 1250 1461 aperta.

220 1494 343 1560 Tamen
357 1491 478 1559 virtute
489 1487 629 1558 militum
645 1485 789 1556 conlisus
798 1539 807 1571 ,
817 1487 955 1580 cognitis
968 1486 1111 1556 bostium
1127 1489 1251 1582 copiis,

221 1635 255 1679 se
271 1610 312 1685 ad
333 1607 553 1679 dimicandum
572 1607 717 1702 parabat.

140 1797 145 1809 ,
268 1733 360 1800 xlv.
384 1733 563 1821 Postquam
581 1751 621 1796 so
640 1715 775 1794 ventum
793 1738 856 1813 ast,
882 1739 921 1793 ut
946 1726 1008 1795 sibi
1033 1739 1171 1820 uterque
1196 1751 1251 1796 eo·

219 1875 296 1918 rum
309 1849 503 1935 confideret,
518 1849 628 1917 Caesar
639 1845 772 1916 Pharon
790 1843 892 1914 clesse
906 1844 1184 1932 circumvehitur,
1199 1845 1252 1915 ad·

219 1991 393 2064 versasque
416 1991 513 2035 naves
542 1965 692 2035 hostibus
719 1965 921 2050 constituitq
942 1965 976 2032 in
1004 1965 1121 2034 dextro
1146 1989 1250 2034 cornu
1319 2035 1321 2038 ,

220 2087 353 2156 rhodius
379 2085 537 2172 collocat,
567 2086 601 2153 iu
627 2085 758 2153 sinistro
789 2084 948 2177 ponticas.
974 2085 1066 2152 luter
1094 2083 1154 2152 bns
1178 2109 1252 2178 spa·

219 2207 302 2274 tium
319 2229 364 2276 co
381 2229 533 2300 passuum
549 2203 721 2298 relinquit,
736 2202 826 2297 quod
843 2205 920 2273 satis
937 2227 1007 2272 esse
1023 2203 1065 2273 ad
1083 2202 1249 2298 explican-

219 2323 277 2394 das
295 2349 395 2394 naves
413 2323 594 2396 videbatur.
621 2328 700 2394 Post
717 2323 806 2392 bunc
823 2322 973 2394 ordinem
990 2321 1132 2418 reliques
1150 2349 1251 2394 naves

219 2445 365 2514 subsidio
382 2445 548 2514 distribuit
568 2470 575 2512 :
595 2467 668 2536 quae
685 2467 850 2536 quamque
881 2467 994 2512 earum
1020 2457 1190 2538 sequatur,
1217 2459 1251 2512 et

218 2566 271 2633 cni
289 2563 477 2650 subveniat,
496 2564 666 2633 constiutit
686 2576 786 2654 atque
804 2563 952 2656 imperat.
965 2562 1044 2630 Non
1064 2561 1252 2632 dubitanter

218 2679 433 2750 Alexandrini
462 2681 597 2750 classem
628 2679 813 2774 producunt
844 2694 943 2774 etque
976 2681 1145 2748 instruunt
1172 2706 1180 2749 ε
1217 2681 1250 2750 in

218 2801 326 2870 lronte
346 2798 509 2868 collocant
532 2821 625 2884 xxtt;
651 2796 791 2890 reliquas
813 2798 1023 2868 subsidiarias
1047 2799 1080 2865 in
1107 2798 1251 2868 secundo

218 2918 333 2987 ordine
358 2918 573 2986 constituunt.
591 2919 752 3010 Magnum
770 2932 928 3011 praeterea
947 2940 1119 2986 numerum
1146 2919 1252 2985 mino·

217 3061 291 3104 rum
309 3037 513 3130 navigiorum
531 3051 565 3104 et
581 3035 776 3130 scapharum
794 3034 982 3130 producunt
997 3061 1073 3105 cum
1091 3034 1251 3107 malleolis

134 3243 137 3248 Ι
217 3155 428 3249 ignibusque,
441 3155 468 3224 si
480 3153 560 3247 quid
572 3157 640 3248 ipss
653 3153 846 3241 multitudo,
856 3169 889 3224 et
898 3152 1036 3243 clamor,
1053 3173 1086 3224 et
1100 3155 1250 3244 flamma,

216 3274 338 3342 nostris
357 3275 490 3344 terroris
505 3273 624 3344 allerre
643 3288 786 3369 possent.
807 3277 912 3344 Erant
929 3275 1016 3344 inter
1032 3273 1115 3344 duas
1134 3273 1250 3346 classes

217 3393 302 3464 vada
317 3394 455 3462 transitu
473 3409 628 3488 angusto,
645 3417 718 3486 quae
733 3395 900 3488 pertinent
917 3393 959 3463 sd
977 3397 1144 3490 regionem
1161 3395 1251 3467 Afri·

216 3537 261 3582 ω
280 3512 349 3608 (sic
367 3515 456 3582 enim
475 3513 671 3608 praedicant,
693 3529 820 3608 partem
838 3538 908 3594 esse
928 3512 1133 3585 Alexandria
1152 3514 1250 3585 dimi·

218 3630 305 3702 diem
323 3633 480 3728 Ast-irre),
498 3635 641 3728 satisque
659 3633 717 3704 diu
736 3635 823 3704 iuter
838 3625 926 3730 ipsos
944 3649 992 3703 est
1010 3647 1250 3728 exspectatum,

217 3750 258 3817 ab
271 3753 353 3820 utris
368 3753 556 3822 transeundi
568 3753 661 3824 fieret
671 3754 802 3824 initium
812 3779 822 3841 ς
833 3769 1007 3848 propterea
1017 3752 1122 3848 quod,
1136 3755 1249 3848 eisqui

218 3869 411 3958 intrassent,
431 3887 464 3941 et
479 3872 520 3942 ad
536 3873 763 3968 explicandam
781 3873 933 3960 classem,
952 3889 985 3942 et
999 3865 1042 3944 ad
1061 3889 1249 3969 receptum,

218 3987 245 4055 si
263 3985 378 4056 durior
397 3989 565 4060 accidisset
584 4019 698 4082 casus,
713 3994 935 4088 impeditiores
952 3993 1021 4064 lore
1041 3992 1247 4064 videbantur.
