3048 4770
253 399 291 455 36
408 397 439 450 C.
461 394 557 449 tutu
579 394 741 451 CAESARIS
763 393 1126 451 COMMENTARIORUM

249 511 381 588 circiter
404 518 576 587 meridiem
593 520 772 586 exercitum
796 521 831 586 in
849 533 954 587 castra
974 519 1116 588 reduxit.
1133 523 1220 588 Tum
1237 521 1291 590 de-

253 664 342 708 mum
366 640 552 708 Ariovistus
576 654 703 732 partem
729 662 861 707 suarum
884 621 1070 732 copiarum,
1092 664 1164 732 qnae
1185 657 1291 709 castra

253 761 377 826 minora
401 774 627 853 oppugnaret,
651 760 740 826 misit
766 785 774 826 ε
803 760 922 827 acriter
940 762 1097 853 utrinque
1121 785 1226 854 usque
1250 761 1291 829 ad

250 899 422 970 vesperum
448 892 633 973 pugnatum
650 893 708 946 est.
732 877 816 946 Solis
835 903 954 946 occasu
974 902 1049 946 suas
1066 879 1177 971 copias
1197 883 1293 964 Ario-

249 998 366 1084 vistus,
385 996 499 1066 multis
519 1012 552 1066 et
572 995 672 1066 illatis
690 1013 724 1066 et
743 999 886 1090 acceptis
905 995 1111 1084 vulneribus,
1132 1001 1165 1066 in
1184 1014 1291 1069 castra

248 1114 389 1184 reduxit.
404 1119 517 1206 Q'uum
533 1143 573 1186 ex
590 1120 729 1211 captivis
749 1132 911 1210 quaereret
928 1122 1053 1204 Caesar,
1073 1119 1289 1210 quamobrem

247 1237 431 1306 Ariovistus
452 1236 568 1329 proelio
586 1262 653 1305 non
679 1237 878 1324 decertaret,
897 1237 984 1306 hanc
1006 1231 1193 1330 reperiebat
1216 1265 1290 1308 eau-

248 1379 335 1438 saur,
355 1354 444 1448 quod
461 1355 550 1448 apud
568 1358 753 1425 Germanos
770 1382 808 1425 ea
828 1356 1035 1426 consuetudo
1053 1371 1152 1444 esset,
1169 1373 1207 1426 ut
1222 1383 1290 1426 ma·

248 1489 316 1542 tres
340 1473 472 1542 familia
491 1499 606 1543 eorum
624 1475 767 1544 sortibus
784 1490 818 1543 et
834 1477 1123 1545 vaticinationibus
1143 1475 1290 1546 declara·

247 1609 338 1676 rent,
354 1607 468 1662 utrum
485 1593 638 1686 proelium
656 1596 817 1663 committi
839 1619 878 1663 ex
893 1620 954 1662 usu
975 1609 1072 1684 esset,
1089 1621 1193 1667 necne
1211 1623 1218 1663 :
1235 1621 1288 1664 eas

248 1714 294 1780 ita
313 1711 449 1781 dicere:
469 1743 486 1777 a
505 1715 583 1784 Non
604 1738 673 1782 esse
696 1714 744 1782 fas
764 1717 952 1783 Germanos
969 1739 1141 1808 superare,
1162 1717 1189 1785 si
1214 1730 1289 1785 autc

249 1859 369 1904 novam
386 1833 500 1904 lunam
516 1833 633 1927 proelio
648 1834 906 1904 contendissent.
925 1865 942 1899 n

296 1959 351 2024 LI.
369 1953 533 2023 Postridie
543 1956 612 2046 ejus
626 1953 692 2021 diei
705 1957 816 2021 Caesar
828 1954 980 2045 praesidio
997 1957 1145 2046 utrisque
1158 1957 1288 2042 castris,

248 2074 338 2167 quod
359 2076 437 2143 satis
455 2099 524 2142 esse
541 2075 649 2142 visum
663 2088 714 2141 est
730 2070 880 2165 reliquit3
898 2080 1014 2140 omnes
1030 2071 1149 2141 alarios
1163 2076 1197 2142 in
1211 2099 1288 2142 eon·

248 2207 362 2286 spectu
388 2192 535 2262 hostium
557 2216 619 2285 pro
642 2194 756 2260 castris
782 2179 967 2259 minoribus
989 2193 1177 2279 constituit,
1199 2195 1288 2286 quod

248 2312 359 2382 minus
376 2309 589 2380 multitudine
607 2309 750 2379 militum
770 2297 1045 2404 legionariorum,
1065 2333 1125 2402 pro
1142 2310 1289 2379 hostium

248 2455 405 2517 numero,
423 2428 569 2517 valebat,
590 2443 628 2498 ut
653 2429 695 2498 ad
714 2429 855 2524 speciem
875 2428 984 2498 alariis
1007 2443 1166 2497 uteretur.
1193 2433 1290 2524 Ipse,

249 2539 378 2643 triplici
388 2535 549 2618 instructa
565 2551 655 2636 acie,
673 2573 777 2641 usque
793 2549 836 2616 ad
852 2562 959 2618 castra
975 2548 1121 2617 hostium
1140 2550 1289 2619 accessit.

246 2672 334 2737 Tum
356 2669 490 2738 denium
512 2670 696 2738 necessario
720 2672 881 2738 Germani
900 2693 976 2738 suas
997 2671 1107 2762 copias
1133 2694 1151 2737 e
1175 2671 1292 2739 castris

247 2787 448 2877 eduxerunt,
469 2789 716 2883 generatimque
737 2791 996 2878 constituerunt,
1018 2791 1219 2885 paribusque
1242 2792 1295 2859 in-

250 2905 1292 3006 tervallis,Harudes,Marcomaun0s,Triboccos,Vangiones,

250 3027 420 3114 Nemetes,
436 3028 604 3116 Sedusios,
621 3031 758 3116 Suevos3
774 3055 973 3123 omnemque
990 3031 1093 3099 aciem
1109 3057 1202 3101 suam
1219 3032 1295 3101 rhe·
1331 3019 1338 3032 ’

250 3144 300 3213 dis
315 3159 350 3214 et
364 3147 467 3214 carris
487 3148 791 3236 circumdederunt,
809 3173 933 3242 nequa
951 3173 1024 3242 spes
1045 3152 1079 3216 iu
1101 3149 1178 3243 fuga
1195 3150 1295 3219 relin-

250 3279 418 3358 queretur.
443 3269 493 3333 Eo
522 3266 675 3336 mulieres
700 3269 945 3361 imposuerunt,
971 3292 1046 3362 quae
1076 3269 1111 3336 in
1136 3268 1292 3363 proelium

250 3384 494 3477 proficiscentes
506 3385 626 3455 milites
638 3388 739 3479 passis
754 3388 907 3456 manibus
919 3388 1035 3457 flentes
1052 3387 1290 3482 implorabant,

252 3527 293 3570 ue
309 3527 344 3572 se
359 3505 394 3573 in
411 3505 603 3574 servitutem
620 3508 777 3576 Romanis
794 3508 972 3576 traderent.

298 3624 371 3692 LII.
405 3626 515 3693 Caesar
543 3622 679 3718 singulis
707 3623 889 3718 legionibus
918 3627 1064 3721 singulos
1098 3627 1221 3722 legatos
1257 3643 1292 3696 et

250 3755 446 3835 quaestorem
465 3742 630 3835 praesecit,
651 3745 700 3811 uti
718 3768 774 3812 eos
798 3759 895 3814 testes
914 3769 980 3812 suae
1000 3748 1141 3839 quisque
1157 3747 1292 3815 virtutis

251 3863 397 3930 haberet.
414 3864 490 3955 Ipse
507 3887 526 3930 a
542 3862 657 3930 dextro
672 3887 795 3950 cornu,
812 3863 902 3956 quod
918 3871 1135 3957 campartem
1155 3866 1293 3934 minime

251 3981 380 4049 firmam
396 3982 543 4049 hostium
559 4007 628 4051 esse
642 3984 788 4051 animum
806 3965 1008 4069 adverterat,
1028 3984 1182 4078 proelium
1199 4009 1295 4053 com·
