3060 4768
279 380 335 444 alui
457 383 487 436 C.
506 379 605 436 suut
625 377 795 436 CAESARJS
813 379 1013 435 comus.
1034 378 1145 433 LIBER

277 502 486 596 multumque
502 503 635 597 jactati,
656 501 788 572 tandem
808 501 920 575 multis
939 516 1013 596 post
1030 501 1145 586 diebus
1167 501 1220 572 siti
1242 503 1314 572 iuo-

190 672 194 680 ·
275 629 399 722 piaque
417 627 574 716 conlecti,
593 627 637 696 sd
654 631 816 724 Caesarem
834 627 1041 720 perveniunt.

323 753 413 820 LIV.
445 751 576 840 Quibus
601 750 786 848 legionibus
814 750 987 845 expositis,
1010 774 1137 818 memor
1161 753 1196 818 iu
1218 750 1314 820 Italia

276 876 422 970 pristimo
439 875 580 946 licentis
596 874 747 946 militaris
765 899 803 944 ac
821 876 1012 969 rapinarum
1024 889 1190 944 certorum
1206 875 1314 944 homi·

276 1023 373 1088 uum,
402 997 573 1094 parvulam
601 997 701 1068 modo
727 997 895 1070 causulam
920 1012 1035 1068 nactus
1067 1000 1192 1086 Caesm,
1224 999 1314 1093 quod

276 1127 315 1195 C.
336 1127 500 1213 Avienus,
519 1125 672 1195 tribunus
697 1123 836 1195 militum
860 1147 883 1190 x
905 1121 1058 1220 legionis,
1072 1145 1197 1196 ‚navem
1223 1147 1313 1194 com·

277 1267 404 1337 meatu,
417 1251 541 1324 familia
558 1277 632 1339 sua,
651 1265 752 1345 atque
763 1253 922 1347 jumentis
945 1255 1188 1346 occupavisset,
1205 1275 1313 1346 neque

275 1377 414 1448 militem
436 1399 541 1450 uuum
557 1377 599 1446 sb
613 1377 724 1448 Sicilia
739 1376 937 1464 sustulisset,
957 1392 1090 1472 postero
1107 1378 1161 1448 die
1179 1378 1220 1448 de
1236 1405 1314 1478 sug·

275 1516 386 1596 gestu,
405 1503 594 1570 convocatis
617 1503 767 1572 omnium
787 1501 954 1596 legionum
978 1501 1119 1575 tribunis
1145 1509 1312 1574 centurio·

219 1663 226 1678 ·
275 1625 440 1720 uibusque
454 1629 464 1694 ξ
477 1656 494 1692 α
509 1628 657 1696 Maxime
672 1624 805 1712 vellem,
827 1625 953 1719 inquit,
969 1625 1119 1696 homines
1137 1652 1203 1697 sure
1219 1645 1314 1723 petu-

276 1750 385 1820 lantiae
415 1751 588 1844 nimieque
613 1749 774 1819 libertatis
797 1747 976 1843 aliquando
1005 1750 1105 1822 finem
1135 1750 1311 1840 fecissent,

275 1899 419 1968 meaeque
430 1875 588 1962 lenitatis,
598 1872 781 1961 modestiae,
792 1874 1023 1968 patientiaeque
1034 1875 1196 1945 rationem
1210 1877 1313 1945 habu·

276 2001 388 2068 issent.
400 1999 464 2068 Sed
475 2001 632 2092 quoniam
644 1999 705 2092 ipsi
718 1997 779 2066 sibi
795 2021 902 2090 neque
911 1997 1063 2088 modum,
1080 2021 1188 2093 neque
1202 2001 1313 2068 termi-

276 2249 346 2340 ipse
362 2244 708 2315 documentum-more
727 2243 862 2317 militari
881 2247 1089 2316 constituam.
1108 2248 1147 2315 C.
1162 2248 1312 2336 Arione,

274 2374 364 2464 quod
385 2375 419 2440 in
442 2370 539 2442 Italia
558 2369 677 2442 milites
706 2368 821 2467 populi
838 2372 967 2440 romani
989 2387 1107 2442 eontra
1132 2372 1313 2466 rempubli-

275 2521 347 2566 cam
366 2499 547 2591 instigasti,
567 2499 765 2592 rapinasque
784 2518 844 2590 per
866 2497 1045 2588 municipia
1064 2495 1186 2583 fecisti,
1207 2495 1313 2590 quod-

193 2598 198 2606 .
275 2645 341 2714 que
360 2622 442 2692 mihi
458 2624 574 2714 reique
589 2621 729 2716 publicae
748 2620 874 2690 inutilis
891 2620 998 2706 fuisti,
1017 2635 1052 2690 ct
1070 2644 1132 2715 pro
1149 2619 1312 2692 militibus

276 2759 367 2830 tuam
385 2744 543 2815 familiam
559 2747 775 2840 jumentaque
801 2748 835 2813 in
856 2769 956 2813 naves
974 2745 1174 2838 imposuisti,
1191 2761 1314 2840 tuaque

276 2894 376 2963 opera
396 2867 555 2939 militibus
573 2884 720 2962 tempore
736 2868 920 2941 necessario
936 2867 1121 2962 respublica
1137 2884 1245 2957 caret,
1267 2871 1313 2940 ob

276 3019 331 3064 ess
349 3019 416 3080 res,
435 2995 624 3088 ignominias
645 3017 759 3081 causa,
775 2993 818 3063 ab
830 2995 974 3065 exercitu
995 3017 1070 3062 meo
1085 3007 1118 3062 te
1137 3018 1313 3079 removeo,

277 3119 441 3211 hodieque
457 3142 498 3185 en
521 3116 631 3194 Africa
652 3116 779 3200 abesse,
802 3131 854 3201 et,
879 3132 1041 3209 quantum
1062 3133 1187 3211 potest,
1214 3117 1315 3214 proli·

277 3235 356 3312 cisci
376 3241 488 3332 jubeo.
510 3243 659 3333 Itemque
679 3253 724 3316 te.
743 3243 779 3308 t.
799 3243 930 3324 Fontei,
947 3241 1037 3332 quod
1057 3242 1210 3313 tribunus
1226 3242 1314 3314 mili-

277 3381 348 3434 tum
357 3415 367 3450 ,
376 3362 549 3432 seditiosus
561 3359 733 3456 malusque
742 3365 823 3432 ciris
833 3363 924 3432 luisti
935 3416 945 3450 ,
958 3364 1001 3434 ab
1010 3367 1157 3462 exercitu
1169 3367 1312 3436 dimitto.

277 3493 315 3560 T.
334 3485 479 3574 Saliene,
491 3487 539 3556 Μ.
556 3487 652 3572 Tiro,
670 3489 708 3557 C.
723 3486 893 3574 Clusinus,
908 3512 1030 3581 quum,
1048 3491 1180 3560 ordines
1193 3493 1226 3560 iu
1241 3515 1315 3562 meo

277 3616 423 3684 enercitu
440 3612 598 3685 beneficio
612 3637 679 3680 non
696 3614 818 3681 virtute
834 3613 1019 3700 consecuti,
1038 3615 1085 3684 its
1104 3639 1163 3684 vos
1179 3617 1316 3710 gesseri-

278 3741 335 3825 tis,
361 3755 396 3808 ut
422 3758 529 3832 neque
548 3735 636 3806 bello
664 3737 780 3822 fortes,
800 3759 906 3830 neque
934 3761 1014 3830 pace
1038 3739 1116 3808 boni
1140 3753 1198 3809 aut
1215 3738 1315 3809 utiles

255 3845 258 3852 ’
279 3859 421 3945 fueritis,
441 3873 474 3927 st
493 3859 600 3951 magis
622 3859 656 3926 in
681 3855 842 3928 seditione
865 3857 1134 3952 concitandisque
1153 3857 1315 3930 militibus

278 3978 435 4048 adversus
462 3991 609 4050 restrum
634 3979 880 4070 imperatorem,
905 4001 1003 4070 quam
1035 3977 1171 4072 pudoris
1200 3979 1316 4056 mode·
