3086 4766
279 290 316 362 si
435 294 465 350 c.
487 293 582 349 suan
603 291 766 350 cnsnnrs
787 291 1147 350 conumrimonuu

278 433 438 511 quantum
459 420 528 512 jam
557 417 646 512 apud
667 442 722 486 eos
743 418 853 487 hostes
879 442 947 486 uno
972 415 1089 512 proelio
1106 419 1311 486 auctoritatis

278 557 385 611 essent
402 545 591 628 consecuti,
610 543 784 626 sentiebat3
801 541 921 635 quibus
940 541 982 609 ad
1002 539 1137 610 consilia
1153 541 1311 634 capienda

277 665 360 735 nihil
378 668 475 761 spatii
498 665 646 734 dandum
669 666 885 735 existimabat.
908 666 967 732 His
992 664 1178 733 constitutis
1198 663 1311 744 rebus,

276 801 310 856 et
332 786 471 856 consilio
494 813 570 856 cum
596 787 712 882 legatis
737 801 770 856 et
799 801 961 880 quaestore
986 787 1244 874 communicato,
1270 811 1312 854 ne

274 935 374 1004 quem
400 909 489 979 diem
512 935 632 1005 pugnae
654 913 934 1005 praetermitteret,
960 910 1239 1004 opportunissima
1259 933 1311 976 res

275 1025 516 1126 accidit,*quod
531 1034 689 1127 postridie
705 1037 775 1129 ejus
788 1033 853 1103 diei
872 1058 986 1119 mane,
999 1030 1114 1100 eadem
1128 1046 1161 1099 et
1172 1031 1311 1124 perfidia

275 1169 308 1224 et
324 1155 535 1226 simulatione
553 1159 605 1227 usi
624 1161 801 1248 Germani,
820 1158 1025 1250 frequentes,
1050 1155 1204 1224 omnibus
1221 1155 1312 1248 prin·

276 1279 405 1373 cipibus
429 1281 674 1375 majoribusque
694 1297 775 1350 natu
800 1280 972 1364 adhibitis,
990 1279 1035 1376 ¹ad
1057 1281 1184 1347 eumin
1204 1294 1310 1347 castra

274 1377 451 1490 venerunt}
466 1403 578 1494 simul,
594 1420 633 1474 ut
644 1405 834 1493 dicebatur,
851 1405 901 1472 sui
916 1403 1080 1498 purgandi
1095 1426 1207 1490 causa,
1221 1403 1310 1495 quod

273 1523 389 1597 contra
415 1543 514 1623 atque
538 1544 622 1598 esset
644 1529 785 1616 dictum,
811 1544 843 1597 et
867 1529 928 1622 ipsi
953 1529 1130 1622 petissent,
1156 1525 1309 1620 proelium

273 1651 380 1744 pridie
394 1653 650 1738 commisissent;
666 1651 764 1720 simul
780 1667 836 1737 ut,
852 1651 878 1721 si
894 1651 975 1745 quid
989 1665 1137 1745 possent,
1155 1650 1196 1718 de
1212 1649 1310 1718 indu-

208 1759 211 1764 ’
274 1775 333 1843 ciis
354 1774 497 1844 fallendo
519 1777 744 1871 impetrarent.
766 1776 861 1864 Quos
885 1776 946 1844 sibi
971 1778 1081 1845 Caesar
1098 1773 1226 1843 oblatos
1252 1799 1310 1869 ga·

272 1900 381 1986 visus,
414 1897 488 1968 illos
514 1901 648 1969 retineri
669 1900 768 1993 jussit
792 1926 799 1967 :
825 1901 895 1994 ipse
921 1923 1035 1968 omnes
1059 1901 1171 1992 copias
1196 1901 1309 1968 castris

270 2021 401 2109 eduxit,
418 2024 681 2116 equitatumque,
703 2023 793 2117 quod
813 2025 938 2092 recenti
957 2020 1073 2115 proelio
1096 2024 1309 2114 perterritum

270 2169 340 2213 esse
355 2146 586 2234 existimabat,
606 2172 726 2241 agmen
744 2149 899 2241 subsequi
912 2147 1020 2240 jussit.

316 2265 406 2339 XIV.
429 2271 507 2338 Acie
531 2269 654 2364 triplici
672 2274 836 2358 instituta,
856 2285 889 2338 et
910 2269 1060 2338 celeriter
1084 2293 1145 2338 vur
1166 2268 1308 2338 millium

268 2393 386 2461 itinere
401 2393 568 2478 confecto,
577 2396 670 2489 prius
683 2395 726 2463 ad
737 2395 884 2464 hostium
896 2408 1002 2462 castra
1012 2395 1177 2488 pervenit,
1191 2418 1308 2488 quam,

237 2541 241 2550 ·
267 2517 348 2610 quid
368 2533 538 2613 ageretur,
555 2519 716 2588 Germani
737 2520 859 2587 sentire
881 2531 1025 2612 possent.
1047 2518 1132 2606 Qui,
1154 2519 1309 2588 omnibus
1345 2581 1350 2588 .

266 2642 365 2710 rebus
381 2642 491 2710 subito
513 2643 697 2737 perterriti,
716 2657 749 2710 et
767 2640 934 2711 celeritate
953 2642 1115 2712 adventus
1135 2645 1258 2732 nostri,
1275 2659 1309 2713 et

266 2765 408 2834 discessu
433 2792 591 2852 suorum,
615 2791 723 2860 neque
746 2767 875 2836 consilii
897 2767 1057 2856 habendi,
1083 2794 1191 2863 neque
1216 2794 1320 2838 arma-

266 2888 417 2982 capiendi
445 2893 553 2984 spatio
576 2891 670 2976 dato,
696 2894 948 2986 perturbantur,
972 2896 1127 2989 copiasne
1150 2893 1307 2961 adversus

266 3010 395 3082 hostem
417 3013 575 3100 educere,
595 3040 637 3083 an
665 3031 772 3084 castra
796 3015 989 3104 defendere,
1009 3042 1050 3085 an
1068 3017 1146 3112 fuga
1167 3015 1306 3087 salutem

265 3147 391 3226 petere,
409 3153 589 3230 praestaret.
610 3140 765 3228 Quorum
784 3142 885 3208 timor
901 3163 1004 3233 quum
1026 3140 1159 3208 fremitu
1179 3157 1213 3209 et
1225 3167 1306 3209 con·

264 3282 364 3330 eursu
380 3261 637 3354 significaretur,
658 3261 779 3332 milites
798 3263 918 3350 nostri,
935 3263 1066 3357 pristini
1083 3262 1305 3358 dieiperfidia

264 3381 451 3468 incitati‚in
462 3397 570 3452 castra
580 3386 782 3477 irruperunt.
794 3387 874 3482 Quo
883 3384 1039 3481 loeo,qui
1051 3385 1203 3456 celeriter
1212 3411 1304 3456 arma

264 3525 382 3596 capere
405 3520 606 3598 potuerunt,
634 3507 801 3601 paulisper
821 3510 943 3580 nostris
970 3514 1181 3602 restiterunt,
1204 3527 1304 3608 atque

263 3629 351 3696 inter
368 3653 479 3701 carros
500 3632 803 3727 impedimentaque
819 3635 973 3729 praelium
991 3639 1254 3708 commiserunt:
1270 3653 1304 3708 at

264 3749 391 3846 relique
421 3754 602 3824 multitudo
626 3779 806 3851 puerorum
832 3758 1075 3855 mulierumque
1098 3762 1195 3854 (nam
1226 3787 1303 3831 cum

263 3879 415 3948 omnibus
442 3883 509 3950 suis
535 3882 635 3951 domo
662 3867 888 3974 excesserant,
919 3886 1139 3981 Rhenumque
1167 3887 1304 3956 transie-
