3062 4766
475 355 665 411 nanneno
687 354 848 412 cannaco
870 356 1017 410 n1n.v11.
1212 376 1267 432 ¹99

108 477 113 484 ’
229 507 354 571 omncs,
371 482 582 577 perturbatos
599 480 780 550 defectione
794 481 992 565 AEduornm,
1010 481 1120 575 fugam
1138 507 1268 575 parare,

230 629 303 672 suas
328 625 460 695 quoque
480 601 593 694 copies
616 602 650 668 in
675 615 741 670 tres
759 615 868 695 partes
893 600 1143 670 distribuerunt.
1166 604 1270 676 Nam.

229 738 262 790 et
280 721 431 815 pracsidio
453 745 470 787 e
489 721 624 814 regione
644 735 827 789 castrorum
846 718 979 808 relicto,
999 737 1033 788 et
1051 745 1154 815 parva
1169 747 1272 792 mann

229 839 451 910 Metiosedum
480 863 593 908 versus
621 841 732 926 missa,
755 865 830 932 quae
856 853 987 910 tantum
1017 839 1274 936 progrederetur

231 974 394 1052 quantum
412 983 511 1028 naves
527 960 778 1052 processissent,
796 959 939 1053 reliquas
955 963 1067 1052 copias
1085 973 1199 1030 contra
1214 963 1275 1028 Ln-

230 1080 367 1148 biennm
384 1079 560 1148 duxerunt.

280 1202 384 1268 LXII.
398 1200 510 1268 Prima
527 1197 616 1283 luce,
632 1214 665 1268 et
681 1202 789 1270 nostri
803 1225 916 1270 omnes
931 1215 1026 1270 erant
1043 1205 1276 1294 transportati,

233 1332 265 1387 et
274 1318 421 1388 hostium
430 1319 516 1388 acies
527 1319 734 1388 cernebatur.
744 1321 926 1404 Labienus,
944 1321 1138 1390 cohortatus
1156 1318 1276 1390 milites

233 1467 249 1502 a
270 1452 307 1506 ut
329 1462 394 1542 suae
412 1440 559 1532 pristinae
578 1440 710 1511 virtutis
732 1454 765 1508 et
783 1455 834 1508 tot
858 1439 1173 1512 secundissimorum
1192 1460 1279 1534 proe-

234 1556 353 1626 liorum
368 1559 566 1638 memoriam
578 1561 776 1645 retinerent,
790 1575 891 1653 atque
904 1562 1013 1654 ipsum
1026 1563 1205 1647 Caesarem,
1218 1586 1277 1628 cu-

231 1679 285 1771 jus
310 1678 415 1748 ductu
444 1703 672 1772 saepenumero
695 1681 806 1748 hostes
832 1697 1055 1773 superassent,
1081 1695 1278 1773 praesentem

235 1799 347 1868 adesse
361 1800 601 1886 existimarent,
611 1828 627 1862 n
637 1799 693 1868 dat
708 1801 842 1894 signum
855 1798 972 1895 proelii.
987 1801 1101 1870 Primo
1114 1825 1278 1869 concursu

235 1919 276 1986 ab
299 1918 418 1987 dextro
443 1942 563 2006 cornu,
584 1918 642 1986 ubi
663 1920 801 2012 septima
823 1919 909 2013 legio
934 1921 1146 2006 constiterat,
1168 1920 1278 2018 hostes

237 2037 426 2131 pelluntur,
447 2053 546 2132 atque
581 2039 616 2106 in
642 2038 754 2133 lugam
778 2040 1012 2132 conjiciuntur.
1044 2040 1097 2109 Ab
1126 2041 1278 2127 sinistro,

236 2181 334 2250 quem
351 2155 460 2228 locum
474 2157 669 2226 duodecima
687 2157 772 2253 legio
788 2159 936 2244 tenebat,
951 2184 1054 2254 quum
1073 2161 1171 2254 primi
1189 2158 1279 2228 ordi-

235 2302 294 2346 nes
310 2279 456 2347 hostinm
476 2278 625 2372 transfixi
644 2276 721 2373 pilis
737 2277 975 2367 concidissent,
994 2295 1104 2350 tamen
1120 2280 1279 2348 acerrime

226 2397 356 2492 'reliqui
368 2399 651 2487 resistebant,nec
660 2398 989 2493 debatsuspicionem
999 2398 1277 2492 fngaequisquam.

236 2522 311 2612 Ipse
334 2519 401 2587 dux
426 2519 573 2587 hostium
593 2516 840 2611 Camulogenus
866 2521 933 2588 snis
955 2519 1083 2604 aderat,
1105 2534 1204 2611 atque
1224 2543 1280 2586 eos

237 2637 484 2706 cohortabatur.
510 2643 570 2721 At,
597 2639 723 2706 incerto
748 2639 848 2707 etiam
877 2663 966 2708 nunc
995 2639 1084 2706 exitu
1115 2639 1279 2722 victoriae,

238 2782 342 2852 quum
369 2757 516 2850 septimae
541 2754 679 2850 legionis
705 2757 846 2826 tribunis
874 2771 959 2826 esset
988 2758 1178 2832 nuntiatum
1207 2779 1280 2848 quae

239 2881 272 2946 in
289 2878 424 2946 sinistro
438 2900 541 2945 cornu
560 2892 767 2969 gererentur,
782 2891 857 2969 post
873 2891 1002 2970 tergum
1019 2876 1165 2952 hostiurn
1181 2873 1280 2970 legio·

195 2974 196 2978 Ἰ
239 3023 314 3067 nem
343 2995 576 3080 ostenderunt,
602 2996 762 3091 signaque
784 2994 979 3066 intulerunt.
1003 2999 1055 3066 Ne
1081 2996 1279 3090 ecquidem

240 3134 388 3212 tempore
411 3117 588 3211 qnisquam
612 3115 685 3184 loco
705 3118 834 3204 cessit,
850 3115 907 3186 sed
927 3117 1144 3189 circumventi
1166 3143 1280 3186 omnes

240 3238 470 3332 interfectique
480 3253 568 3306 sunt.
583 3235 743 3306 Eamdem
753 3236 921 3308 fortunam
931 3232 1008 3304 tulit
1022 3236 1279 3332 Camulogenus.

239 3363 282 3428 At
304 3360 327 3426 ii
356 3360 414 3452 qui
440 3357 594 3452 praesidio
615 3371 731 3424 contra
755 3372 861 3424 castra
881 3356 1018 3425 Labieni
1042 3370 1137 3428 erant
1158 3353 1280 3439 relicti,
1362 3387 1367 3398 ·

240 3501 343 3571 quum
365 3477 519 3573 proelium
542 3477 752 3547 commissum
773 3475 956 3559 audissent,
977 3475 1123 3546 subsidio
1144 3477 1211 3546 suis
1236 3475 1281 3540 ie·

241 3598 553 3692 runt,·collcmque
586 3610 759 3691 ceperunt,
786 3622 894 3690 neque
922 3611 1112 3666 nostrorum
1138 3593 1281 3662 militnm

243 3719 406 3790 victorum
421 3721 581 3812 impetum
596 3719 758 3786 sustinere
774 3730 964 3810 potnerunt.
980 3717 1050 3799 Sic,
1061 3737 1136 3782 cum
1153 3715 1219 3782 suis
1236 3712 1282 3780 fu·

243 3841 408 3934 gientibns
423 3841 591 3935 permixti,
608 3863 691 3930 quos
707 3863 776 3904 non
794 3836 882 3907 silvae
898 3852 1093 3928 montesque
1111 3845 1281 3916 texerunt,

244 3959 285 4028 ab
299 3961 447 4062 equitatu
464 3974 540 4028 sunt
557 3957 729 4026 internecti.
747 3961 818 4025 Hoc
835 3957 968 4050 negotio
983 3955 1149 4040 consecto,
1168 3952 1283 4022 Labie·
