3020 4768
439 409 641 467 conanus.
661 411 719 468 on·
731 413 857 468 annno
875 417 1050 476 eunuco.
1213 421 1270 494 ηε

217 531 405 596 Baiocasses,
415 528 464 602 qui
476 527 524 582 hic
537 547 554 582 a
563 527 671 586 &aare
680 529 850 586 omittuntur
863 531 938 587 inter
955 535 1108 592 armoricos
1128 538 1269 611 civitates,

215 623 266 678 sed
287 623 324 678 nb
342 621 473 679 Ausonio
495 622 571 680 inter
593 623 644 679 has
656 634 864 696 memorantur,
882 625 913 680 in
927 626 971 682 his
983 629 1111 686 versibus
1125 631 1162 688 de
1180 633 1269 691 Claris

216 713 291 772 Prof.
304 735 312 770 ε

505 815 553 872 Τυ,
563 811 692 862 Mummio
699 812 774 880 stirpe
785 815 931 884 Dnsidtmm
941 827 1040 872 atus„

501 894 583 945 Beleni
594 905 711 946 moratum
724 897 791 948 ducis
804 916 818 950 e
829 901 920 969 templo
933 918 1040 969 genta...

571 977 650 1046 stirpe
661 990 725 1033 satus
735 983 870 1046 Druidum,

571 1063 656 1115 Gentis
665 1066 822 1128 Aremoricae,
832 1079 878 1120 etc.

214 1218 264 1273 ubi
278 1218 376 1273 videre
392 1227 435 1273 est
449 1220 525 1274 multu
539 1219 637 1276 Beleni
650 1220 726 1278 inter
739 1233 837 1295 gentes
850 1225 1003 1281 armoricus
1016 1226 1178 1287 Baiocasses
1190 1231 1266 1287 cele-

214 1311 279 1367 bres
293 1329 361 1366 esse.
377 1313 576 1368 Memorantru
589 1324 618 1370 et
635 1313 760 1371 aPlinio
778 1315 832 1372 sub
846 1317 978 1388 nomine,
993 1337 1093 1376 revera
1113 1334 1265 1396 corrupto,

213 1404 292 1478 quod
314 1406 503 1462 Bodiocasses
521 1405 552 1462 in
577 1407 724 1464 codicibus
743 1410 904 1479 nonnullis,
925 1412 1116 1470 Vadiocasses
1134 1412 1165 1470 in
1188 1416 1266 1488 aliis,

213 1497 330 1572 legitur,
344 1499 394 1555 sed
408 1499 484 1555 inter
495 1499 663 1557 Viducasses
676 1511 705 1557 et
717 1501 838 1558 Unellos
856 1515 1069 1578 nuncupantur,
1082 1503 1121 1561 ita
1138 1518 1170 1562 ut
1187 1507 1266 1565 nihi-

212 1590 337 1647 lomiuns
350 1593 460 1648 nullum
474 1592 511 1647 sit
524 1592 643 1648 dubitun
659 1594 695 1650 de
709 1592 765 1649 situ
777 1604 806 1650 et
818 1595 935 1653 nomine
949 1615 1056 1654 eorum.
1068 1597 1198 1654 Citantm
1210 1601 1265 1657 de·

211 1683 298 1758 nique
325 1684 355 1740 in
379 1685 487 1741 Notitia
510 1686 599 1741 veteri
617 1685 716 1741 Gallia
736 1687 791 1743 sub
814 1688 932 1746 nomine
956 1700 1103 1746 contracto
1126 1692 1261 1763 Baiocas,

211 1778 338 1850 Bayeux,
351 1794 406 1849 pro
420 1779 607 1844 Baiocasses,
617 1776 689 1834 sicut
701 1780 820 1861 Bracae,
833 1782 945 1851 Dreux,
958 1792 1134 1838 contractum
1152 1794 1195 1840 est
1207 1804 1263 1859 pro

210 1872 400 1937 Durocasses,
421 1881 449 1926 et
467 1871 578 1938 Trecoe,
594 1872 716 1946 Troyes,
726 1891 781 1946 pro
796 1875 951 1930 ancara.
970 1875 1090 1931 Nomen
1096 1885 1190 1932 autem
1201 1881 1262 1934 Aa·

210 1962 323 2018 mon'coe
337 1959 496 2038 (civitates)
515 1984 532 2019 a
549 1982 640 2038 graeco
654 1958 754 2038 ἁρμὸς,
772 1984 936 2041 compages,
952 1967 1120 2038 concordia,
1142 1969 1262 2029 harmo-

210 2057 272 2126 nia;
286 2052 416 2130 ἁρμόζω,
433 2070 499 2133 apte
518 2069 673 2130 connecto,
689 2069 718 2116 et
736 2054 807 2132 ipos,
821 2059 917 2130 limes,
934 2060 1084 2132 terminus,
1099 2056 1162 2135 ‘ipso
1179 2061 1261 2136 fines,

211 2153 327 2224 limites,
338 2147 441 2224 tante,
457 2154 495 2210 ad
509 2151 582 2211 lines
598 2153 760 2228 pertinens,
773 2152 928 2210 certissime
943 2153 1138 2228 componitur,
1151 2155 1261 2233 signifi-

210 2259 325 2322 catque,
339 2249 500 2305 Concordia
509 2248 656 2304 civitatum
665 2245 862 2318 finitimarum,
872 2246 972 2322 gallice
981 2248 1064 2324 lr'gue.
1073 2247 1153 2307 Nihil
1165 2251 1260 2308 adhuc

209 2339 294 2414 igitur
307 2341 338 2396 in
353 2342 409 2398 hoc
422 2341 541 2398 nomine
554 2341 697 2411 celticum,
711 2338 840 2414 quamvis
852 2359 950 2397 revera
966 2340 1127 2400 britannice
1140 2349 1256 2415 Annos,

208 2445 255 2492 aut
271 2437 373 2492 rectius
391 2438 493 2504 Amor,
511 2437 549 2492 ad
570 2453 648 2510 mare
664 2432 819 2508 significet,
837 2452 873 2490 ex
886 2454 935 2504 ar,
950 2453 1050 2509 super,
1067 2455 1143 2506 mor,
1161 2456 1257 2509 mare;

208 2539 236 2585 et
245 2528 393 2584 Britannia
404 2528 501 2586 minor
512 2530 665 2584 etiamnum
676 2528 706 2583 in
713 2530 820 2583 Annos·
827 2538 855 2584 et
867 2527 1011 2603 inArgoet
1019 2529 1065 2584 rel
1072 2533 1197 2605 Argoae,
1207 2551 1256 2587 seu

206 2623 237 2677 in
251 2623 399 2698 regionem
409 2622 579 2679 maritimam
590 2632 619 2678 et
633 2622 781 2698 regionem
796 2621 939 2695 sylvosam
953 2620 1106 2678 dividann.
1125 2626 1170 2677 Ar
1179 2623 1256 2679 enirn

207 2727 254 2772 aut
273 2735 347 2784 war,
366 2736 436 2786 var,
457 2736 525 2784 aar,
543 2715 615 2772 sicut
635 2715 744 2790 anglice
758 2732 834 2782 ouer,
849 2713 1010 2788 germanice
1027 2713 1121 2782 ueber,
1137 2725 1179 2770 cst
1197 2734 1255 2772 vox

206 2827 295 2883 graeca
308 2802 378 2882 ὑπὲρ
387 2819 547 2878 contracte,
557 2827 620 2864 mor
630 2817 671 2864 est
683 2825 776 2874 mare,
789 2815 818 2862 et
830 2817 904 2872 coet,
918 2805 950 2860 in
959 2805 1167 2879 compositione
1176 2820 1254 2883 goes,

206 2922 221 2956 a
236 2921 308 2958 voce
322 2903 410 2958 latina
417 2903 520 2958 caedua
529 2899 619 2978 (sylva
627 2897 786 2977 subaudita)
794 2900 969 2970 decurtatm3
979 2899 1074 2972 sieque
1082 2917 1181 2957 omnes
1189 2902 1255 2959 hri-

205 2995 324 3051 tannicee
334 3014 416 3052 voces
426 2992 869 3070 originemgmcamvellatinam
876 2991 991 3048 habent.
1000 2992 1197 3067 Vedenotflr,
1209 3016 1254 3068 17.

243 3117 448 3174 emnxxw.
461 3116 489 3168 V
487 3116 687 3192 ergasrilarato.
697 3114 740 3170 Ex
749 3113 905 3183 Oberlino,
919 3113 1052 3185 O’brien,
1061 3113 1092 3170 in
1100 3135 1152 3172 suo
1160 3117 1253 3176 lexico

203 3211 340 3281 hiberno,
354 3212 411 3267 hoc
422 3227 530 3266 nomen
542 3208 627 3265 fuisse
640 3207 787 3282 dignitatis
800 3205 955 3264 ostendite
968 3206 1065 3282 lingua
1079 3209 1178 3266 celtica
1192 3209 1203 3287 (
1207 3212 1254 3268 hi-

202 3302 308 3381 berna)
316 3301 655 3378 seor-golsaighleon,
676 3301 720 3356 vir
739 3299 776 3356 ad
793 3298 944 3369 vexillum,
959 3300 1136 3374 vexillarius,
1152 3303 1253 3377 gallice

201 3396 341 3452 caenaret.
357 3396 416 3452 Sed
429 3395 488 3467 jam
502 3393 564 3452 dixi
575 3393 650 3449 male
665 3412 765 3448 sanum
782 3411 843 3449 esse
860 3394 897 3448 ab
910 3392 1047 3451 idiomate
1059 3395 1213 3452 recentiori
1224 3409 1252 3454 et

201 3487 641 3561 extraneo,valdequec0rrupto
655 3485 795 3543 deducere
804 3504 906 3542 vocem
913 3487 1067 3561 antiquam.
1074 3489 1138 3544 Hoc
1145 3507 1251 3546 nomen

200 3599 321 3654 gracum
340 3591 397 3650 est,
417 3579 488 3636 sicut
507 3579 602 3635 omnia
621 3578 740 3635 nomina
756 3577 873 3652 propria
891 3579 1018 3652 gentium
1034 3599 1102 3653 quas
1116 3582 1208 3638 Greci
1222 3593 1252 3640 et

199 3673 323 3729 Romani
336 3673 473 3729 barbaras
486 3671 663 3742 vocitabant,
678 3671 715 3728 ab
727 3670 796 3746 ipsis
814 3670 1012 3727 mutuarint
1028 3671 1140 3728 videtur
1155 3686 1250 3732 ortum

198 3787 214 3821 a
237 3765 355 3822 vocibrrs
377 3761 473 3844 ἔργον,
492 3784 579 3840 opus,
596 3777 627 3822 ut
651 3764 847 3841 Vergobretus,
864 3774 893 3820 ct
911 3753 1017 3831 sitas,
1034 3781 1151 3837 operam
1165 3767 1249 3842 dare,

198 3872 246 3916 aut
259 3881 275 3915 a
290 3857 409 3930 ccasio,
420 3857 554 3929 irridere,
565 3857 640 3914 sorte
651 3858 754 3915 eodem
766 3877 852 3914 censu
867 3875 900 3912 ac
913 3852 1104 3934 ipponensis,
1113 3859 1247 3933 illudere,

199 3953 330 4024 irridere3
343 3953 444 4028 gallice
456 3951 543 4026 igitur
558 3952 745 4008 Bon-ouvrier
753 3963 800 4008 aut
812 3953 950 4026 Moqueur
958 3949 1106 4010 dicerenm
