3026 4768
185 325 1222 352 mmmmm-mommvwwmwmmummmmummmmmw·

403 631 459 736 C.
484 631 671 739 JULll
699 629 1009 737 CAESARIS

254 970 1162 1114 COMMENTARIORUM

428 1331 502 1414 DE
530 1332 713 1418 BELLO
736 1333 977 1419 GALLICO

521 1647 654 1714 unna
677 1599 917 1732 Quirinus.¹
1000 1707 1002 1714 ,

614 1955 835 1976 ..ι-..ιυ-

197 2267 222 2332 l.
244 2205 375 2333 Lucro
399 2260 565 2344 Domitio,
585 2261 696 2353 Appio
715 2256 856 2328 Claudio
881 2283 984 2347 coss„
1005 2257 1176 2328 discedens
1197 2259 1238 2327 ab

198 2381 343 2452 hibernis
356 2383 466 2450 Caesar
482 2381 516 2448 in
533 2377 678 2466 ltaliam,
693 2391 730 2446 ut
740 2380 918 2471 quotannis
928 2378 1037 2448 facere
1048 2396 1239 2466 consuerat,

199 2499 313 2595 legatis
336 2503 491 2593 imperat,
507 2523 590 2591 quos
617 2485 800 2592 le'gionibus
823 2498 1028 2591 praefecerat,
1052 2499 1116 2585 uti,
1137 2523 1237 2590 quam

200 2619 362 2714 plurimas
391 2632 539 2711 possent,
565 2617 675 2686 hierne
703 2641 802 2686 naves
822 2616 1026 2686 aedificandas
1049 2605 1240 2712 vetaretque
1328 2615 1331 2624 ’

201 2735 395 2806 reficiendas
409 2751 576 2804 curarent.
586 2740 707 2807 Earum
720 2735 857 2805 modum
868 2736 1075 2829 formamque
1091 2736 1240 2809 demon

202 2872 278 2926 trat.
315 2855 369 2926 Ad
395 2853 594 2925 celeritatem
626 2855 785 2924 onerandi
814 2855 1116 2948 subductionesque
1142 2855 1242 2951 paulo

202 2977 282 3046 fucit
301 2973 511 3060 humiliores,
532 2999 633 3067 quarn
647 2975 767 3068 quibus
793 2977 827 3044 in
844 2989 974 3046 nostros
993 2977 1078 3044 mari
1097 2978 1147 3045 uti
1162 3003 1242 3047 con-

204 3099 388 3184 suevimu35
402 3110 502 3188 atque
516 3093 551 3163 id
564 3119 604 3164 eo
621 3095 741 3189 magis,
754 3093 845 3188 quod
856 3109 992 3189 propter
1007 3097 1139 3165 crebras
1153 3122 1242 3167 corn·

205 3218 402 3286 mutationes
424 3229 561 3284 nrtunm
583 3215 693 3282 minus
717 3239 854 3310 magnos
882 3215 926 3282 ibi
949 3214 1070 3289 fluctus
1093 3215 1166 3286 fieri
1188 3243 1244 3287 co·

176 3347 180 3356 ’
208 3351 397 3432 gnoverat:
429 3334 471 3402 ad
490 3358 592 3402 onera
620 3333 722 3404 etad
749 3333 995 3403 multitudinem
1012 3336 1254 3429 jumentorum.

207 3453 495 3550 transportandam
513 3451 612 3546 paulo
633 3451 780 3541 latiores,
797 3478 895 3547 quana
911 3455 1033 3547 quibus
1052 3458 1087 3526 in
1109 3454 1244 3549 reliquis

208 3577 333 3650 utimur
344 3573 500 3642 maribus.
513 3575 581 3642 Has
590 3595 704 3640 omnes
717 3572 879 3642 actuarias
892 3575 1032 3668 imperat
1042 3575 1114 3643 fieri
1125 3599 1133 3642 τ
1145 3601 1244 3668 quarn

208 3695 333 3764 adrem
351 3690 492 3762 multum
511 3689 681 3761 humilitas
700 3691 844 3784 adjuvat.
859 3695 908 3762 Ea
923 3717 997 3785 quae
1012 3710 1091 3764 sunt
1109 3695 1182 3763 usui
1203 3695 1245 3765 ud

210 3813 381 3882 armandas
399 3836 514 3897 naves,
528 3835 569 3879 ex
581 3811 740 3904 Hispania
757 3814 924 3905 apportari
938 3813 1043 3906 jubet.
1062 3817 1152 3909 Ipse,
1169 3839 1247 3886 con·

212 3933 360 4001 ventibus
377 3929 492 4001 Galliae
508 3931 670 4000 citerioris
682 3932 843 4026 peractis,
859 3933 894 4000 iu
912 3932 1079 4025 Illyricum
1098 3933 1247 4029 proficis·

1072 4078 1102 4143 7·
