3038 4766
310 386 347 456 76
464 385 492 440 C.
511 385 607 441 JULII
628 384 792 440 CAESARIS
812 384 1177 444 COMMENTARIORUM

310 511 452 598 facturn,
471 512 597 602 inquit,
618 513 729 579 omnia
746 509 896 604 deinceps
916 511 1094 604 municipia
1113 527 1191 581 sunt
1209 527 1339 600 secuta,

309 655 415 722 neque
432 631 503 699 sine
523 655 619 699 causa
646 645 679 701 et
695 633 804 698 Caesar
825 631 1019 699 amicissime
1046 630 1088 698 de
1108 630 1220 719 vobis,
1239 647 1270 699 et
1290 630 1337 700 itti

311 751 500 844 gravissime
519 750 763 843 judicaverunt.
789 751 966 843 Pompeius
992 751 1080 818 enim
1103 748 1195 818 nullo
1222 750 1337 844 proelio

308 867 438 962 pulsus,
460 871 556 938 vestri
579 869 653 937 facti
670 866 859 963 praejudicio
875 869 1042 958 demotus,
1059 868 1153 940 Italia
1171 873 1305 940 excessit
1326 899 1334 940 :

307 991 416 1056 Caesar
429 1013 502 1077 nra,
519 1012 617 1081 quem
631 988 691 1055 sibi
707 988 910 1057 carissimum
925 989 1053 1075 habuit,
1072 989 1336 1085 provinciamque

309 1105 453 1176 Siciliam
466 1122 565 1202 atque
580 1107 739 1193 Africam,
754 1108 824 1175 sine
838 1107 958 1200 quibus
971 1108 1093 1177 Urbem
1101 1123 1201 1203 atque
1208 1110 1334 1180 Italiam

307 1229 394 1294 tueri
407 1251 474 1295 non
492 1240 614 1319 potest,
627 1240 740 1294 vestrae
757 1225 833 1294 fidei
848 1227 1189 1315 commissit'Adsunt,
1207 1231 1263 1322 qui
1278 1255 1335 1298 vos

307 1346 498 1432 hortentur,
514 1361 552 1413 ut
569 1369 588 1414 a
605 1344 699 1413 nobis
717 1345 911 1414 desciscatis.
929 1345 1021 1434 Quid
1037 1348 1124 1416 enim
1135 1363 1184 1416 est
1203 1347 1265 1416 iliis
1278 1373 1335 1442 op

307 1466 422 1552 tatius,
442 1489 543 1558 quam
563 1489 630 1533 uno
649 1478 794 1559 ternpore
819 1479 852 1533 et
876 1491 936 1534 nos
959 1467 1207 1553 circumvenire,
1225 1482 1258 1537 et
1277 1495 1334 1538 vos

308 1584 433 1654 nefario
460 1583 579 1653 scelere
601 1584 823 1679 obstringere?
850 1589 917 1654 Aut
941 1585 1021 1678 quid
1050 1587 1125 1654 irati
1144 1589 1274 1679 gravius
1294 1588 1334 1657 de

306 1707 398 1774 vobis
413 1707 533 1775 sentire
547 1721 696 1798 possunt,
716 1728 816 1798 quam
839 1719 877 1774 ut
900 1729 955 1772 eos
969 1704 1130 1798 prodatis,
1151 1707 1208 1798 qui
1226 1731 1260 1774 se
1275 1734 1332 1775 vo-

305 1827 355 1893 bis
371 1828 482 1895 omnia
504 1825 622 1894 debere
636 1825 799 1917 judicant3
822 1824 907 1892 etin
929 1849 1042 1893 eorum
1062 1838 1257 1918 potestatem
1277 1853 1332 1896 ve-

304 1946 417 2032 niatis,
443 1946 500 2039 qui
529 1969 562 2013 se
584 1970 644 2038 per
662 1969 719 2014 vos
749 1945 870 2038 perisse
894 1944 1099 2012 existimant?
1128 1949 1179 2014 An
1201 1948 1330 2016 veroin

305 2065 462 2157 Hispania
488 2089 540 2133 res
568 2080 671 2159 gestas
692 2067 828 2134 Caesaris
846 2089 913 2132 non
933 2063 1089 2132 audistis?
1114 2063 1199 2134 duos
1220 2064 1331 2159 pulsos

304 2184 486 2252 exercitus?
506 2183 587 2253 duos
606 2199 776 2276 superatos
791 2183 915 2251 duces?
934 2183 1014 2251 duas
1032 2198 1179 2276 receptas
1197 2187 1330 2279 provin·

304 2301 390 2370 cias?
413 2303 481 2371 haec
502 2317 575 2371 acta
599 2302 713 2370 diebus
731 2302 968 2396 quadraginta,
994 2303 1112 2396 quibus
1133 2305 1166 2370 in
1191 2329 1328 2398 conspe·

304 2438 395 2490 ctum
415 2422 675 2490 adversariorum
695 2425 821 2490 venerit
839 2420 967 2490 Caesar?
986 2425 1054 2507 An,
1078 2423 1135 2515 qni
1152 2422 1330 2492 incolumes

302 2545 451 2612 resistere
474 2567 541 2610 non
561 2556 750 2635 potuerunt,
780 2541 899 2635 perditi
926 2541 1099 2609 resistant?
1121 2565 1180 2610 vos
1203 2557 1329 2624 autem,

303 2665 427 2731 incerta
459 2663 596 2730 victoria
623 2663 782 2730 Caesarern
815 2663 932 2744 secuti,
961 2659 1137 2754 dijudicata
1164 2663 1230 2754 jam
1254 2661 1329 2730 belli

302 2783 454 2871 fortuna,
475 2784 599 2851 victum
616 2783 813 2875 sequamini,
836 2805 938 2874 quum
963 2781 1061 2849 vestri
1084 2781 1182 2850 officii
1198 2783 1328 2875 praemia

302 2905 470 2996 percipere
485 2901 647 2970 debeatis?
664 2904 820 2970 Desertus
837 2903 925 2970 enim
942 2925 976 2969 se
987 2925 1025 2969 ac
1044 2902 1190 2994 proditos
1204 2926 1222 2969 a
1237 2901 1329 2970 vobis

302 3021 432 3105 dicunt,
452 3036 485 3090 et
501 3022 621 3114 prioris
637 3023 831 3089 sacramenti
851 3022 1048 3091 mentionem
1068 3022 1200 3091 faciunt.
1219 3023 1329 3092 Vosne

302 3163 380 3207 vero
398 3143 434 3207 L.
449 3142 650 3227 Domitium,
671 3165 713 3208 an
729 3165 786 3209 vos
797 3143 835 3209 L.
846 3143 1012 3210 Domitius
1029 3139 1196 3210 deseruit?
1211 3142 1329 3212 Nonne

300 3272 478 3326 extremam
496 3262 564 3351 pati
584 3259 752 3328 fortunam
768 3275 899 3354 paratos
915 3261 1052 3354 projecit
1074 3259 1150 3328 ille?
1166 3285 1232 3328 non
1249 3259 1327 3343 sibi,

300 3374 384 3445 clam
401 3376 509 3460 vobis,
526 3376 750 3474 salutemsuga
763 3379 898 3473 petivit?
910 3405 994 3466 non,
1010 3378 1132 3473 proditi
1147 3402 1206 3470 per
1219 3376 1328 3461 illum,

300 3499 437 3566 Caesaris
461 3495 625 3565 beneficio
645 3499 722 3566 estis
740 3498 943 3568 conservati?
967 3501 1176 3568 sacramento
1196 3493 1328 3586 quidem

299 3642 357 3686 vos
375 3631 487 3688 tenere
507 3619 564 3711 qui
581 3621 703 3712 potuit,
719 3643 841 3711 quum,
867 3618 1020 3709 projectis
1044 3615 1202 3700 fascibus,
1220 3627 1254 3682 et
1272 3611 1328 3681 de-

300 3738 406 3829 posito
434 3741 591 3832 imperio,
615 3739 763 3832 privatus
780 3753 813 3806 et
832 3751 946 3829 captus
965 3737 1034 3826 ipse
1054 3736 1087 3802 in
1108 3731 1247 3802 alienam
1273 3755 1328 3800 ve·

300 3857 398 3924 nisset
426 3859 640 3952 potestatem?
659 3857 868 3951 Relinquitur
889 3880 972 3926 nova
993 3853 1123 3950 religio,
1142 3867 1198 3938 ut,
1215 3877 1255 3922 eo
1274 3877 1330 3922 ne·

299 3977 406 4070 giccto
419 3996 640 4065 sacramento,
658 4007 723 4072 quo
742 4005 829 4049 nunc
850 3979 1021 4067 tenemini,
1034 3976 1215 4070 respiciatis
1226 3973 1328 4059 ittud,
