3026 4768
317 353 372 413 nl,
471 347 502 402 C.
524 348 620 404 JULll
641 347 804 404 CAESARIS
825 343 1191 404 comminatorum

314 476 479 568 majorum
505 471 617 541 locum
642 474 841 542 restituerat.
863 470 1015 540 Tertium
1036 471 1106 563 jam
1121 471 1212 540 hunc
1230 497 1351 544 annum

314 609 509 689 regnantem
525 595 650 664 inimici
664 591 773 686 palam
784 643 794 679 ,
804 589 918 660 multis
928 592 1029 659 etiam
1042 615 1083 659 ex
1097 591 1230 661 civitate
1242 610 1354 666 aueto-

313 715 419 800 ribus,
431 738 507 782 eum
518 712 763 781 interfecerunt.
774 711 933 780 Defertur
943 734 982 779 ea
991 735 1044 778 res
1057 710 1100 778 ad
1110 714 1282 782 Caesarem.
1293 712 1351 784 Ille

313 835 452 919 veritus,
469 831 561 925 quod
573 832 615 900 ad
629 829 740 924 plures
754 831 955 924 pertinebat,
973 853 1015 898 ne
1029 831 1146 900 civitas
1162 857 1278 902 eorum
1293 835 1353 902 im·

312 951 411 1048 pulsu
425 952 593 1040 deficeret,
608 955 646 1020 L.
662 949 822 1019 Plancum
839 975 917 1020 cum
932 949 1062 1045 legione
1075 975 1115 1018 ex
1134 950 1249 1046 Belgio
1268 952 1352 1022 cele-

311 1073 393 1141 riter
410 1073 443 1140 in
462 1073 627 1141 Carnutes
647 1069 813 1162 proficisci
829 1070 937 1163 jubet,
957 1070 1069 1162 ibique
1089 1069 1254 1156 lriemare3
1274 1097 1355 1166 quo-

312 1215 454 1285 rumque
479 1216 581 1284 opera
602 1192 797 1284 cognoverit
820 1191 1010 1285 Tasgetium
1036 1189 1268 1279 interfectum,
1291 1193 1353 1261 hos

269 1375 271 1378 .
312 1310 566 1405 comprehensos
584 1309 674 1378 adse
690 1311 831 1378 mittere.
851 1312 990 1378 Interim
1006 1309 1046 1378 ab
1065 1310 1220 1380 omnibus
1237 1310 1352 1407 legatis

312 1430 612 1524 quaestoribusque‚
637 1430 757 1523 quibus
789 1427 936 1522 legiones
961 1429 1196 1518 transdiderat,
1230 1434 1352 1501 certior
1442 1467 1449 1476 ·

312 1550 417 1619 factus
429 1563 492 1639 est,
507 1551 542 1618 in
559 1549 699 1618 hiberna
712 1561 925 1641 perventum,
935 1547 1112 1642 locumque
1121 1549 1268 1627 hibernis
1281 1575 1352 1619 esse

312 1670 491 1740 munitum.

360 1791 484 1861 XXVI.
510 1789 636 1860 Diebus
659 1789 791 1857 circiter
814 1810 877 1873 rr,
907 1787 1025 1880 quibus
1050 1788 1086 1855 in
1111 1787 1251 1856 hiberna
1274 1813 1351 1857 ven-

311 1927 384 1980 tum
396 1925 466 1996 est,
479 1907 611 1977 initium
626 1907 791 2001 repentini
804 1905 967 1976 tumultus
980 1931 1018 1976 ac
1033 1907 1225 1991 desectionis
1236 1923 1348 1979 ortum

311 2044 361 2098 est
377 2029 418 2097 ab
436 2028 628 2123 Ambiorige
644 2041 677 2096 et
692 2024 862 2098 Cativolco
878 2051 886 2093 ε
904 2027 962 2119 qui
981 2049 1084 2119 quum
1099 2027 1142 2095 ad
1157 2027 1237 2097 fines
1255 2029 1349 2125 regni

311 2150 362 2217 sui
383 2147 505 2216 Sabino
521 2150 692 2238 Cottaeque
705 2157 825 2235 praesto
844 2144 1001 2232 luissent,
1026 2145 1298 2242 frumentumque
1315 2151 1349 2218 in

310 2268 448 2336 hiberna
478 2265 787 2360 comportavissent,
818 2262 1037 2333 Indutiomari
1069 2267 1196 2334 Treviri
1224 2261 1372 2338 nuntiis'

311 2385 459 2480 impulsi,
473 2411 550 2456 suos
565 2386 831 2472 concitaverunt,
844 2384 1019 2477 subitoque
1031 2387 1195 2478 oppressis
1208 2384 1350 2482 lignato-

313 2510 416 2596 ribus,
426 2529 547 2601 magna
564 2529 665 2573 manu
682 2518 790 2573 castra
802 2516 1031 2598 oppugnatum
1044 2521 1218 2574 venerunt.
1232 2509 1348 2596 Quum

309 2627 461 2697 celeriter
493 2625 598 2694 nostri
628 2647 719 2693 arma
751 2623 929 2717 cepissent,
959 2621 1150 2718 vallumque
1181 2626 1349 2696 ascendis·

309 2765 397 2829 sent,
422 2761 536 2840 atque,
558 2769 624 2813 una
646 2769 686 2812 ex
711 2756 805 2837 parte
830 2744 985 2837 Hispanis
1010 2745 1177 2836 equitibus
1201 2748 1349 2834 emissis,

309 2867 453 2958 equestri
474 2864 590 2959 proelio
606 2865 791 2958 superiores
807 2861 960 2950 firissent3
979 2863 1150 2958 desperata
1167 2890 1219 2953 re,
1235 2865 1349 2936 hostes

309 3007 386 3051 suos
406 2982 447 3051 ab
469 2985 719 3078 oppugnatione
742 2981 955 3052 reduxerunt.
973 2985 1060 3051 Tum
1077 3009 1137 3053 suo
1156 3007 1247 3054 more
1269 3011 1350 3055 con·

313 3097 553 3190 clamaverunt,
572 3105 620 3172 uti
638 3101 741 3196 aliqui
761 3125 802 3170 ex
820 3104 941 3171 nostris
960 3101 1002 3169 ad
1017 3101 1220 3197 colloquium
1237 3107 1349 3198 prodi·

309 3235 398 3309 rent3
419 3221 541 3290 habere
560 3246 645 3309 sese,
668 3245 741 3314 quae
765 3221 807 3288 de
831 3245 867 3289 re
888 3224 1058 3290 communi
1075 3222 1184 3292 dicere
1208 3223 1348 3308 vellent,

314 3340 538 3432 quibusrebus
558 3341 798 3410 controversias
814 3341 919 3409 minui
935 3365 1029 3435 posse
1046 3360 1250 3436 superarent.

338 3466 495 3532 ‘xxm
517 3464 665 3532 Mittitur
682 3462 724 3532 ad
740 3488 797 3532 eos
821 3464 1031 3560 colloquendi
1057 3493 1156 3537 causa
1181 3472 1219 3538 C.
1246 3474 1347 3567 Arpi-

306 3582 416 3666 neius,
441 3607 539 3677 eques
559 3606 731 3669 romanus,
752 3582 922 3653 familiaris
950 3587 992 3674 Q.
1009 3587 1145 3675 Titurii,
1166 3604 1199 3658 et
1220 3593 1264 3680 Q.
1288 3596 1347 3661 Ju-

313 3703 383 3772 nius
404 3727 442 3772 er
460 3703 619 3795 Hispania
643 3701 793 3793 quidam,
815 3705 873 3795 qui
894 3704 963 3796 jam
990 3719 1066 3774 ante
1086 3708 1189 3777 missu
1208 3712 1345 3781 Caesaris

307 3821 349 3888 ad
366 3821 588 3914 Ambiorigem
615 3820 777 3888 ventitare
798 3837 1015 3892 consueverat
1035 3827 1148 3919 :apud
1168 3853 1251 3921 quos
1267 3834 1346 3903 Arn-

313 3939 410 4010 biorix
423 3938 465 4005 ad
477 3938 564 4005 hunc
574 3937 708 4006 modum
724 3936 853 4010 locutus
865 3957 916 4010 est
928 3968 935 4009 :
949 3946 1068 4032 «Sese,
1082 3970 1144 4039 pro
1158 3950 1295 4022 Caesaris
1310 3951 1358 4018 in·
