3038 4766
271 378 306 438 44
424 372 454 426 C.
474 373 571 427 JULII
593 372 755 428 CAESARIS
777 373 1140 430 COMMENTARIOIIUII

270 496 474 566 ut'timorcm
489 494 681 564 adversariis
698 495 834 564 minuat.
851 497 999 565 Petreius
1012 513 1110 589 atque
1123 496 1296 586 Afranius,

268 614 377 684 oblata
396 613 566 702 facultate,
588 615 622 682 in
638 629 744 684 castra
769 639 838 684 sese
857 615 1012 683 referunt.
1037 619 1166 704 Caesar,
1182 619 1293 710 praesi-

268 733 330 802 diis
344 737 378 802 in
398 733 566 802 montibus
584 732 768 826 dispositis,
792 735 883 802 omui
902 733 943 802 ad
962 734 1094 802 Iberum
1119 733 1294 804 intercluso

268 855 398 943 itinere,
423 877 523 947 quam
548 854 697 946 proxime
733 867 840 948 potest
865 853 1010 922 bostium
1044 855 1159 922 castris
1179 869 1293 924 castra

266 975 456 1042 communit.
538 1045 541 1051 ,

314 1097 467 1163 LXXIII.
480 1098 614 1163 Postero
632 1093 703 1177 die,
718 1093 817 1162 duces
827 1093 1086 1162 adversariorum
1096 1093 1294 1187 perturbati,

267 1213 357 1315 quod
388 1237 519 1282 omnem
543 1214 591 1280 rei
622 1213 840 1284 frumentariae
864 1212 1071 1306 fluminisque
1097 1213 1184 1280 Iberi
1206 1237 1294 1306 spem

268 1331 475 1417 dimiserant,
499 1331 541 1400 de
564 1330 698 1424 reliquis
713 1330 811 1400 rebus
829 1331 1071 1400 consultabant.
1090 1335 1171 1400 Erat
1192 1355 1294 1400 unum

269 1455 346 1538 iter,
379 1451 520 1521 Ilerdam
547 1455 574 1522 si
603 1455 722 1522 reverti
745 1450 885 1535 velleut;
914 1451 1069 1538 alterum,
1089 1453 1116 1520 si
1137 1455 1292 1520 Tarraco·

267 1593 342 1639 nem
361 1586 520 1665 peterent.
547 1575 626 1640 Haec
646 1569 892 1642 consiliantibus
913 1572 973 1654 eis,
995 1571 1175 1657 nuntiatur,
1193 1595 1293 1664 aqua·

266 1706 354 1760 tores
378 1691 420 1760 ab
447 1692 592 1784 equitatu
624 1692 728 1784 premi
751 1705 876 1759 nostro.
895 1693 971 1780 Qua
994 1715 1030 1758 re
1049 1691 1196 1784 cognita,
1222 1715 1292 1758 cre-

268 1810 345 1878 bras
367 1811 521 1878 stationes
547 1809 725 1903 disponunt
744 1810 892 1902 equitum
917 1823 950 1878 et
975 1809 1159 1878 cohortium
1180 1806 1295 1878 alaria-

267 1954 367 2016 rum,
391 1928 650 2024 legionariasque
681 1930 882 2021 interjiciunt
910 1929 1078 2015 cohortes,
1106 1926 1293 2022 vallumque

268 2072 306 2114 ex
337 2049 450 2115 castris
467 2047 510 2115 ad
529 2071 648 2140 aquam
673 2046 791 2116 ducere
821 2049 998 2142 incipiunt,
1019 2061 1057 2116 ut
1077 2047 1161 2116 intra
1184 2049 1292 2118 muni·

267 2167 410 2252 tionem,
433 2180 465 2235 et
485 2167 554 2234 sine
572 2167 705 2254 timore,
730 2181 762 2234 et
780 2168 848 2235 sine
872 2168 1067 2236 stationibus
1084 2168 1197 2261 aquari
1218 2192 1293 2260 pos·

267 2299 350 2354 sent.
370 2286 409 2353 Id
426 2311 508 2380 opus
528 2287 614 2353 inter
629 2310 663 2354 se
681 2287 830 2356 Petreius
849 2301 948 2379 atquc
972 2286 1124 2357 Afranius
1144 2289 1292 2380 partiun-

267 2420 344 2484 tur,
373 2406 501 2499 ipsique
530 2404 718 2497 perficiendi
742 2406 851 2499 operis
879 2429 976 2474 causa
1004 2405 1133 2500 longius
1158 2431 1293 2501 progre-

267 2524 412 2593 diamur.

315 2648 467 2714 LXXIV.
494 2646 647 2733 Quorum
665 2645 808 2715 discessu
825 2645 961 2716 liberam
982 2648 1067 2715 nacti
1089 2644 1205 2714 milites
1224 2645 1293 2715 col·

154 2820 162 2832 .
270 2764 454 2858 loquiorum
478 2763 684 2849 facultatem,
709 2764 808 2861 vulgo
826 2766 1025 2861 procedunt,
1043 2781 1189 2857 atquem
1207 2765 1294 2856 quis-

267 2910 330 2977 que
345 2887 377 2952 in
394 2886 509 2953 castris
529 2901 645 2954 notum
664 2899 721 2953 aut
739 2887 938 2979 municipem
956 2883 1113 2972 habebat,
1130 2882 1294 2976 conquirit

268 3019 367 3097 atque
394 3020 518 3073 evocat.
547 3006 693 3073 Primum
721 3018 825 3098 agunt
848 3005 968 3098 gratias
990 3028 1104 3073 omnes
1122 3001 1294 3088 omnibus,

268 3122 355 3215 quod
369 3123 430 3190 sibi
446 3125 626 3216 perterritis
643 3124 749 3219 pridie
761 3126 1000 3218 pepercissent3
1018 3149 1131 3194 eorum
1146 3147 1180 3191 se
1197 3122 1296 3190 bene-

267 3241 341 3309 ficio
358 3241 477 3309 vivere.
498 3242 624 3311 Deinde
642 3245 847 3338 imperatoris
864 3241 962 3310 fidem
979 3255 1145 3335 quaerunt,
1166 3257 1295 3310 rectene

268 3386 302 3428 se
319 3358 364 3427 illi
380 3361 447 3428 siut
461 3362 683 3449 commissuri3
700 3379 750 3451 et,
770 3363 860 3458 quod
879 3388 946 3431 non
966 3363 1007 3432 ab
1031 3363 1124 3432 initio
1143 3361 1295 3444 fecerint,
1393 3421 1398 3426 .

266 3504 423 3574 armaque
436 3479 526 3574 quod
541 3505 615 3550 cum
635 3483 825 3552 hominibus
839 3483 1027 3552 necessariis
1046 3497 1079 3550 ct
1099 3482 1296 3578 consangui-

266 3601 335 3669 neis
352 3598 567 3684 contulerint,
588 3616 784 3693 queruntur.
802 3581 864 3669 His
879 3603 1047 3694 provocati
1070 3600 1296 3681 sermonibus,

265 3719 363 3788 fidem
381 3721 423 3788 ab
439 3722 636 3814 imperatore
651 3719 691 3788 de
706 3722 826 3789 Petreii
840 3735 871 3788 et
883 3718 1006 3789 Afranii
1019 3721 1091 3807 ‘vita
1104 3733 1240 3815 petunt,
1255 3743 1297 3785 ne

265 3836 353 3930 quod
372 3838 405 3905 in
423 3864 457 3906 se
474 3837 577 3908 scelus
589 3840 793 3931 concepisse,
805 3863 867 3907 neu
886 3863 961 3907 suos
974 3837 1156 3931 prodidisse
1167 3837 1297 3907 videan-

265 3972 329 4024 tur.
349 3955 479 4044 Quibus
508 3957 707 4027 confirmatis
729 3959 841 4044 rebus,
861 3983 894 4027 se
913 3959 1022 4026 statim
1042 3958 1133 4050 sigua
1162 3951 1297 4026 transla-
