3050 4772
246 334 300 392 152
399 338 429 392 (2.
452 336 548 392 mun
570 336 734 395 CAESARIS
755 333 1117 391 COMMENTARIORUM

219 512 222 518 1
243 463 278 531 in
294 459 535 557 longitudinem
550 461 675 555 patet),
688 467 726 531 L.
743 461 929 530 Minucium
939 456 1084 526 Basilum
1097 481 1173 526 cum
1192 461 1283 528 omni

243 581 392 675 equitatu
412 583 597 676 premittit,
620 581 747 674 siquid
767 579 934 650 celeritate
957 578 1085 647 itineris
1100 592 1199 671 atque
1223 603 1283 672 op-

244 703 449 795 portunitate
474 702 633 797 temporis
656 701 817 795 proficere
836 702 940 794 possit
961 726 968 767 :
991 713 1107 768 monet
1127 713 1165 767 ut
1189 700 1283 794 ignes

244 819 316 889 lieri
338 821 373 889 in
399 821 513 890 castris
540 822 728 915 prohibeat,
750 845 791 889 ne
812 844 878 914 qua
896 821 966 914 ejus
987 819 1146 888 adventus
1166 815 1283 911 procul

245 939 443 1034 significatio
459 940 518 1010 liat
535 967 543 1008 :
562 965 631 1010 sese
648 940 822 1012 confestim
837 939 993 1032 subsequi
1011 938 1102 1009 dicit.

293 1061 401 1128 XXX.
433 1057 577 1148 Basilus,
606 1074 645 1129 ut
671 1061 870 1156 imperatum
894 1072 961 1146 est,
989 1057 1068 1126 lacit
1096 1083 1104 1124 :
1133 1054 1285 1126 celeriter

246 1190 429 1270 contraque
453 1180 602 1247 omnium
625 1180 816 1272 opinionem
836 1178 986 1247 confecto
1008 1178 1140 1263 itinere,
1162 1175 1285 1245 multos

248 1297 282 1364 in
302 1297 390 1390 agris
410 1299 619 1390 inopinantes
639 1298 875 1394 deprehendit;
891 1321 1006 1372 eurum
1029 1295 1152 1370 iudicio
1177 1296 1217 1364 ad
1237 1297 1286 1389 ip-

248 1438 321 1482 sum
347 1416 574 1511 Ambiorigem
599 1419 783 1506 contendit,
806 1441 872 1511 quo
901 1418 936 1484 in
963 1415 1038 1490 loco
1071 1439 1146 1484 cum
1173 1416 1287 1508 paucis

249 1534 414 1626 equitibus
433 1558 502 1604 esse
521 1535 702 1606 dicebatur.
721 1536 867 1624 Multum
887 1561 990 1631 quum
1009 1539 1043 1605 in
1060 1535 1214 1604 omnibus
1233 1557 1286 1601 re-

249 1653 328 1741 bus,
349 1669 420 1724 tum
434 1656 469 1722 in
483 1681 519 1724 re
535 1653 669 1726 militari
686 1672 793 1752 potest
808 1658 950 1726 fortuna.
968 1659 1054 1727 Nam
1069 1657 1154 1725 sicut
1164 1677 1286 1748 magno

250 1773 370 1843 accidit
394 1799 489 1861 casu,
519 1777 618 1844 utin
644 1776 751 1868 ipsum
779 1777 949 1847 incautum
973 1791 1072 1869 atque
1099 1777 1199 1844 etium
1224 1773 1287 1842 im·

250 1910 403 1987 paratum
430 1893 606 1980 incideret,
625 1896 782 1989 priusque
803 1899 873 1988 ejus
900 1896 1060 1964 adventus
1080 1896 1122 1964 ab
1146 1894 1289 1963 homini·

251 2014 313 2081 bus
323 2013 890 2106 videretur,quamfemaacuuutiis
899 2013 1153 2097 afferretur,sic
1162 2037 1289 2107 magnae

252 2130 315 2201 fuit
340 2130 494 2218 fortune,
519 2134 611 2200 omni
634 2132 769 2212 militari
790 2135 1025 2218 instrumento,
1048 2131 1137 2224 quod
1161 2133 1288 2199 circum

254 2275 288 2318 se
309 2250 466 2336 habebat,
490 2265 619 2344 erepto,
643 2251 755 2321 rhedis
780 2253 938 2345 equisque
958 2251 1221 2344 comprehensis,
1241 2252 1288 2343 ip-

254 2393 327 2450 sum
353 2368 500 2463 effugere
520 2383 671 2457 mortem.
697 2371 761 2440 Sed
787 2371 850 2439 boc
873 2375 915 2440 eo'
939 2371 1063 2440 factum
1088 2385 1152 2457 est,
1182 2370 1287 2462 quod,

253 2487 391 2568 aedificio
411 2488 614 2560 circumdato
634 2489 715 2570 silua
731 2490 786 2585 (ut
804 2505 881 2560 suut
901 2489 968 2561 fere
988 2488 1154 2560 domicilia
1173 2487 1289 2559 Gallo·

254 2633 347 2696 rum,
369 2610 442 2703 qui,
460 2609 588 2677 vitandi
606 2625 702 2679 :estus
725 2633 838 2696 cause,
861 2608 1057 2704 plerumque
1076 2608 1235 2679 silvarum
1254 2635 1291 2680 ac
1349 2671 1351 2676 .

254 2728 429 2800 fluminum
448 2743 565 2822 petunt
583 2729 875 2824 propinquitates),
894 2730 1031 2799 comites
1050 2730 1291 2825 familiaresque

255 2850 325 2940 ejus
346 2863 486 2942 angusto
510 2851 544 2916 in
567 2848 639 2917 loco
661 2848 829 2942 paulisper
843 2852 993 2942 equitum
1014 2866 1204 2920 nostrorum
1223 2850 1291 2916 vim

256 2968 494 3038 sustinuerunt.
517 2971 576 3038 His
592 2969 830 3064 pugnantibus,
846 2967 940 3038 illum
960 2973 994 3038 in
1011 2995 1134 3063 equum
1156 2969 1291 3063 quidem

258 3111 300 3158 ex
316 3088 383 3156 suis
400 3087 536 3164 intulit:
554 3089 734 3184 fugientem
749 3087 838 3156 silvae
852 3102 1015 3164 texerunt.
1030 3091 1085 3158 Sic
1101 3104 1135 3156 et
1154 3088 1197 3157 ad
1215 3090 1292 3158 sub·

257 3205 405 3279 eundum
430 3207 634 3300 periculum,
657 3207 754 3278 etad
778 3204 967 3294 vitandum,
989 3206 1132 3274 multum
1159 3207 1292 3276 fortuna

258 3326 371 3406 valuit.

305 3449 431 3518 XXXI.
447 3448 617 3518 Ambiorix
633 3451 743 3543 copias
761 3473 836 3521 suas
853 3447 1024 3541 judicione
1041 3471 1109 3516 non
1126 3446 1294 3515 conduxe-

260 3571 317 3656 rit,
327 3568 417 3662 quod
426 3565 544 3662 proelio
553 3568 779 3640 dimicandum
791 3593 857 3636 non
867 3570 1077 3655 existimarit,
1088 3593 1130 3636 an
1145 3581 1293 3660 tempore

261 3686 423 3775 exclusus,
443 3701 477 3756 et
496 3690 668 3781 repentino
687 3689 835 3781 equitum
853 3687 996 3756 adventu
1016 3687 1203 3782 prohibitus
1223 3686 1293 3755 fue·

262 3808 319 3892 rit,
333 3830 436 3899 quum
445 3806 608 3900 reliquum
622 3809 802 3875 exercitum
815 3809 970 3900 subsequi
982 3806 1145 3894 crederet,
1156 3806 1294 3876 dubium

266 3941 330 3995 est:
342 3925 508 4013 sedeone,
524 3927 607 3997 clam
624 3928 765 3996 dimissis
776 3954 834 4022 per
848 3955 943 4024 agros
958 3930 1100 4015 nuutiiS,
1111 3929 1296 4023 sibiquem·
