3062 4766
283 355 338 420 ²34
436 358 467 412 C.
490 360 585 414 tuan
606 361 768 418 CAESARIS
789 353 1156 416 commemorauit

282 479 438 573 cognitis,
458 481 554 574 plura
571 503 672 576 quam
689 483 846 553 videbant
862 477 1128 549 extimescebam.
1138 475 1217 564 Quo
1233 471 1320 540 sacto

281 601 431 668 statuisse
453 603 626 672 Commius
652 603 823 673 dicebatur
848 623 1020 693 nunquam
1042 599 1077 666 in
1105 583 1318 689 conspectum

280 719 476 812 cujusquam
493 725 634 792 Romani
651 725 774 793 venire.
845 729 848 742 '

328 842 454 910 XXIV.
468 839 729 912 Bellicosissimis
742 845 895 939 gentibus
906 841 1064 928 devictis,
1078 842 1205 922 Caesar,
1215 859 1319 929 quum

282 958 408 1029 videret
424 959 549 1031 nullam
571 966 638 1057 jam
665 989 734 1033 esse
758 966 924 1032 civitatem
948 985 1021 1054 quae
1045 957 1170 1028 bellum
1189 967 1320 1051 pararet

281 1103 348 1170 quo
368 1080 429 1149 sibi
447 1083 626 1170 resisteret,
644 1084 701 1153 sed
718 1082 895 1152 nonnullos
911 1107 951 1151 ex
969 1079 1101 1175 oppidis
1120 1077 1322 1170 demigrare,

281 1224 319 1266 ex
345 1203 432 1295 agris
458 1196 640 1298 diffugere,
666 1203 709 1273 ad
739 1229 882 1298 praesens
910 1203 1085 1296 imperium
1111 1195 1320 1280 evitandum,

281 1317 393 1413 plures
414 1323 449 1390 in
468 1337 578 1417 partes
598 1325 780 1393 exercitum
799 1323 967 1392 dimittere
986 1320 1168 1390 constituit.
1185 1319 1233 1385 Μ.
1255 1319 1322 1384 An·

282 1441 412 1510 tonium
428 1458 625 1535 quaestorem
641 1469 718 1512 cum
734 1443 862 1539 legione
877 1467 912 1510 x1
928 1442 989 1510 sibi
1006 1439 1178 1533 conjungit
1188 1463 1197 1523 3
1208 1438 1248 1505 C.
1260 1439 1321 1504 Fa·
1345 1459 1350 1469 ·

281 1563 372 1630 bium
396 1561 541 1658 legatum
564 1590 641 1634 cum
661 1565 851 1634 cohortibus
872 1586 941 1632 xxv
961 1562 1065 1630 mittit
1084 1562 1120 1628 in
1140 1557 1322 1626 diversissi-

281 1709 370 1752 mam
383 1684 499 1755 Galliae
513 1699 657 1779 partem;
671 1685 761 1780 quod
777 1687 823 1754 ibi
840 1683 998 1778 quasdam
1013 1682 1161 1750 civitates
1173 1682 1208 1747 in
1221 1679 1322 1747 armis

281 1829 350 1872 esse
378 1803 547 1892 audiebat,
576 1831 683 1900 neque
706 1809 745 1876 C.
774 1806 952 1877 Caninium
976 1800 1131 1872 Rebilum
1155 1797 1321 1893 legatum,

282 1926 394 2015 quiin
422 1923 486 1993 illis
511 1925 702 2020 regionibus
722 1940 876 2019 praeerat,
898 1923 977 1993 satis
993 1921 1103 1992 iirmas
1123 1944 1149 1989 11
1177 1917 1322 2012 legiones

283 2043 405 2110 babere
430 2045 648 2113 existimabat.
673 2049 711 2114 T.
736 2045 920 2114 Labienum
946 2042 989 2113 ad
1012 2067 1047 2110 se
1070 2055 1199 2123 evocat3
1225 2037 1323 2133 legio-

283 2185 425 2253 nemque
437 2187 503 2250 xn,
519 2188 592 2256 quae
608 2189 684 2233 cum
701 2191 741 2234 co
757 2165 863 2234 fuerat
881 2167 915 2233 in
933 2163 1095 2246 hibernis,
1114 2162 1147 2228 in
1162 2163 1323 2254 Togatam

283 2279 427 2350 Galliam
443 2283 561 2370 mittit,
577 2284 617 2352 ad
631 2282 778 2352 colonias
788 2286 910 2353 civium
937 2304 1153 2351 romanorum
1168 2277 1323 2366 tuendas,

284 2401 431 2495 nequod
449 2401 556 2472 simile
572 2403 820 2473 incommodum
838 2402 1014 2488 accideret,
1033 2399 1229 2469 decursione
1247 2400 1325 2468 bar·

282 2522 455 2608 berorum,
472 2547 510 2592 ac
528 2525 697 2618 superiore
715 2539 827 2592 astate
842 2523 1042 2616 Tergestinis
1059 2519 1248 2604 accidisset,
1265 2520 1324 2612 qui

282 2644 455 2736 repentino
473 2642 648 2712 latrocinio
664 2659 761 2737 atque
778 2645 904 2737 impetu
917 2665 1033 2710 eorum
1049 2655 1144 2709 erant
1161 2641 1320 2734 oppressi.

282 2767 357 2858 Ipse
370 2764 412 2833 ad
429 2764 604 2835 vastandos
617 2762 930 2860 depopulandosque
942 2762 1024 2831 lines
1038 2763 1239 2855 Ambiorigis
1251 2783 1323 2853 pro-

283 2885 442 2954 ficiscitur
463 2911 472 2953 ε
491 2910 591 2978 quem
609 2887 821 2979 perterritum
840 2909 879 2954 ac
897 2883 1080 2978 lugientem
1096 2907 1198 2976 quum
1218 2880 1323 2974 redigi

283 3027 377 3094 posse
400 3007 435 3073 in
461 3029 554 3075 suam
580 3019 774 3099 potestatem
800 3006 1017 3099 desperasset,
1043 3006 1233 3097 proximum
1257 3025 1323 3070 sua

283 3125 453 3219 dignitatis
473 3151 543 3194 esse
566 3125 726 3210 ducebat,
745 3125 828 3194 adeo
845 3125 927 3194 lines
945 3127 1016 3218 ejus
1037 3139 1165 3192 vastare
1182 3122 1323 3206 civibus,

282 3245 444 3333 aedilieiis,
461 3271 596 3341 pecore,
613 3259 650 3314 ut
668 3243 746 3314 odio
764 3269 899 3314 suorum
920 3246 1108 3331 Ambiorix,
1126 3246 1252 3337 siquos
1274 3241 1323 3311 so·

284 3383 364 3436 tuna
389 3365 519 3435 lecisset
546 3363 704 3458 reliquos,
725 3363 854 3434 nullum
879 3363 1022 3432 reditum
1051 3379 1189 3456 propter
1216 3377 1323 3432 tantas

283 3487 485 3555 calamitates
499 3486 635 3554 haberet
651 3485 685 3551 in
703 3485 880 3553 civitatem.

331 3610 439 3675 XXV.
459 3609 575 3694 Quum
595 3607 628 3672 in
645 3629 759 3674 omnes
777 3619 886 3698 partes
907 3605 1023 3674 linium
1044 3605 1246 3698 Ambiorigis
1265 3619 1325 3672 aut

283 3725 426 3821 legiones
456 3739 515 3792 aut
537 3721 658 3793 auxilia
685 3725 878 3812 dimisisset,
904 3739 1004 3816 atque
1028 3726 1140 3792 omnia
1164 3723 1323 3810 caedibus,

284 3843 459 3930 incendiis,
491 3845 614 3938 rapinis
641 3860 813 3934 vastasset,
837 3867 960 3940 magno
984 3867 1124 3912 numero
1149 3844 1324 3913 hominum

284 3963 457 4033 interiecto
480 3978 536 4033 aut
559 3979 672 4060 capto,
693 3966 876 4036 Labienum
898 3989 974 4034 curn
994 3963 1122 4032 duabus
1141 3963 1325 4058 legionibus
