3068 4772
493 415 544 471 DE
563 415 687 471 BELLO
708 415 991 475 euenumutto.
1201 417 1251 476 rur

226 541 283 612 sed
298 555 335 610 ut
353 539 395 610 ab
410 563 452 608 ea
463 539 618 625 victoria,
639 541 821 633 perterritis
839 539 1086 627 Alexandrinis,
1104 545 1253 633 protinus

226 673 332 730 cestra
343 659 428 754 regis
441 671 658 752 oppugnaret.
669 659 784 751 ltaque
796 683 836 728 eo
854 681 968 746 sumu,
979 683 1046 752 quo
1056 658 1252 754 refugientes

225 775 465 848 Alexandrinos
482 801 522 846 ex
538 775 670 846 castello
688 777 723 846 in
740 791 845 848 eastra
863 791 941 847 sunt
954 777 1073 848 milites
1090 778 1250 868 insecuti,
1280 759 1284 764 ¹

224 893 463 964 munitionibus
473 909 713 982 successerunt,
730 896 953 989 acerrimeque
965 896 1092 966 eminus
1106 893 1250 990 proeliari

223 1025 402 1106 coeperunt
414 1011 551 1082 Duabus
563 1035 600 1081 ex
615 1011 763 1105 partibus
779 1010 889 1082 aditus
902 1013 1158 1107 oppugnationis
1173 1039 1250 1084 nos·

223 1128 464 1199 trudebatur:
488 1151 571 1216 una,
588 1153 689 1222 quam
704 1126 843 1200 liberum
863 1103 1029 1202 recemum
1052 1129 1172 1201 habere
1193 1133 1249 1202 de·

221 1247 400 1319 monstravi
410 1272 420 1335 3
432 1246 634 1340 altera,quae
649 1247 811 1316 mediocre
825 1247 1032 1318 intervallum
1043 1251 1129 1319 inter
1141 1267 1248 1322 castra

221 1381 255 1436 et
270 1365 393 1436 flumen
412 1365 526 1437 Nilum
538 1366 688 1436 habebat.
703 1367 846 1436 Maxima
854 1381 888 1436 et
903 1366 1248 1441 electissimaAlexan·

220 1485 391 1556 drinorum
405 1485 582 1556 multitudo
599 1483 792 1556 defendebat
811 1509 883 1556 eam
902 1501 1046 1581 partem,
1064 1513 1137 1582 quae
1158 1489 1248 1559 iacil-

219 1606 334 1678 limum
354 1605 480 1675 aditum
495 1604 645 1675 habebat.
664 1603 846 1675 Plurimum
862 1621 972 1675 autem
988 1607 1203 1700 proficiebant
1211 1610 1246 1681 in

219 1723 413 1820 repellendis
431 1723 705 1818 vulnerandisque
723 1725 858 1813 nostris,
878 1726 935 1817 qui
952 1727 1086 1819 regione
1101 1725 1246 1796 fluminis

217 1843 286 1915 Nili
306 1842 587 1939 propugnabant:
615 1843 750 1912 diversis
771 1845 857 1912 enim
881 1841 954 1913 telis
975 1845 1078 1914 nostri
1098 1844 1245 1938 figeban-

217 1979 289 2051 tur,
308 1961 436 2032 adrersi
463 1987 502 2032 ex
527 1961 611 2032 vallo
628 1977 827 2050 castrorum,
853 1964 957 2032 aversi
982 1987 1022 2032 ex
1045 1962 1245 2051 flumine,in

216 2107 284 2176 quo
305 2080 416 2150 multae
440 2105 554 2168 naves,
574 2082 737 2151 instructoe
763 2079 983 2150 funditoribus
1000 2095 1034 2150 et
1053 2084 1245 2176 sagittariis,

216 2215 345 2270 nostros
359 2200 604 2295 impugnabant.

262 2322 388 2390 XXXI.
408 2321 533 2408 Caesar,
553 2345 654 2414 quum
672 2319 814 2406 videret,
833 2318 953 2390 milites
972 2323 1079 2391 aerius
1096 2319 1242 2416 proeliari

215 2463 283 2509 non
301 2463 412 2532 posse,
430 2463 490 2510 nec
510 2453 618 2509 tamen
642 2436 783 2508 multum
807 2438 920 2531 profici
941 2453 1076 2533 propter
1092 2437 1242 2510 locorum

215 2555 460 2644 difficultatem,
491 2579 659 2650 quumque
675 2557 820 2624 animum
840 2553 1041 2640 adverteret,
1059 2555 1241 2626 excelsissi-

213 2699 304 2748 mum
333 2674 442 2744 locum
465 2688 648 2746 castrorum
669 2671 819 2741 relictum
841 2697 911 2741 esse
930 2673 973 2742 ab
993 2670 1241 2764 Alexandrinis,

214 2794 344 2888 quodet
357 2817 417 2887 per
430 2817 464 2862 se
477 2793 624 2862 munitus
638 2805 737 2878 esset,
749 2805 782 2859 et
798 2791 908 2860 studio
920 2792 1041 2885 partim
1051 2791 1241 2885 pugnandi,
1372 2783 1374 2788 ¹

212 2919 334 3011 partim
352 2913 519 3009 spectandi
539 2913 800 2982 decucurrissent
819 2913 948 2982 ineunt
968 2910 1093 3000 locum,
1117 2915 1152 2982 in
1172 2938 1241 3007 quo

214 3035 440 3128 pugnabatur,
466 3032 617 3103 cohortes
637 3029 693 3100 illo
706 3032 845 3101 circuire
870 3045 992 3118 eastra,
1014 3045 1049 3100 et
1073 3055 1239 3102 summurn

212 3150 321 3222 locum
352 3151 487 3248 aggredi
509 3151 622 3245 jussit;
651 3150 756 3244 iisque
781 3148 995 3234 Carfulenum
1019 3149 1182 3245 prefecit,
1206 3166 1240 3222 et

211 3271 558 3368 animiumagnitudine
576 3284 610 3339 et
625 3271 674 3339 rei
692 3269 841 3340 militaris
859 3271 995 3340 scientia
1017 3271 1124 3340 virum
1151 3295 1236 3364 prae·

210 3407 363 3464 stantem.
382 3393 459 3482 Quo
478 3405 516 3460 ut
531 3403 667 3460 ventum
683 3403 747 3476 est,
766 3391 877 3483 paucis
896 3385 1146 3459 defendentibus
1162 3408 1238 3458 mu·

209 3513 386 3596 nitionem,
410 3511 531 3581 nostris
556 3522 672 3580 contra
697 3507 855 3577 militibus
882 3509 1039 3578 aoerrime
1060 3509 1237 3602 pugnanti-

209 3629 287 3718 bus,
305 3629 435 3699 diverso
457 3627 599 3698 clamore
617 3642 651 3698 et
676 3626 793 3722 proelio
818 3628 983 3721 perterriti
1001 3624 1236 3711 Alexandrini,

208 3747 410 3843 trepidantes
427 3749 461 3816 in
476 3771 590 3820 omnes
605 3762 714 3842 partes
733 3761 915 3818 nastrorum
929 3735 1112 3814 discurrere
1129 3769 1237 3839 coepe·

209 3881 297 3936 runt.
308 3869 460 3958 Quorum
476 3868 724 3960 perturbatione
738 3881 926 3938 nostrorum
940 3863 1042 3936 animi
1059 3861 1142 3933 adeo
1155 3877 1234 3932 sunt

207 3984 348 4074 incitati,
370 3999 408 4056 ut
423 4010 515 4079 pune
537 3984 653 4056 eodem
667 4001 814 4081 tempore
833 4009 874 4054 ex
895 3983 1047 4056 omnibus
1064 3981 1229 4076 partibus,
