3020 4768
446 326 641 382 COMMENT.
666 329 716 384 DE
737 331 856 389 BELLO
879 335 1048 391 eunuco.
1208 344 1265 398 263

223 449 323 494 mann.
344 437 570 497 Cassivellaunus
593 453 675 498 sonat
694 444 792 518 igitur,
808 448 857 522 qui
881 449 970 523 abigit
984 452 1031 506 vel
1047 452 1133 526 agitat
1152 457 1264 528 Cassos,

222 532 336 606 gallice,
348 531 584 601 Classe-Cassae,
599 537 649 609 qui
659 536 760 592 chasse
769 541 811 592 les
821 540 933 610 casses,
948 542 1184 621 seribendumque
1195 549 1265 604 Cos·

223 625 391 691 sivelounus,
401 641 490 698 grasse
499 621 748 700 liius-soumarias,
755 633 800 687 vel
807 631 1040 704 Cassivellaunus,
1052 638 1225 711 geminando
1235 643 1261 707 l,

224 717 293 772 utin
306 717 560 789 Vellaunodunum,
572 721 672 796 oppidi
681 722 778 778 Galliae
788 725 917 796 nomine,
931 728 1078 801 euphoniae
1087 748 1185 800 causa3
1194 732 1264 786 sicut

223 807 253 862 iu
269 807 352 864 Cassi
366 827 421 882 pro
435 810 519 880 Casi,
535 823 563 868 et
578 813 607 868 in
626 811 705 870 finali
723 831 836 871 -cosses
852 817 1000 873 nominum
1019 819 1117 876 Galliae
1134 823 1261 895 populo-

223 918 299 968 rum,
318 899 444 971 ejusdem
457 903 583 978 originis.

261 1040 324 1093 Car.
343 1039 425 1095 XIII.
448 1041 594 1097 Hibernia.
611 1042 727 1098 Addunt
739 1045 870 1101 nonnulli
887 1048 987 1102 ursula.
1008 1047 1158 1118 Hibernia,
1177 1069 1261 1123 quam

220 1131 312 1186 minus
332 1143 408 1188 recte
429 1143 458 1188 et
479 1134 672 1190 contractione
696 1147 778 1193 vocat
792 1138 911 1193 Juoema
928 1141 1028 1212 Pomp.
1050 1142 1139 1210 Mela,
1157 1160 1173 1195 a
1189 1159 1261 1199 voce

220 1221 359 1294 hybernus
367 1263 377 1290 ,
395 1223 542 1298 hyemalis,
557 1245 663 1282 nomen
678 1226 771 1297 ducit,
788 1240 924 1304 sonatque
936 1229 1027 1286 insula
1041 1231 1072 1286 in
1093 1249 1149 1306 qaia
1164 1231 1262 1304 hyems

220 1315 406 1388 protrahitur,
419 1318 465 1371 vel
480 1336 541 1389 quse
555 1318 592 1374 ab
605 1318 752 1374 occidente
765 1319 887 1394 hyemali
896 1319 979 1392 jacet.
994 1323 1095 1378 Melius
1109 1343 1177 1398 ergo
1191 1327 1262 1381 scri-

220 1409 334 1463 beretur
351 1407 501 1480 Hybernia.

258 1525 355 1578 Mona.
371 1528 395 1577 Α
404 1541 495 1597 greco
504 1519 585 1594 usui,
595 1525 691 1582 dorice
702 1520 790 1600 μονέι,
807 1525 934 1596 mansio,
946 1527 1100 1597 habitatio,
1111 1529 1187 1600 quod
1200 1531 1259 1584 baec

217 1616 307 1670 insula
320 1615 465 1686 ultimum,
481 1627 512 1671 ut
525 1618 564 1673 ait
581 1617 710 1688 Tacitus,
727 1617 891 1675 druidm
908 1618 1090 1692 profugarum
1105 1620 1258 1695 refugitur,

215 1707 308 1780 reipsa
325 1717 396 1763 esset
413 1708 487 1764 inter
501 1709 673 1765 Britanniam
688 1719 716 1765 et
732 1709 906 1784 Hyberniam
922 1710 1031 1765 mansio
1046 1710 1216 1766 Druidarum
1230 1723 1258 1767 et

217 1799 417 1873 navigantium.

256 1927 320 1984 Car.
335 1928 412 1984 XIV.
429 1927 515 1984 Vulso.
537 1927 613 1983 «Hic
627 1947 690 1983 curu
705 1929 812 1986 Cesare
830 1929 1008 1985 consentiunt
1026 1930 1119 1998 Mela,
1135 1928 1184 1983 lib.
1201 1948 1256 1998 ιιι,

216 2039 240 2075 c.
256 2019 289 2088 6,
305 2031 332 2076 et
348 2020 506 2090 Vitruvius,
519 2021 569 2076 lib.
588 2039 651 2090 vu,
667 2039 690 2076 c.
707 2027 758 2090 tl„
775 2021 824 2095 qni
838 2021 945 2077 habent
962 2040 1074 2095 quoquc
1086 2021 1169 2076 vitro.
1186 2021 1255 2077 Ori-

216 2112 310 2167 basius
322 2122 415 2168 autem
430 2112 528 2168 scribit
548 2113 641 2168 notin
661 2111 811 2168 infectores
828 2114 932 2168 vi'trum
949 2114 1109 2188 appellare3
1130 2123 1158 2168 et
1174 2114 1255 2168 Mur—

215 2205 301 2260 cellus
308 2204 478 2278 Empiricus,
488 2223 511 2260 c.
521 2203 577 2260 23:
595 2203 727 2273 «Herba,
742 2203 847 2278 inquit,
863 2223 949 2279 quom
961 2223 1013 2261 nos
1029 2205 1146 2272 vitrum,
1164 2207 1259 2260 Grcuci

216 2295 315 2351 isatidu
327 2307 463 2352 vocant.»
478 2299 569 2352 Porro
585 2295 692 2352 Plinius
708 2295 795 2372 (Hisl.
809 2309 883 2364 nae,
899 2297 948 2352 lib.
965 2315 1084 2365 nx11,c.
1100 2295 1255 2372 1)e0sdem

215 2387 365 2444 Britannos
380 2388 420 2443 ait
429 2391 525 2464 glasto
537 2387 658 2442 oblenem
669 2405 796 2462 corporo.
810 2389 880 2444 Sunt
897 2406 965 2462 ergo
981 2389 1082 2443 vitmm
1096 2398 1124 2442 ct
1134 2389 1255 2462 glosuem

214 2489 242 2534 et
260 2480 340 2534 isosc's
357 2479 468 2535 diversa
488 2479 605 2534 uomina
626 2478 750 2551 ejusdem
770 2481 886 2554 plantae,
902 2479 978 2553 cujus
1004 2479 1092 2534 succis
1117 2477 1254 2552 expressis

215 2571 342 2626 Britanni
361 2571 398 2626 ad
412 2569 564 2627 inficienda
580 2589 700 2646 corpora
717 2573 760 2628 usi
779 2583 872 2627 sunt.»
886 2573 929 2627 lta
941 2571 1093 2627 Oberlinus
1107 2580 1135 2625 et
1146 2574 1182 2627 D.
1195 2571 1253 2624 Le-

215 2662 312 2717 maire.
325 2663 391 2716 Haec
406 2662 459 2716 tria
475 2662 593 2717 nomina
613 2680 731 2737 ganeam
744 2663 884 2736 originem
898 2662 1016 2730 habent,
1030 2679 1132 2734 nempe
1152 2662 1253 2715 vitmm

214 2775 230 2808 a
248 2749 379 2825 outlpb,
400 2755 504 2822 clarus,
524 2751 643 2824 nitidus,
661 2755 768 2824 lucens3
784 2757 921 2829 glastum,
942 2771 977 2808 ex
995 2771 1051 2826 quo
1071 2769 1128 2806 vox
1153 2751 1251 2824 gallica

211 2845 303 2920 gulde
311 2857 420 2915 manat,
433 2864 449 2902 a
463 2841 608 2914 unietur,
622 2845 670 2919 qui
683 2845 800 2920 frangit,
813 2846 886 2901 forte
900 2855 930 2899 ut
940 2843 1066 2920 quaedam
1074 2842 1163 2898 herba
1177 2842 1253 2914 cujus

215 2939 321 2993 mentio
336 2937 369 2993 fit
382 2939 459 3013 apud
467 2937 604 3006 Plinium,
618 2939 662 2993 vel
676 2937 775 2993 melius
788 2957 804 2992 a
818 2934 953 3013 χλοάζω,
966 2936 1045 2990 vireo
1050 2933 1154 3004 ,unium
1164 2935 1251 2990 herba

214 3030 326 3100 viridis,
335 3031 433 3104 gallice
445 3049 538 3106 goson
550 3048 604 3104 pro
614 3033 734 3105 glauon,
748 3028 905 3085 britannice
917 3027 1110 3101 armoricaque
1121 3030 1198 3102 glos,
1207 3027 1252 3082 vi-

212 3121 295 3190 ridis,
305 3124 448 3193 caenrleus,
458 3112 1251 3196 lividus3isatisabinires,glastum,vocecompositaex

211 3207 278 3284 isse,
287 3233 348 3286 par,
357 3215 482 3288 aqualis,
492 3224 519 3270 et
529 3211 596 3285 ἄτη,
605 3213 748 3283 damnum,
762 3213 932 3281 clades,Ati,
941 3209 1137 3283 deamalelicu,
1151 3209 1250 3281 ἀτίζω,

213 3325 324 3361 nocere.
341 3307 411 3361 Glas
420 3307 495 3362 enim
504 3307 549 3362 vel
556 3308 642 3381 gloos
651 3304 823 3360 substantive
831 3305 933 3359 maltun
943 3314 1026 3360 sonat
1034 3306 1180 3361 armorico.
1187 3307 1250 3360 Vox

212 3397 296 3470 igitur
314 3399 381 3472 glus
402 3415 519 3470 graecam
546 3415 659 3471 quoque
678 3395 818 3470 originem
834 3396 932 3466 habet,
953 3397 1057 3452 nedum
1080 3415 1114 3453 ex
1139 3415 1172 3452 ea
1193 3415 1251 3452 vox

212 3505 299 3562 graeca
313 3491 439 3562 glastum
455 3489 568 3544 oriatur.
589 3488 677 3560 Htrjus
694 3497 786 3543 autem
802 3487 889 3543 moris
908 3487 1039 3562 vestigia,
1054 3497 1084 3542 ut
1101 3498 1167 3543 unte
1185 3487 1249 3542 ani-

211 3580 361 3636 madvertit
377 3580 543 3650 Oberlinus,
563 3597 706 3655 superesse
725 3579 857 3635 videntur
872 3579 945 3635 inter
968 3581 1067 3636 Scotos
1082 3578 1249 3648 hodiernos,

211 3673 285 3747 apud
306 3691 376 3747 quos
399 3673 567 3730 vestimenta
584 3684 644 3728 tum
665 3671 778 3747 capitis,
793 3683 853 3726 tum
876 3671 1004 3746 corporis
1024 3681 1088 3728 sunt
1108 3671 1248 3746 variegata

210 3766 321 3822 duobus
339 3767 495 3834 coloribus,
508 3767 615 3823 scilicet
628 3783 729 3821 croceo
744 3774 773 3820 et
785 3765 918 3832 caeruleo,
931 3763 960 3818 in
977 3764 1094 3820 modum
1109 3765 1250 3820 cancello-

209 3875 285 3926 rum;
307 3871 335 3914 et
353 3859 409 3915 hoc
427 3859 515 3914 modo
533 3859 620 3912 tincta
639 3857 722 3914 fuisse
742 3868 869 3914 veterum
891 3857 1090 3912 Britannorum
1112 3875 1249 3930 corpora,

210 3969 333 4006 necnon
352 3962 381 4006 ct
396 3952 541 4006 Gallorum
556 3951 671 4024 virgata
684 3952 783 4020 sugulo
789 3991 799 4019 ,
817 3949 930 4005 credere
947 3959 995 4004 est.
