3050 4772
462 357 513 414 nn
534 357 654 413 annno
676 359 838 434 caturco
858 361 1009 416 muru.
1201 327 1255 436 135

218 505 317 572 quom
336 484 370 550 in
390 476 577 570 fortunam,
597 508 763 578 quamque
785 487 820 553 in
837 469 1090 579 amplitudinem
1105 485 1258 556 deduxis-

217 615 280 688 sot,
294 617 411 670 utnon
427 601 535 672 solum
550 605 585 670 iu
598 606 775 699 pristinum
788 617 910 674 statum
924 605 1103 692 redissent,
1119 607 1177 675 sed
1188 631 1259 676 om·

218 723 311 789 nium
335 735 523 815 temporum
547 722 741 817 dignitatem
763 738 795 794 et
815 727 957 819 gratiam
980 727 1191 795 antecessisse
1208 726 1258 792 vi·

218 838 386 908 durentur.
402 870 418 904 n
431 843 491 910 His
506 841 589 910 datis
606 843 784 929 mandatis,
799 868 855 912 eos
870 845 911 914 ab
927 871 962 914 se
978 844 1114 914 dimisit.

267 963 336 1028 LV.
346 961 585 1030 Noviodunum
596 963 831 1057 eratoppidnm
843 964 1043 1050 AEduorum,
1056 963 1098 1032 ad
1109 965 1196 1058 ripas
1205 965 1260 1034 Li·

218 1080 305 1172 geris
320 1095 512 1172 opportuno
528 1079 601 1149 loco
619 1083 773 1176 positum.
786 1087 861 1160 Huc
876 1084 991 1170 Caesar
1000 1107 1115 1152 omues
1130 1082 1260 1151 obsides

219 1197 352 1282 Galliae,
372 1199 593 1288 frumentum,
611 1203 784 1294 pecuniam
804 1181 987 1295 publicam,
1005 1227 1142 1272 suorum
1160 1217 1260 1296 atque

219 1320 381 1386 exercitus
398 1318 712 1414 impedimentorum
731 1346 884 1416 magnam
902 1336 1032 1415 partem
1052 1319 1260 1409 contulerat3

219 1440 284 1507 huc
306 1463 466 1534 magnum
488 1465 664 1510 numerum
685 1466 863 1534 equorum,
883 1443 983 1535 hujus
1007 1440 1086 1511 belli
1105 1466 1203 1510 causa
1226 1445 1261 1510 in

209 1558 314 1628 -ltalia
327 1574 427 1654 atque
443 1562 604 1654 Hispania
618 1575 825 1655 coemptum,
835 1564 977 1631 miserat.
992 1567 1042 1632 Eo
1056 1587 1160 1655 quum
1173 1567 1262 1655 Epo·

220 1673 353 1748 rederix
374 1679 672 1773 Viridomarusque
698 1683 880 1768 venissent,
900 1696 935 1749 et
955 1681 996 1750 de
1015 1696 1102 1750 statu
1118 1680 1262 1750 civitatis

220 1801 465 1894 cognovissent,
490 1801 676 1870 Litavicum
697 1800 850 1868 Bibracte
874 1781 915 1869 ab
936 1800 1050 1870 AEduis
1073 1814 1262 1893 receptum,
1372 1877 1374 1880 ¹

220 1918 311 2011 quod
328 1934 378 1988 est
397 1918 557 2014 oppidum
574 1919 664 2013 apud
681 1943 736 1987 eos
757 1921 907 1988 maximae
928 1921 1153 2002 auctoritatis,
1164 1895 1262 1989 ¹Con-

220 2037 447 2108 uictolitauem
457 2041 688 2133 magistratum
701 2063 924 2133 magnamque
934 2050 1062 2133 partem
1075 2054 1208 2108 senatus
1221 2039 1263 2112 ad

220 2184 297 2228 eum
316 2161 526 2246 convenisse,
546 2159 671 2254 legatos
689 2159 731 2228 ad
749 2161 1055 2255 Vercingetorigem
1074 2159 1116 2228 de
1133 2185 1215 2254 pace
1230 2175 1263 2230 et

220 2281 365 2349 amicitia
383 2278 590 2349 concilianda
610 2277 742 2373 publice
757 2281 897 2364 -miss0s3
917 2305 985 2348 non
1008 2282 1262 2374 pretermitten-

104 2423 108 2433 ·
221 2400 301 2470 dum
326 2414 457 2469 tantum
477 2399 691 2469 commodum
712 2399 991 2468 existimaverunt.
1013 2403 1145 2492 Itaque,
1164 2401 1265 2466 inter·
1312 2409 1315 2416 '

219 2519 314 2588 fectis
338 2519 530 2590 Novioduni
552 2519 759 2604 custodibus,
783 2518 906 2611 quique
927 2541 968 2586 eo
990 2517 1181 2613 negotiandi
1207 2535 1264 2588 aut

220 2640 349 2708 itineris
367 2663 466 2728 causa
483 2653 724 2725 conuenerant,
743 2639 918 2732 pecuniam
937 2653 1036 2732 atque
1053 2663 1157 2732 equos
1175 2640 1264 2707 inter

219 2785 255 2827 se
277 2759 390 2853 partiti
410 2772 502 2842 sunt3
519 2758 649 2828 obsides
665 2759 836 2827 civitatum
856 2756 1009 2826 Bibracte
1027 2757 1069 2826 ad
1089 2759 1264 2852 magistra-

220 2893 293 2948 tum
315 2877 525 2947 deducendos
545 2893 760 2962 curaverunt3
781 2875 956 2970 oppidum,
980 2875 1070 2968 quod
1090 2876 1132 2944 ab
1159 2901 1195 2946 se
1216 2892 1264 2949 te

221 3001 293 3094 npri
314 3023 382 3066 non
399 3023 495 3092 posse
518 2996 727 3090 judicabant,
746 3021 788 3064 ne
810 2997 864 3064 cui
881 3009 966 3064 esset
985 2997 1058 3064 usui
1084 2998 1261 3087 Romanis,
1292 3024 1302 3043 ⁸

222 3120 456 3204 incenderunt3
481 3117 638 3186 frumenti
665 3116 754 3210 quod
782 3117 893 3186 subito
916 3109 1098 3210 potuerunt
1122 3120 1262 3190 navibus

222 3255 417 3321 avexerunt,
447 3236 612 3333 reliquum
632 3236 777 3306 'flumine
799 3251 899 3329 atque
927 3235 1079 3306 incendio
1101 3263 1261 3333 corrupe-

221 3373 316 3436 runt:
336 3360 398 3457 ipsi
419 3384 459 3427 ex
479 3359 629 3428 finitimis
650 3357 841 3450 regionibus
862 3357 974 3450 copias
995 3381 1128 3450 cogere,
1149 3361 1262 3452 praeai·

222 3481 276 3548 dia
290 3479 523 3572 custodiasque
544 3477 585 3545 ad
602 3479 690 3569 ripas
708 3477 836 3570 Ligeris
852 3475 1041 3569 disponere,
1059 3479 1262 3571 equitatum-

222 3625 286 3694 que
312 3599 467 3668 omnibus
494 3595 589 3684 locis,
612 3595 782 3690 injiciendi
808 3597 935 3666 timoris
959 3621 1071 3684 causa,
1096 3609 1263 3668 ostentare

223 3735 410 3813 coeperunt,
429 3719 457 3788 si
475 3718 516 3786 ab
538 3743 572 3786 re
592 3717 807 3786 frumentaria
823 3719 992 3786 Romanos
1012 3715 1186 3785 excludere
1204 3733 1263 3786 aut

221 3839 381 3908 adductos
401 3840 513 3933 inopia
534 3863 575 3907 ex
598 3837 769 3931 provincia
794 3836 959 3931 expellere
985 3851 1128 3930 possent.
1148 3838 1278 3925 Quam³

222 3959 264 4028 ad
283 3984 375 4053 spem
395 3958 536 4027 multum
557 3981 613 4025 eos
633 3955 825 4049 adjuvabat,
845 3957 935 4050 quod
953 3957 1052 4052 Liger
1071 3982 1113 4026 ex
1131 3956 1263 4026 nivibus

1065 4075 1116 4146 13.
