3038 4766
193 470 195 478 .
282 407 318 458 7⁰
434 388 465 442 C.
485 386 582 442 JULII
602 385 767 440 CAESARIS
787 384 1152 440 COMMENTARIORUM

279 528 393 582 nactus
410 511 577 580 turbidam
595 523 839 602 tempestatem,
854 521 904 576 oet
919 508 1096 602 profectus.
1111 512 1208 578 Hunc
1225 534 1306 578 con-

278 633 409 726 spic'atae
422 655 540 719 naves,
554 653 627 723 quae
637 629 732 722 jussu
746 628 841 697 Bruti
858 626 1097 697 consuetudine
1113 627 1306 721 quotidiana

277 751 319 820 ad
344 763 477 844 portum
503 748 726 836 excubabant,
747 745 882 815 sublatis
898 747 1071 836 anchoris,
1092 749 1184 840 sequi
1203 772 1308 841 ooepe·

278 885 366 938 runt.
380 873 431 939 Ex
449 871 488 937 iis
511 893 617 938 unum
630 869 733 962 ipsius
758 869 925 962 navigium
940 866 1124 956 contendit,
1144 881 1177 936 et
1193 867 1307 960 liugane

277 989 515 1084 perseveravit,
531 986 720 1081 auxilioque
735 985 937 1079 tempestatis
954 1010 993 1054 ex
1011 999 1188 1080 conspectu
1202 987 1306 1074 abiit;

279 1108 362 1196 duo,
389 1107 564 1199 perterrita
591 1129 753 1175 concursu
779 1119 965 1173 nostrerum
994 1106 1150 1190 narium,
1175 1129 1244 1174 sese
1272 1107 1306 1174 in

278 1243 413 1320 portum
439 1241 642 1320 receperunt.
666 1203 887 1295 Massilienses
904 1249 995 1293 arma
1018 1239 1247 1319 tormentaque
1267 1251 1306 1296 ex
1384 1229 1392 1242 '

278 1346 417 1441 oppido,
438 1360 476 1413 ut
498 1361 548 1414 est
576 1347 790 1439 imperatum,
820 1342 1005 1437 proferunt3
1022 1367 1121 1413 nares
1143 1369 1183 1413 ex
1205 1358 1305 1438 portu

278 1465 515 1558 navalibusque
541 1463 705 1552 educunt;
730 1463 904 1557 pecuniam
930 1487 969 1530 ex
996 1461 1128 1555 publioo
1158 1463 1303 1534 tradunt.

278 1585 410 1674 Quibus
426 1585 526 1653 rebus
541 1583 711 1668 confectis,
728 1584 838 1652 Caesar
851 1582 955 1676 magis
973 1605 1029 1650 eos
1047 1605 1108 1674 pro
1124 1583 1256 1652 nomine
1273 1599 1306 1653 et

279 1718 457 1792 vetustate,
473 1729 573 1798 quam
590 1728 651 1797 pro
672 1704 796 1772 meritis
816 1703 851 1770 in
869 1726 903 1770 se
915 1702 1074 1786 civitatis,
1091 1727 1305 1792 conservans,

279 1825 358 1894 duas
376 1826 421 1893 ibi
448 1825 592 1920 legiones
617 1823 768 1918 praesidio
788 1821 959 1916 relinquit,
981 1837 1104 1892 ceteras
1122 1823 1157 1891 in
1177 1822 1305 1892 ltaliam

279 1945 379 2011 mittit
396 1968 404 2009 ε
423 1945 493 2038 ipse
509 1943 552 2012 ad
565 1943 692 2011 Urbem
710 1941 936 2034 proficiscitur.
1222 2000 1224 2003 .

326 2065 450 2131 xxttt
465 2061 585 2130 Iisdem
607 2061 808 2154 temporibus
824 2063 862 2130 C.
881 2062 1000 2150 Curio,
1018 2063 1052 2131 in
1067 2061 1209 2133 Africam
1225 2088 1305 2157 pro·

280 2181 381 2250 fectus
403 2205 442 2249 ex
463 2177 594 2262 Sicilia,
613 2180 727 2272 etjam
747 2179 788 2247 ab
809 2180 903 2248 initio
922 2181 1033 2274 copias
1063 2185 1101 2250 P.
1123 2183 1206 2252 Attii
1223 2185 1304 2252 Vari

279 2300 474 2393 despiciens,
491 2297 574 2367 duas
592 2296 734 2392 legiones
752 2323 792 2367 ex
812 2300 858 2384 rv',
879 2324 999 2393 quasa
1020 2303 1147 2370 Caesare
1169 2327 1305 2395 accepe-

279 2432 349 2506 rat,
370 2433 403 2488 et
428 2442 452 2487 u
479 2420 606 2510 equites
625 2421 885 2512 transportabat,
905 2417 1073 2514 biduoque
1097 2435 1131 2490 et
1155 2421 1306 2492 noctibus

278 2540 385 2607 tribus
402 2539 611 2633 navigatione
628 2539 847 2632 oonsumptie‚
868 2537 997 2633 appulit
1018 2541 1061 2610 ad
1089 2565 1164 2610 eum
1181 2541 1306 2624 locum,

279 2659 336 2752 qui
355 2656 542 2754 appellatur
558 2657 739 2752 Aquilaria.
755 2661 819 2736 Hic
836 2658 929 2730 locus
945 2659 1037 2730 abest
1051 2686 1070 2729 a
1083 2660 1218 2755 Clupeis
1234 2687 1308 2756 pas·

279 2803 375 2850 suum
400 2803 473 2850 xxti
500 2777 622 2868 millia,
647 2780 811 2874 habetque
833 2805 900 2849 non
929 2780 1170 2850 incommodam
1198 2793 1307 2850 astate

279 2901 472 2988 stationem,
492 2913 525 2968 et
545 2899 674 2970 duobus
699 2901 918 2970 eminentibus
944 2903 1179 2995 promontoriis
1204 2901 1307 2969 couti·

279 3033 386 3088 netur.
402 3021 509 3112 Hujus
525 3018 701 3088 adventum
720 3021 758 3088 L.
775 3023 884 3088 caesar
894 3019 980 3089 filius
997 3045 1072 3089 cum
1086 3047 1110 3090 x
1129 3020 1233 3116 longis
1251 3044 1308 3089 nu·

279 3139 375 3208 vibus
400 3138 442 3207 ad
466 3137 625 3233 Clupeam
651 3138 840 3233 praestolans
863 3139 963 3236 (quas
994 3165 1095 3210 navas
1122 3144 1244 3228 Utieae,
1268 3165 1308 3210 ex

281 3257 470 3352 praedonum
490 3257 577 3327 bello
594 3259 785 3349 subductas,
815 3263 852 3328 Ρ.
871 3261 979 3330 Attius
996 3259 1187 3330 reficiendas
1210 3261 1308 3353 hujus

280 3374 356 3446 belli
372 3401 469 3446 causa
485 3377 687 3474 curaverat),
703 3382 892 3474 veritusque
904 3381 1036 3448 navium
1048 3376 1308 3464 multitudinem,

280 3523 320 3566 ex
330 3496 398 3568 alto
412 3497 591 3592 refugerat,
609 3497 811 3594 appulsaque
824 3498 865 3567 ad
879 3501 1066 3591 proximum
1081 3498 1158 3568 litus
1175 3499 1309 3566 trireme

280 3632 462 3705 constrata,
480 3633 514 3688 et
531 3619 566 3686 in
584 3617 679 3690 litore
694 3617 825 3701 relicta,
842 3617 977 3711 pedibus
998 3617 1215 3688 Adrumetum
1234 3641 1310 3711 pro-

280 3739 408 3832 fugerat
436 3738 487 3832 (id
516 3739 676 3834 oppidum
706 3740 744 3807 C.
762 3734 939 3806 Considius
967 3741 1102 3830 Longus
1133 3737 1232 3805 unius
1262 3734 1310 3806 le·

280 3855 386 3950 gionis
410 3856 562 3949 prasidio
584 3853 754 3949 tuebatur)
774 3877 782 3922 ε
815 3853 947 3948 reliquae
965 3855 1102 3924 Caesaris
1118 3877 1217 3924 naves
1240 3857 1311 3950 ejus

280 3975 356 4068 suga
371 3973 585 4046 Adrumetum
607 4001 640 4045 se
657 3991 861 4071 receperunt.
876 3979 974 4047 Hunc
993 3992 1122 4046 secutus
1135 3979 1183 4047 M.
1204 3976 1311 4047 Rufus
