3014 4780
506 401 557 458 na
578 403 698 460 nanno
721 403 919 460 arsicino.
966 383 967 388 '
1161 404 1217 476 269

199 549 262 617 quc
277 527 322 592 ita
342 549 375 592 se
400 523 574 616 transjecit.
594 527 662 613 Qui
683 547 803 617 quum,
821 525 929 594 anima
945 525 1091 593 noudum
1108 527 1215 619 exspi-

199 658 288 728 rata,
306 641 514 730 concidisset,
535 657 585 732 et,
602 645 726 737 impetu
741 643 827 712 facto
843 645 877 710 in
892 641 1079 712 cubiculum
1104 668 1144 712 ex
1165 668 1218 712 su·

200 761 363 853 spicione,
379 761 523 830 medicus
534 761 772 855 familiaresque
785 763 969 848 continere,
985 774 1084 853 atque
1098 757 1217 831 vulnus

201 877 346 974 obligare
364 880 554 974 coepissent,
575 882 644 974 ipss
665 883 732 950 suis
755 881 905 950 manibus
925 875 1045 948 vulnu's
1064 879 1219 949 crudelis·

199 999 280 1066 sime
299 997 438 1079 divellit,
454 1013 553 1092 atque
570 1001 680 1067 animo
699 1000 848 1093 praesenti
866 1024 900 1068 se
917 1000 1091 1068 interemit.
1110 999 1217 1086 Quem

200 1117 385 1200 Uticenses,
413 1141 600 1211 quanquam
627 1117 764 1188 oderam
789 1120 933 1213 partium
959 1119 1080 1212 gratia,
1110 1132 1218 1188 tamen

200 1250 335 1328 propter
362 1237 433 1329 ejus
462 1233 658 1330 singularem
686 1237 923 1330 integritatem,
951 1249 983 1304 et
999 1235 1097 1328 ¹quod
1124 1234 1219 1304 dissi·

201 1352 355 1422 millimus
380 1353 581 1446 reliquorum
609 1353 730 1424 ducum
762 1353 882 1442 suerat,
907 1353 1062 1447 quodque
1087 1357 1218 1424 Uticam

201 1471 346 1540 mirificis
375 1473 529 1566 operibus
553 1475 716 1542 munierat
742 1486 913 1565 turresque
938 1486 1090 1558 suxerat,
1115 1472 1220 1567 sepul·

201 1604 274 1666 tura
298 1591 455 1661 afficiunt.
489 1593 568 1680 Quo
599 1591 788 1674 interfecto,
818 1593 856 1661 L.
875 1583 998 1676 Caesar,
1030 1606 1067 1660 ut
1096 1589 1219 1684 aliquid
1315 1573 1317 1581 ⁴

201 1710 311 1778 sibiex
327 1735 410 1778 aare
425 1708 537 1778 auxilii
548 1724 697 1803 pararet,
711 1723 894 1780 convocato
906 1707 1048 1802 populo,
1063 1709 1219 1778 concione

202 1828 328 1914 habita,
349 1829 540 1898 cohortatur
556 1852 688 1916 ornnes,
709 1843 746 1896 ut
764 1841 867 1921 porta
884 1828 1089 1920 aperirentur
1107 1853 1115 1894 ε
1136 1851 1170 1894 se
1185 1827 1219 1896 in

202 1949 338 2016 casaris
354 1946 524 2017 clementia
541 1971 691 2041 magnam
709 1972 800 2042 spem
817 1947 949 2040 hqbere.
969 1949 1100 2040 ltaque,
1117 1947 1220 2039 portis

203 2065 391 2158 patefactis,
416 2067 514 2138 Utica
536 2091 706 2160 egressos,
730 2068 849 2138 Caesari
875 2065 1063 2160 imperatori
1087 2065 1217 2134 obviam

202 2183 428 2276 proficiscitur.
447 2184 602 2274 Messala,
624 2200 661 2254 ut
678 2199 747 2254 erat
764 2187 978 2279 imperatum,
997 2186 1127 2256 Uticam
1146 2209 1220 2278 per·

202 2303 306 2388 venit,
323 2305 538 2398 omnibusque
553 2305 656 2398 portis
671 2302 835 2373 custodias
856 2305 959 2397 ponit.

248 2427 434 2494 Lxxxut
453 2429 561 2498 Caesar
580 2427 726 2510 interim,
745 2448 766 2493 a
781 2423 913 2517 Thapso
930 2447 1135 2517 progressus,
1153 2425 1219 2492 Us-

202 2558 306 2614 cetnm
318 2545 485 2640 pervenit,
499 2546 556 2614 ubi
568 2545 677 2637 Scipio
691 2565 848 2634 magnum
862 2541 1016 2610 frumenti
1029 2565 1220 2626 numerum,

201 2687 389 2749 armornm,
416 2664 574 2750 telorum,
595 2678 843 2754 ceterarumque
863 2678 990 2746 rerum,
1019 2684 1093 2728 cum
1119 2685 1245 2752 paruo¹

202 2782 352 2877 praesidio
370 2783 539 2851 habuerat.
562 2779 601 2849 Id
617 2778 795 2850 adveniens
811 2782 936 2874 potitur
955 2803 963 2846 :
983 2777 1101 2846 deinde
1114 2778 1222 2847 Adru-

202 2914 326 2968 metum
340 2901 498 2994 pervenit.
511 2900 589 2989 Quo
605 2923 708 2992 quum
723 2899 792 2966 sine
803 2922 894 2969 mora
911 2897 1089 2982 introisset,
1101 2896 1220 2982 armis,

203 3017 385 3102 frumento,
396 3019 601 3112 pecuniaque
617 3017 835 3103 considerata,
850 3017 895 3106 Q.
909 3015 1054 3109 Ligario,
1071 3017 1110 3086 G.
1129 3017 1219 3082 Con·

202 3134 286 3204 sidio
300 3135 386 3223 filio,
404 3137 547 3228 quitum
564 3136 607 3205 ibi
629 3135 774 3224 fuerant,
792 3136 893 3203 vitam
910 3133 1079 3202 concessit.
1095 3131 1221 3203 Deinde

202 3253 317 3326 οοάοιη
334 3254 389 3323 die
405 3253 584 3324 Adrumeto
595 3279 759 3348 agnusue,
774 3254 924 3323 Liuineio
943 3251 1070 3346 Regulo
1086 3255 1130 3323 ibi
1146 3277 1221 3322 cum

203 3370 331 3467 legione
349 3371 478 3461 relicto,
497 3375 627 3444 Uticam
649 3373 696 3440 ire
718 3370 895 3440 contendit.
915 3373 977 3441 Cui
997 3373 1030 3440 in
1050 3373 1164 3443 itinere
1185 3373 1223 3441 fit

180 3583 182 3586 Ι
202 3491 319 3562 obvius
331 3495 368 3560 L.
386 3495 515 3581 Ctesar,
530 3505 564 3560 et
578 3491 687 3559 subito
705 3515 739 3558 se
753 3489 795 3558 ad
812 3513 919 3583 genua
933 3491 1088 3584 projecit,
1107 3491 1223 3558 vitam·

202 3635 267 3704 qne
283 3612 362 3698 sibi,
379 3636 439 3681 nec
454 3609 594 3705 amplius
606 3609 801 3704 quidquam,
816 3609 1026 3701 deprecatur:
1043 3610 1097 3677 cui
1113 3611 1222 3678 cesar
1255 3587 1258 3595 ¹

203 3728 295 3798 facile
314 3745 346 3799 et
365 3755 426 3825 pro
450 3754 508 3799 sua
535 3745 673 3814 natura,
694 3742 727 3796 at
751 3751 811 3821 pro
837 3699 1003 3814 instituto,
1032 3727 1189 3794 concessit
1213 3749 1221 3793 ε

204 3846 289 3916 idem
300 3851 449 3937 Caecinae,
462 3853 500 3920 C.
517 3851 631 3935 Ateio,
647 3851 680 3916 P.
696 3847 806 3935 Atrio,
824 3850 862 3915 L.
875 3844 973 3916 Cellae
987 3846 1071 3939 patri
1092 3858 1125 3913 et
1138 3843 1222 3930 filio,
1307 3873 1309 3878 ¹

203 3967 252 4034 M.
272 3968 394 4059 Eppio,
413 3971 460 4038 M.
479 3969 637 4060 Aquinio,
653 3968 788 4038 Catonis
805 3965 889 4054 filio,
909 3964 1166 4058 Damasippique
1184 3961 1223 4030 li-
