3062 4766
462 397 512 452 DE
534 397 655 454 BELLO
675 398 837 456 GALLICO
857 397 926 452 LIB.
947 397 1006 452 VII.
1205 392 1260 452 185

213 519 301 588 tibus
318 533 351 587 et
368 520 520 588 oratione
537 521 750 613 magistratus
768 536 802 590 et
820 523 957 615 praemio
973 519 1137 603 deductis,
1155 544 1260 612 quum

213 665 247 709 se
258 639 310 708 vel
321 641 488 734 principes
499 642 571 734 ejus
587 641 718 710 consilii
734 642 804 711 fore
819 642 1072 736 profiterentur,
1087 641 1174 710 ratio
1185 666 1260 734 per·

214 759 345 829 liciendi
360 760 585 852 quaerebatur,
599 759 689 854 quod
699 763 867 832 civitatem
883 776 1005 830 temere
1018 759 1061 830 ad
1076 737 1260 853 suscipien-

213 878 293 946 dum
310 877 435 946 bellum
455 877 575 947 adduci
595 903 692 973 posse
713 905 780 948 non
802 880 1022 950 confidebant.
1043 877 1188 966 Placuit,
1209 879 1259 946 uti

213 998 381 1065 Litavicus
406 997 521 1066 decem
544 996 608 1066 illis
639 997 801 1086 millibus,
830 1025 904 1093 quae
929 1000 1050 1070 Caesari
1070 999 1112 1068 ad
1133 996 1259 1067 bellum

214 1117 440 1203 mitterentur,
453 1115 691 1210 preficeretur,
706 1135 806 1216 atque
820 1145 857 1188 ea
871 1117 1024 1189 ducenda
1034 1132 1182 1204 curaret,
1196 1118 1259 1186 Ira-

214 1249 346 1329 tresque
358 1239 429 1330 ejus
442 1237 485 1306 ad
500 1242 663 1308 Caesarem
678 1254 927 1332 praecurrerent.
944 1237 1106 1332 Reliqua,
1124 1263 1189 1331 qua
1205 1263 1257 1305 ra·

215 1355 303 1423 tione
320 1355 375 1449 agi
390 1354 538 1449 placeat,
555 1358 775 1426 constituunt.
1256 1425 1259 1432 r

258 1475 451 1546 XXXVIII.
475 1477 660 1564 Litavicus,
681 1492 817 1571 accepto
841 1480 1004 1564 exercitu,
1022 1503 1127 1571 quum
1152 1475 1258 1558 millia

213 1619 370 1690 passuum
399 1596 533 1666 circiter
553 1621 625 1666 xxx
651 1597 693 1665 ab
712 1599 879 1693 Gergovia
902 1598 1044 1685 abesset,
1066 1597 1257 1666 convocatis

212 1716 322 1784 subito
332 1712 512 1802 militibus,
524 1712 710 1809 lacrymans
719 1745 754 1802 ,a
770 1719 847 1805 Quo
859 1716 1120 1811 proficiscimur,
1132 1715 1257 1807 inquit,

212 1833 352 1902 milites?
366 1835 485 1903 Omnis
498 1849 612 1904 noster
627 1837 808 1928 equitatus,
821 1837 929 1905 omnis
942 1833 1096 1904 nobilitas
1110 1835 1255 1902 inte'riit:

214 1953 380 2048 principes
400 1954 560 2040 civitatis,
579 1955 785 2048 Eporedorix
801 1970 834 2024 et
849 1954 1094 2042 Viridomarus,
1115 1953 1256 2020 insimu-

215 2070 272 2141 lati
283 2072 501 2166 proditionis,
515 2074 557 2142 ab
570 2075 731 2142 Romanis
744 2075 869 2143 indicta
878 2099 976 2144 causa
986 2071 1153 2166 interfecti
1168 2086 1255 2142 sunt.

214 2195 292 2261 Haec
308 2192 349 2260 ab
367 2193 406 2262 iis
422 2195 629 2286 cognoscite,
646 2194 705 2286 qui
724 2218 764 2263 ex
780 2195 850 2287 ipsa
869 2194 957 2263 caede
976 2193 1137 2288 fugerunt
1153 2217 1161 2260 ε
1178 2216 1256 2260 nam

212 2336 289 2405 ego,
305 2311 573 2405 fratribusatque
587 2313 741 2381 omnibus
752 2315 945 2406 propinquis
962 2313 1043 2382 meis
1060 2312 1257 2397 interfectis,

213 2429 328 2500 dolore
344 2432 539 2527 prohibeor,
553 2457 626 2525 quae
642 2447 734 2527 gesta
750 2447 841 2520 suut,
856 2435 1083 2525 pronuntiare.
1098 2430 1257 2502 »Produ-

212 2565 337 2620 cuntur
359 2551 383 2618 ii
401 2576 485 2644 quos
504 2549 560 2618 ille
577 2550 753 2620 edocuerat
773 2575 847 2644 quae
866 2550 931 2619 dici
948 2549 1064 2638 vellet,
1085 2564 1184 2642 atque
1204 2574 1257 2618 ea·

214 2669 306 2754 dem,
325 2693 398 2762 quae
419 2671 588 2739 litavicus
608 2673 899 2763 pronuntiaverat,
922 2670 1132 2739 multitudini
1154 2693 1256 2762 expo-

213 2803 330 2858 nunt:
357 2817 374 2851 α
406 2790 533 2858 Omnes
565 2789 692 2880 equites
724 2789 907 2858 AEduorum
934 2789 1139 2874 interfectos,
1167 2787 1257 2880 quod

211 2905 367 2976 collocuti
388 2931 465 2977 cum
487 2908 645 2976 Arvernis
661 2907 867 2995 dicerentur3
886 2909 978 3002 ipsos¹
995 2932 1029 2976 se
1046 2909 1132 2976 inter
1147 2906 1258 2976 multi·

213 3027 363 3096 tudinem
377 3024 522 3095 militum
533 3025 732 3112 occultasse,
751 3041 851 3121 atque
862 3051 901 3096 ex
915 3027 1025 3096 media
1041 3027 1127 3096 caede
1141 3029 1255 3121 profu-

212 3128 307 3242 gisse.
328 3175 344 3210 a
364 3144 586 3216 Conclamant
603 3145 716 3234 AEdui,
733 3161 766 3214 et
784 3147 988 3236 Litavicum,
1004 3161 1040 3215 nt
1058 3148 1120 3216 sibi
1138 3173 1256 3218 consu·

213 3265 275 3350 lat,
291 3264 477 3335 obsecrant.
495 3267 631 3354 «Quasi
644 3290 739 3350 vero,
755 3267 864 3360 inquit
881 3264 956 3354 ille,
973 3265 1103 3341 consilii
1125 3270 1168 3337 sit
1186 3293 1255 3350 res,

211 3409 250 3455 ac
265 3411 332 3454 non
351 3410 484 3455 necesse
504 3388 548 3454 sit
566 3386 663 3454 nobis
677 3388 880 3480 Gergoviam
893 3387 1113 3472 contendere,
1129 3400 1161 3454 et
1178 3411 1256 3454 cum

212 3508 372 3575 Arvernis
390 3521 522 3575 nosmet
543 3501 758 3606 conjungere!
781 3509 833 3576 An
853 3505 1058 3594 dubitamus,
1083 3507 1181 3599 quin,
1202 3529 1257 3572 ne·

211 3624 294 3694 fario
315 3627 459 3696 facinore
472 3625 640 3716 admisso,
660 3627 803 3696 Romani
821 3627 890 3720 jam
909 3627 952 3696 ad
971 3651 1033 3696 nos
1053 3625 1254 3695 interficien-

211 3744 270 3814 dos
295 3745 516 3816 concurrant?
536 3745 697 3832 Proinde,
722 3747 749 3814 si
773 3746 854 3838 quid
880 3761 930 3814 est
953 3748 1001 3813 in·
1015 3745 1110 3814 nobis
1132 3746 1255 3832 animi,

211 3889 449 3960 persequamur
472 3889 589 3934 corum
616 3880 772 3956 mortem,
794 3867 852 3959 qui
873 3866 1100 3958 indignissime
1119 3866 1254 3934 interie-

211 3997 305 4069 runt,
325 3997 426 4078 atque
445 3984 506 4053 hos
527 3983 672 4054 latrones
691 3984 938 4054 interficiamus.
959 4015 976 4048 a
995 3985 1150 4055 Ostendit
1167 3986 1255 4054 cives
