3020 4768
268 372 324 431 236
425 371 456 426 C.
478 369 574 426 JULII
593 368 758 424 GAEsIuls
780 361 1149 425 COMMENTARIORUM

268 497 424 566 duxisset.
448 495 586 575 Fabius,
612 495 672 562 etsi
697 491 847 560 nondum
874 493 909 559 iu
933 501 1148 580 conspectum
1176 497 1315 550 venerat

268 616 433 702 hostibus,
457 639 566 709 neque
593 639 627 683 se
652 638 729 682 cum
751 612 892 682 Caninio
916 609 1151 701 conjunxerat,
1180 618 1315 688 tamen,

269 737 386 806 doctus
410 737 451 804 ab
478 738 517 804 iis
544 735 603 829 qui
624 733 774 803 Iocorum
800 744 962 800 noverant
988 743 1158 813 naturam,
1184 725 1317 818 potissi·

271 881 364 926 mum
387 854 530 925 credidit
552 855 664 923 hostes
691 853 882 947 perterritos
907 875 983 920 eum
1004 847 1114 917 locum
1135 869 1235 939 quem
1260 867 1316 937 pc-

272 977 363 1045 tebat
382 977 553 1069 petituros.
575 978 693 1068 Itaque
714 997 790 1042 cum
813 973 919 1066 copiis
944 968 987 1037 ad
1006 966 1161 1038 eumdem
1179 980 1317 1059 pontem

272 1094 459 1180 contendit,
480 1097 733 1189 equitatumque
753 1109 883 1163 tautmn
901 1089 1080 1185 procedere
1097 1101 1174 1156 ante
1199 1109 1319 1179 agmen

274 1218 416 1308 imperat
441 1215 630 1311 legionum,
655 1229 834 1308 qnantum,
862 1237 966 1306 quum
997 1210 1220 1304 processisset,
1247 1205 1318 1274 sine

275 1335 509 1432 defatigatione
520 1361 683 1430 equorum
700 1338 734 1404 in
751 1334 866 1404 eadem
880 1357 914 1402 se
927 1333 1089 1425 reciperet
1102 1343 1218 1398 castra.
1232 1329 1320 1396 Con·

276 1471 461 1549 sequuntur
477 1457 603 1550 equites
622 1458 743 1543 nostri,
765 1469 802 1524 nt
821 1469 891 1524 erat
908 1466 1122 1548 praeceptum,
1144 1448 1323 1518 invadunt·

277 1600 342 1668 que
367 1579 535 1656 Dumnaci
561 1601 695 1671 agmen,
722 1591 756 1645 et
781 1576 944 1670 fugientes
974 1573 1234 1667 perterritosque
1259 1570 1319 1638 sub

278 1695 415 1762 sarcinis
432 1696 467 1762 in
488 1697 604 1764 itinere
623 1696 790 1790 aggressi,
807 1719 924 1788 magna
940 1691 1068 1786 praeda,
1086 1689 1200 1760 multis
1218 1691 1320 1757 inter·

278 1813 387 1900 fectis,
420 1816 604 1908 potiuntur.
634 1818 685 1883 Ita
715 1840 750 1882 re
777 1815 861 1884 bene
891 1812 1010 1908 gesta,
1027 1839 1062 1904 se
1092 1812 1256 1904 recipiunt
1287 1809 1321 1876 in

278 1949 393 2024 castra.

328 2056 488 2125 XXVIII.
512 2059 703 2149 Insequenti
727 2073 825 2126 nocte
846 2056 966 2124 Fabius
988 2057 1114 2146 equites
1135 2052 1323 2146 praemittit,

281 2174 329 2242 sic
353 2190 485 2267 paratos
511 2191 549 2245 ut
570 2177 805 2271 confligerent,
829 2192 927 2268 atque
953 2199 1053 2242 omne
1077 2198 1196 2267 agmen
1219 2198 1325 2241 mora·

280 2308 413 2379 rentur,
430 2294 512 2364 dum
531 2312 790 2388 consequeretur
806 2290 885 2389 ipse.
905 2296 1008 2386 Cujus
1025 2295 1197 2386 praeceptis
1213 2307 1252 2361 ut
1271 2317 1324 2362 res

282 2427 466 2507 gereretur,
491 2415 534 2500 Q.
562 2417 658 2483 Atius
683 2418 808 2502 Varus,
829 2414 1001 2509 praefcctns
1021 2414 1185 2506 equitnm,
1213 2413 1324 2507 singu·

283 2530 360 2600 laris
376 2547 409 2600 et
424 2534 526 2601 animi
539 2549 573 2602 et
588 2535 773 2626 prudentiae
790 2537 852 2622 vir,
868 2559 943 2602 suos
957 2533 1123 2619 bortatur,
1138 2559 1324 2628 agmenque

283 2653 429 2722 hostium
445 2669 657 2738 consecutus,
678 2670 803 2724 turmas
823 2657 945 2748 partim
966 2653 1092 2722 idoneis
1110 2652 1191 2722 Iocis
1212 2653 1324 2746 dispo-

285 2775 349 2860 nit,
367 2775 487 2868 partim
505 2775 655 2868 equitum
672 2775 823 2868 proelium
846 2776 1034 2844 committit.
1052 2776 1230 2867 Equitatus
1249 2773 1323 2841 bos·

285 2894 370 2962 tium
401 2896 549 2990 confligit
573 2897 748 2983 audacius,
774 2895 1026 2965 succedentibus
1054 2895 1116 2962 sibi
1145 2893 1324 2988 peditibus,

284 3013 356 3103 qui,
374 3028 444 3084 toto
458 3018 590 3110 agmine
606 3017 837 3102 subsistentes,
853 3016 1019 3109 equitibus
1035 3016 1103 3084 suis
1119 3029 1235 3083 contra
1252 3038 1327 3082 nos·

286 3145 353 3200 tros
370 3132 481 3202 ferunt
496 3137 666 3206 auxilium.
686 3139 739 3205 Fit
756 3135 911 3229 proelium
927 3137 995 3205 acri
1011 3135 1190 3204 certamine
1208 3161 1215 3202 :
1235 3159 1326 3202 nam-

285 3275 349 3344 que
369 3256 489 3336 nostri,
508 3259 705 3349 contemptis
725 3257 832 3349 pridie
852 3259 1015 3350 superatis
1036 3256 1201 3341 hostibus,
1222 3280 1324 3348 quum

286 3373 442 3466 subsequi
466 3372 611 3468 legiones
636 3377 881 3462 meminissent,
907 3393 940 3446 et
964 3376 1091 3470 pudore
1118 3375 1272 3462 cedendi,
1295 3389 1327 3443 et

286 3493 464 3588 cupiditate
491 3517 552 3586 per
572 3520 606 3563 se
631 3496 827 3566 conficiendi
855 3496 980 3591 proelii,
1009 3497 1187 3565 fortissime
1210 3511 1326 3563 contra

287 3615 412 3709 pedites
428 3613 880 3710 proeliabantur3bostesque,
897 3615 980 3684 nihil
998 3615 1140 3710 amplius
1154 3619 1325 3709 copiarum

287 3761 497 3806 accessurum
526 3734 715 3820 credentes,
739 3751 777 3803 ut
804 3736 911 3828 pridie
931 3751 1171 3830 cognoverant,
1196 3735 1328 3804 delendi

287 3859 452 3950 equitatus
468 3859 573 3924 nostri
595 3857 684 3925 nacti
701 3858 908 3925 occasionem
926 3855 1135 3926 videbantur.

335 3979 458 4044 XXIX.
484 3980 600 4065 Quum
621 3976 812 4071 aliquandiu
840 4003 970 4047 summa
994 3979 1207 4046 contentione
1233 3977 1330 4045 dimi·
