3014 4780
474 389 525 443 nn
551 387 672 442 nunno
691 386 938 444 ursrnrrruusr.
1160 385 1215 458 sss

184 527 222 583 ut
238 513 461 606 superiorem,
480 510 716 598 incenderunt,
736 511 877 597 idcirco,
896 507 985 602 quod
1001 515 1136 578 ventum
1154 534 1216 603 op·

184 633 297 727 pidani
313 630 493 700 secundum
504 631 701 700 hahuerunt.
719 630 908 723 Insequenti
930 627 1003 697 luce
1021 627 1218 696 materfami-

184 754 244 822 lias
262 754 304 820 dc
328 776 424 820 muro
443 776 477 820 se
501 749 634 844 dejecit,
653 765 686 819 et
706 750 748 818 ad
768 774 828 818 nos
851 747 1021 834 transiliit,
1042 747 1217 841 dixitque,

186 898 220 941 se
238 897 312 942 cum
331 869 454 940 familia
473 871 689 939 constitutum
708 869 876 956 babuisse,
892 882 930 935 ut
947 891 1011 935 una
1033 865 1218 961 transfuge-

186 1008 261 1062 rent
278 992 319 1060 ad
348 995 532 1076 Caesarem3
555 987 644 1058 illam
665 1013 853 1084 oppressam
879 1001 912 1056 et
929 986 1124 1081 jugulatam.
1147 992 1218 1056 Hoc

187 1127 342 1205 preterea
359 1125 507 1203 tempore
526 1106 652 1178 tabellae
666 1107 707 1176 de
723 1131 819 1175 muro
835 1121 912 1176 sunt
928 1107 1075 1200 dejectae,
1097 1105 1131 1174 in
1149 1107 1219 1199 qui·

186 1233 247 1301 bus
265 1234 421 1325 scriptum
442 1245 491 1300 est
510 1231 679 1298 inventum
699 1252 706 1294 :
730 1255 746 1290 r
770 1231 809 1296 L.
843 1227 1001 1296 Minatius
1027 1225 1158 1296 Caesari.
1177 1225 1218 1316 ‚Si

187 1352 267 1421 mihi
285 1354 384 1421 vitam
403 1351 548 1433 tribues,
562 1349 717 1442 qnoniam
738 1346 779 1414 ab
798 1350 859 1416 Cn.
876 1347 1034 1439 Pompeio
1063 1369 1135 1414 sum
1164 1343 1220 1414 de·

187 1486 313 1559 sertus,
330 1469 461 1565 qualem
482 1493 535 1537 me
554 1465 602 1536 itti
623 1465 758 1560 praestiti
769 1517 780 1551 ,
800 1465 857 1534 tali
876 1466 999 1535 virtute
1019 1480 1054 1534 et
1070 1479 1220 1534 constan·

188 1592 232 1658 tia
248 1589 399 1658 futurum
417 1614 469 1657 me
488 1589 520 1656 in
539 1601 571 1655 te
589 1585 796 1679 praestabo.»
814 1583 939 1676 Eodem
960 1599 1108 1677 tempore
1122 1584 1219 1678 oppi-

188 1708 350 1778 danorum
368 1705 484 1802 legati,
501 1707 557 1800 qui
574 1719 669 1775 antea
685 1705 853 1791 exierant,
870 1706 1032 1773 Caesarem
1050 1703 1221 1788 adierunt,

188 1856 205 1892 α
221 1830 248 1896 si
268 1827 328 1896 sibi
347 1828 450 1894 vitem
467 1824 683 1910 concederet,
704 1847 773 1892 sese
791 1823 973 1916 insequenti
993 1821 1046 1890 die
1062 1821 1220 1915 oppidum

188 1971 256 2014 esse
272 1944 449 2014 dedituros.
470 1975 486 2010 s
505 1945 637 2032 Quibus
655 1943 845 2038 respondit,
864 1971 880 2008 α
901 1967 936 2011 se
956 1945 1114 2011 Caesarem
1134 1965 1221 2026 esse,

188 2065 352 2159 fidemque
372 2079 612 2158 prestaturum.
632 2095 649 2131 r
668 2066 739 2151 Ita,
757 2079 834 2132 ante
852 2061 937 2130 diem
953 2085 988 2131 ιι
999 2060 1125 2132 calend.
1139 2085 1223 2132 mar·

190 2185 226 2252 tii
243 2183 367 2277 oppido
383 2185 529 2278 potitus,
547 2184 726 2277 imperator
745 2197 796 2254 est
812 2178 1005 2276 appellatus.
1305 2272 1308 2277 Ι

237 2306 312 2374 XX.
333 2302 434 2394 Quod
452 2305 627 2398 Pompeius
656 2328 695 2372 ex
724 2301 868 2397 perfugis
889 2327 993 2396 quum
1024 2299 1223 2372 deditionem

187 2424 302 2519 oppidi
320 2423 440 2494 facum
456 2447 527 2494 esse
541 2425 675 2510 scisset,
689 2437 793 2491 castra
812 2423 916 2490 movit
930 2422 1070 2492 Ucubim
1087 2445 1219 2509 versus,

187 2559 220 2612 et
238 2545 364 2613 circum
378 2568 415 2613 en
434 2542 506 2612 loca
525 2539 656 2612 castella
667 2539 850 2633 disposuit,
875 2553 908 2608 et
930 2540 1169 2610 munitionibus
1189 2563 1224 2608 se

187 2664 357 2732 continere
376 2663 485 2755 coepit.
504 2663 613 2729 Caesar
630 2658 754 2741 movit,
771 2671 803 2724 et
823 2657 959 2750 propius
981 2671 1088 2726 castra
1107 2657 1223 2726 castris

188 2777 337 2848 contulit.
355 2777 478 2848 Eodem
495 2792 643 2870 tempore
661 2799 757 2844 mane
776 2773 930 2844 loricatus
941 2799 1026 2844 unus
1039 2800 1079 2845 ex
1093 2775 1223 2870 legione

187 2896 366 2967 vernacula
393 2897 436 2966 ad
464 2921 524 2966 nos
545 2895 740 2988 transfugit,
760 2910 793 2964 et
822 2896 1003 2983 nuntiavit,
1029 2897 1221 2990 Pompeium

189 3017 375 3111 oppidanos
405 3005 588 3086 ucrrbenses
617 3039 832 3100 convocasse,
863 3016 975 3108 eisque
1006 3017 1053 3084 ita
1082 3016 1222 3110 impera·

189 3138 290 3221 visse,
308 3153 363 3224 ut,
381 3134 550 3231 diligentia
573 3135 739 3224 adhibita,
764 3135 1011 3228 perquirerent,
1033 3133 1091 3229 qui
1115 3152 1224 3207 essent

189 3281 322 3326 suarum
338 3257 501 3349 partium,
517 3256 662 3348 itemque
677 3253 941 3324 adversariorum
958 3255 1103 3326 victoriae
1120 3255 1223 3326 fauto-

188 3401 251 3446 res.
268 3380 340 3446 Hoc
363 3376 528 3470 praeterito
551 3388 718 3468 tempore,
746 3375 778 3442 in
800 3370 943 3468 oppido,
966 3373 1056 3467 quod
1080 3375 1142 3444 fuit
1166 3399 1220 3444 ca·

188 3510 300 3589 ptum,
318 3519 428 3563 servus
447 3507 496 3564 est
525 3493 707 3588 prehensus
737 3493 771 3562 in
794 3491 969 3577 cuniculo,
992 3517 1089 3587 quem
1123 3519 1222 3588 supra

189 3616 483 3687 demonstravimus
500 3615 670 3686 dominum
680 3613 850 3708 jugulasse
871 3639 881 3682 ε
906 3615 933 3682 is
951 3614 1044 3684 vivus
1064 3629 1114 3684 est
1131 3639 1222 3684 com·

187 3736 314 3804 bustus.
333 3734 490 3828 Idemque
516 3735 673 3830 temporis
697 3733 906 3803 centuriones
935 3732 1064 3803 loricati
1087 3747 1163 3804 octo
1179 3733 1222 3804 ad

128 3880 133 3888 ·
188 3857 351 3925 Caesarem
370 3855 616 3950 transfugerunt
629 3880 669 3925 ex
685 3853 812 3950 legione
829 3850 1019 3936 vernacula,
1034 3865 1067 3922 et
1096 3855 1222 3947 equites

191 3977 294 4044 nostri
313 4001 389 4044 cum
416 3974 677 4046 adversariorum
696 3976 861 4069 equitibus
886 3975 1051 4069 congressi
1074 3990 1172 4064 sunt,
1188 3989 1221 4044 et
