3026 4768
248 379 285 431 qa
403 362 433 416 C.
455 362 554 418 IULII
575 362 737 420 ernstius
759 361 1130 420 consummatorum

248 486 345 556 taniae
360 484 497 554 salutem
514 488 653 581 positam
672 501 844 581 putarent3
858 487 964 556 nostri
979 500 1106 572 autem,
1119 483 1200 578 quid
1214 484 1280 551 sino

249 611 446 702 imperatore
456 607 567 674 etsine
577 605 713 700 reliquis
726 605 926 701 legionibus,
935 603 1181 674 adolescentulo
1189 604 1283 686 duce,

250 723 377 794 efficere
395 726 697 819 possent,perspici
717 740 903 819 cuperent:
924 739 1035 794 tamen
1055 724 1195 794 confecti
1213 723 1284 792 vul·

225 843 381 914 'neribus
405 845 516 916 hostes
540 860 634 940 terga
657 861 796 914 vertere.
821 847 976 935 Quorum
1001 867 1123 938 magno
1148 824 1296 912 numero·

247 961 438 1052 interfecto,
464 966 602 1038 Crassus
621 989 662 1034 ex
681 967 800 1034 itinere
819 964 981 1059 oppidum
997 965 1162 1032 Sotiatum
1180 986 1285 1056 oppu-

248 1106 349 1176 gnare
366 1083 475 1178 ooepit.
489 1084 621 1171 Quibus
637 1084 766 1154 fortiter
779 1083 1022 1170 resistentibus,
1035 1083 1149 1151 vineas
1166 1097 1286 1152 turres·

248 1228 312 1295 que
330 1201 408 1296 egit.
427 1200 498 1286 Illi,
517 1201 597 1272 alias
613 1205 788 1298 eruptione
809 1217 949 1288 tentata,
968 1201 1050 1270 alias
1066 1199 1229 1270 cuniculis
1243 1202 1285 1269 ad

247 1344 401 1416 aggerem
414 1321 593 1416 vineasque
606 1325 688 1392 actis
702 1322 813 1417 (cujus
830 1324 879 1391 rei
895 1335 972 1390 sunt
984 1319 1083 1416 longe
1097 1322 1285 1415 peritissimi

247 1440 429 1534 Aquitani,
445 1457 621 1536 propterea
639 1442 729 1536 quod
749 1439 862 1510 multis
882 1439 963 1509 locis
984 1440 1074 1534 apud
1090 1465 1146 1509 cos
1165 1440 1286 1507 aerariae

249 1575 385 1636 secturae
406 1559 522 1654 sunt),
543 1563 601 1630 ubi
623 1560 795 1657 diligentia
813 1575 1005 1631 nostrorum
1022 1558 1105 1628 nihil
1123 1559 1175 1644 his
1188 1559 1286 1628 rebus

249 1680 365 1774 profici
381 1705 477 1776 posse
493 1679 741 1769 intellexerunt,
758 1680 882 1775 legatos
899 1681 942 1749 ad
959 1683 1115 1750 Crassum
1134 1679 1286 1762 mittunt,

249 1824 348 1893 seque
358 1803 393 1868 in
403 1800 604 1871 deditionem
616 1802 955 1896 utrecipiat,petunt.
966 1804 1044 1891 Qua
1055 1801 1286 1894 reimpetrata,

251 1944 343 1990 arma
352 1919 482 1989 tradere
492 1922 591 2013 jussi,
607 1920 742 1993 faciunt.

298 2039 406 2108 XXII.
437 2041 548 2132 Atque
574 2041 609 2108 in
637 2065 675 2109 ea
698 2065 734 2109 re
761 2042 911 2119 omnium
936 2055 1126 2108 nostrorum
1153 2042 1288 2108 intentis

250 2157 384 2244 animis„
410 2155 474 2226 alia
499 2183 539 2228 ex
563 2175 658 2253 parte
676 2161 791 2256 oppidi
814 2159 1096 2246 Adcantuannus,
1117 2160 1175 2252 qui
1199 2184 1288 2228 sum-

253 2303 343 2354 mam
364 2279 495 2372 imperii
514 2281 663 2365 tenebat,
679 2306 755 2350 cum
772 2305 817 2353 no
837 2281 979 2366 devotis,
1000 2305 1083 2374 quos
1104 2279 1152 2354 itti
1170 2276 1288 2348 Soldu·

250 2399 318 2474 rios
341 2396 510 2492 appellent
528 2399 692 2494 (quorum
717 2402 786 2471 baec
811 2415 859 2470 est
878 2400 1045 2485 conditio,
1066 2403 1116 2468 uti
1135 2400 1288 2468 omnibus

255 2522 290 2592 iu
299 2519 369 2586 vita
383 2519 565 2600 commodis
579 2545 735 2593 unacum
750 2520 801 2590 his
815 2520 987 2608 buautur,
1005 2543 1149 2613 quorum
1163 2543 1197 2586 se
1212 2519 1290 2586 ami·

254 2638 336 2708 citiae
354 2636 556 2725 dediderint;
579 2640 607 2707 si
629 2639 710 2732 quid
731 2641 770 2708 iis
792 2663 851 2732 per
869 2640 937 2708 vim
958 2637 1099 2726 accidat,
1116 2653 1175 2706 aut
1197 2663 1289 2707 eum·

252 2756 327 2826 dem
356 2781 468 2828 casum
494 2782 561 2827 una
585 2757 707 2845 ferant,
732 2772 789 2826 aut
810 2759 872 2828 sibi
900 2775 1041 2828 mortem
1060 2758 1288 2828 consciscant:

255 2899 359 2968 neque
375 2876 488 2946 adbuc
502 2877 678 2972 hominum
688 2879 854 2948 ,memoria
868 2893 1022 2972 repertus
1035 2893 1084 2947 est
1101 2879 1288 2972 quisquam,

254 2997 375 3085 qui‚eo
386 2995 561 3068 interfecto
569 2999 664 3092 cujus
674 3021 708 3066 se
719 2998 870 3070 amicitiae
881 2997 1081 3085 devovisset,
1093 3013 1291 3067 mortemre·

256 3115 416 3210 cnseret),
442 3141 521 3190 cum
540 3119 578 3187 iis
598 3117 860 3188 Adcantuannus
881 3119 1088 3210 eruptionem
1112 3117 1219 3186 facere
1235 3142 1291 3187 co·

254 3247 366 3320 natus,
379 3232 522 3304 clamore
538 3237 579 3305 ab
595 3261 634 3306 ea
649 3252 743 3332 parte
757 3236 951 3305 munitionis
967 3233 1112 3323 sublato,
1128 3261 1232 3329 quum
1249 3238 1291 3304 ad

253 3377 346 3423 armo
366 3353 485 3424 milites
508 3358 768 3441 concurrissent,
790 3357 1067 3448 vehementerque
1090 3355 1136 3424 ibi
1161 3379 1289 3450 pugna-

255 3487 326 3543 tum
342 3489 441 3563 esset,
458 3473 610 3569 repulsus
626 3476 661 3545 in
675 3476 854 3570 oppidum,
873 3491 983 3544 tamen
1003 3475 1053 3543 uti
1072 3475 1185 3544 eadem
1201 3474 1291 3543 dedi·

254 3593 354 3671 tionis
369 3595 559 3665 conditione
575 3610 745 3683 uteretur,
762 3621 782 3664 a
795 3599 914 3665 Crasso
930 3596 1129 3688 impetrauit.

301 3717 427 3783 XXIII.
450 3717 559 3785 Armis
575 3715 809 3809 obsidibusque
827 3717 985 3808 acceptis,
1003 3717 1141 3782 Crassus
1158 3715 1192 3781 in
1210 3715 1291 3782 finos

255 3835 430 3903 Vocatium
450 3849 484 3903 et
506 3837 715 3906 Tarusatium
741 3834 910 3928 profectus
931 3849 992 3904 est.
1014 3837 1100 3903 Tum
1114 3859 1193 3902 vcro
1215 3834 1291 3903 bar·

255 3954 326 4021 bari
349 3957 521 4042 commoti,
545 3956 636 4049 quod
652 3955 831 4049 oppidum,
853 3972 886 4026 ct
908 3972 1026 4027 natura
1048 3952 1113 4025 Ioci
1132 3972 1165 4025 et
1191 3980 1291 4025 mauu
