3048 4770
478 375 529 428 DE
550 373 670 430 nuum
694 374 854 430 GALLICO
875 373 942 428 ΠΒ.
960 373 997 428 11.
1218 373 1253 428 55

218 501 311 570 beret
331 523 428 570 aluos
450 523 519 566 esse
541 499 681 568 transire
702 497 899 568 latissimum
923 498 1063 584 flumen,
1083 498 1256 568 ascendere

106 663 110 674 ·
219 619 392 690 altissimas
409 619 513 712 ripas,
529 618 638 686 subire
658 617 903 710 iniquissimum
919 614 1045 702 locum,
1061 641 1135 709 quae
1152 617 1258 688 facilia

223 765 260 812 ex
276 737 479 808 difficillimis
493 739 595 808 animi
610 737 806 832 magnitudo
824 737 1006 832 redegerat.

270 860 426 928 XXVIII.
451 861 524 926 Hoc
544 855 661 951 proelio
685 858 788 943 lacto,
808 873 843 927 et
865 881 968 952 prope
993 856 1037 926 ad
1063 858 1260 926 internecio-

223 1002 300 1047 nem
315 992 413 1072 gente
425 999 463 1044 ac
475 977 611 1046 nomine
624 979 826 1048 Nerviorum
842 977 992 1064 redacto,
1009 978 1150 1071 majores
1163 993 1257 1062 natu,

221 1121 304 1190 quos
324 1119 390 1164 una
411 1119 489 1164 cum
507 1096 621 1189 pueris
640 1094 900 1191 mulieribusque
919 1099 955 1166 in
975 1099 1125 1166 aestuaria
1146 1121 1185 1166 ac
1203 1121 1260 1190 pa·

220 1214 312 1286 ludes
332 1213 489 1288 collectos
514 1213 718 1303 dixeramus,
741 1216 804 1286 bac
826 1240 939 1312 pugna
963 1219 1131 1305 nuntiata,
1155 1241 1259 1310 quum

220 1336 403 1407 victoribus
423 1336 507 1406 nihil
531 1335 749 1432 impeditum,
767 1338 862 1407 vietis
882 1335 965 1408 nibil
986 1350 1097 1406 tutum
1120 1339 1261 1407 arbitra-

221 1470 350 1543 rentur,
379 1459 530 1528 omnium
553 1459 612 1552 qui
640 1474 835 1554 superet-ent
863 1481 1040 1547 consensu,
1064 1458 1190 1554 legatos
1219 1461 1262 1528 ad

221 1577 385 1646 Caesarem
408 1579 587 1666 miserunt,
613 1601 714 1674 seque
731 1581 762 1649 ei
788 1578 999 1664 dediderunt3
1018 1579 1100 1647 etin
1118 1601 1262 1648 comme-

222 1695 382 1765 moranda
400 1699 543 1766 civitatis
558 1697 760 1786 calamitate,
778 1723 821 1769 ex
840 1699 944 1769 acad
962 1722 1001 1768 ιιι
1022 1713 1204 1782 senatores,
1222 1721 1261 1766 ex

222 1815 396 1884 bominum
416 1815 562 1886 millibus
577 1841 621 1886 nx
637 1821 694 1886 vix
712 1818 754 1904 ad
773 1842 811 1904 n,
827 1821 884 1911 qui
903 1843 994 1886 arma
1013 1818 1099 1886 ferre
1114 1831 1262 1911 possent,

223 1959 292 2004 sese
309 1934 462 2003 redactos
485 1959 554 2004 esse
574 1935 738 2004 dixerunt.
755 1939 849 2026 Quos
866 1941 990 2022 Cesar,
1014 1952 1052 2011 ut
1072 1939 1106 2005 in
1126 1938 1263 2006 miseros

224 2079 262 2124 ac
279 2054 446 2149 supplices
465 2079 544 2124 usus
564 2055 788 2123 misericordia
807 2057 992 2140 videretur,
1012 2055 1264 2153 diligentissime

224 2176 444 2262 conservavit,
466 2175 600 2267 suisque
623 2173 743 2242 linibus
763 2190 863 2266 atque
879 2175 1010 2268 oppidis
1027 2177 1077 2245 uti
1094 2177 1209 2270 jussit,
1230 2192 1263 2246 ct

225 2293 372 2363 finitimis
397 2294 588 2388 imperavit,
615 2307 654 2361 ut
672 2292 714 2360 ab
735 2293 854 2386 injuria
874 2311 908 2363 et
931 2295 1091 2366 maleficio
1117 2319 1153 2366 se
1172 2321 1264 2366 suos·

222 2411 289 2507 ¹que
307 2414 531 2506 prohiberent.

232 2571 236 2582 ·
272 2536 398 2604 XXIX.
420 2533 596 2618 Atuatuci,
615 2530 657 2599 de
676 2532 796 2624 quihus
814 2556 914 2626 supra
934 2536 1140 2628 scripsimus,
1159 2558 1263 2626 quum

226 2653 380 2722 omnibus
393 2651 498 2744 copiis
508 2649 631 2720 auxilio
645 2652 777 2721 Nerviis
789 2654 962 2739 venirent,
977 2654 1040 2722 hac
1054 2677 1166 2747 pugna
1180 2678 1265 2720 nun-

227 2771 321 2853 tIata,
352 2795 391 2839 ex
421 2770 539 2838 itinere
565 2770 702 2838 domum
732 2785 955 2857 reverterunt3
982 2774 1110 2840 cunctis
1132 2772 1264 2866 oppidis

226 2889 432 2986 castellisque
445 2891 597 2975 desertis,
614 2913 672 2958 sna
686 2892 795 2959 omnia
812 2891 847 2958 in
862 2913 964 2958 unum
979 2889 1156 2984 oppidum,
1173 2915 1264 2987 egre·

227 3011 280 3106 gie
300 3025 418 3078 natura
442 3009 627 3093 munitum,
646 3008 869 3084 contulerunt.
889 3009 991 3101 Quod
1009 3035 1112 3104 quum
1131 3035 1170 3080 err
1190 3037 1263 3080 om-

228 3131 324 3201 nibus
345 3131 539 3200 incircuitu
559 3129 706 3223 partibus
724 3127 898 3200 altissimas
915 3155 1012 3225 rupes
1029 3132 1267 3226 despectusque

227 3250 376 3338 baberet,
392 3274 459 3320 una
479 3275 520 3318 ex
540 3263 635 3344 parte
654 3250 773 3319 leniter
792 3249 924 3320 acclivis
947 3251 1075 3339 aditus,
1095 3255 1130 3321 in
1152 3250 1265 3321 latitu-

228 3371 342 3440 dinem
365 3394 433 3440 non
462 3367 605 3463 amplius
629 3391 671 3440 cc
697 3369 837 3464 pedum,
862 3368 1109 3464 relinquebatur
1136 3395 1264 3464 :quern

228 3489 337 3559 locum
360 3488 484 3583 duplici
509 3486 669 3558 altissimo
694 3513 791 3558 muro
817 3493 1004 3559 munierant
1029 3516 1037 3557 :
1062 3505 1133 3558 turn
1153 3491 1265 3585 magni

228 3610 386 3703 ponderis
406 3633 483 3678 saxa
501 3623 536 3677 et
550 3623 730 3704 praeacutas
749 3609 860 3680 trabes
879 3613 913 3679 in
935 3633 1033 3679 ιιιιιιο
1053 3608 1264 3680 collocarant.

228 3731 296 3824 Ipsi
317 3744 413 3800 erant
429 3753 469 3798 ex
490 3729 634 3799 Cimbris
650 3729 872 3823 Teutonisque
889 3731 1057 3825 prognati3
1073 3731 1146 3822 qui,
1162 3753 1266 3823 quum

228 3854 294 3921 iter
310 3853 345 3921 in
367 3853 579 3922 Provinciam
605 3865 752 3918 nostram
777 3865 876 3943 atque
894 3850 1024 3919 ltaliam
1045 3847 1206 3936 lacerent,
1228 3851 1267 3920 iis

233 3972 492 4066 impedimentis,
534 3993 585 4042 um
610 3994 720 4040 secum
741 3995 837 4064 agere
859 3995 898 4040 ac
923 3983 1055 4066 portare
1081 3995 1149 4040 non
1174 3985 1267 4065 pote-
