3020 4768
284 390 320 428 ao
439 372 584 428 c.JUL11
605 371 767 426 CAESARIS
787 366 1147 424 COMMENTARIORUM

282 493 425 589 vineta),
447 493 586 583 au'xilia,
602 494 784 586 equitatum
802 493 925 586 parari,
947 489 1088 560 Galliam
1112 485 1307 579 Italiamque

283 615 419 700 tentari,
435 639 470 683 se
488 614 635 698 absente,
653 611 796 680 nolebat.

329 735 437 802 XXX.
470 735 585 824 Itaque
608 733 640 799 in
662 733 833 824 prasentia
855 731 1000 823 Pompeii
1035 724 1226 819 insequendi
1251 749 1303 792 ra·

282 853 403 919 tionem
417 851 554 938 omittit,
565 851 598 918 in
610 851 799 943 Hispaniam
813 848 975 942 proficisci
992 845 1179 929 constituit;
1189 843 1305 912 duum·
1372 865 1375 874 ·

282 969 361 1037 viris
378 968 634 1062 municipiorum
657 969 805 1036 onmium
823 969 979 1062 imperat,
997 980 1036 1034 ut
1055 989 1152 1032 naves
1169 963 1305 1055 conqui-

282 1100 376 1174 rant,
393 1084 667 1178 Brundisiumque
686 1085 893 1154 deducendas
910 1098 1037 1154 curent.
1056 1083 1161 1152 Mittit
1178 1082 1212 1149 in
1229 1083 1306 1150 Sar·

238 1273 243 1281 ,
283 1203 406 1293 diniarn
425 1228 499 1272 cum
518 1203 644 1297 legione
661 1228 727 1272 uua
743 1203 912 1272 Valerium
930 1201 1091 1297 legatum3
1111 1203 1144 1268 in
1161 1198 1305 1269 Siciliam

283 1322 461 1391 Curionem
475 1337 708 1417 propraetorem
725 1347 801 1392 cum
819 1321 1004 1416 legionibus
1022 1334 1164 1413 quatuor
1184 1345 1192 1387 :
1212 1343 1305 1387 eum·

283 1439 373 1528 dem,
392 1465 493 1532 quum
508 1439 650 1510 Siciliam
663 1443 850 1536 recepisset,
866 1441 1018 1534 protinus
1035 1442 1069 1508 in
1081 1439 1225 1508 Africam
1243 1453 1306 1506 tra·

282 1533 401 1628 ducere
417 1561 594 1629 exercitum
607 1562 711 1654 jubet.
729 1560 914 1629 Sardiniam
931 1560 1099 1629 obtinebat
1125 1561 1171 1627 Μ.
1191 1560 1304 1642 Cotta,

281 1678 425 1748 Siciliam
442 1683 490 1750 M.
507 1684 608 1769 Cato,
625 1681 768 1756 Africam
788 1695 874 1749 sorte
893 1680 1024 1749 Tubero
1042 1679 1190 1747 obtinere
1206 1675 1304 1744 debe·

237 1784 243 1794 *
282 1801 352 1868 bat.
374 1799 577 1889 Caralitani,
596 1799 692 1870 simul
713 1798 755 1868 ad
773 1823 807 1868 se
824 1799 993 1870 Valerium
1009 1798 1095 1866 mitti
1115 1795 1305 1880 audierunt,

282 1917 429 1988 nondum
448 1903 596 2012 profecto
623 1943 662 1987 ex
679 1918 791 2005 Italia,
817 1942 876 1986 sua
893 1932 1009 2012 sponte
1024 1941 1064 1986 ex
1086 1915 1208 2009 oppido
1226 1916 1304 1984 Cot-

281 2049 348 2103 tam
366 2037 511 2128 ejiciunt.
533 2034 591 2106 llle
608 2037 820 2130 perterritus,
839 2035 929 2128 quod
948 2059 1077 2105 omnem
1098 2035 1301 2129 provinciam

280 2155 465 2223 consentire
482 2153 693 2248 intelligeret,
707 2179 745 2223 ex
764 2153 914 2223 Sardinia
931 2155 964 2221 in
983 2155 1126 2223 Africam
1145 2152 1301 2246 profugit.

281 2275 362 2342 Cato
376 2273 411 2339 in
425 2271 535 2340 Sicilia
551 2297 649 2341 naves
666 2272 780 2366 longas
795 2287 920 2341 veteres
937 2271 1121 2356 reficiebat,
1138 2295 1239 2339 novas
1258 2273 1302 2338 ci·

282 2390 436 2459 vitatibus
448 2391 638 2484 lmperabat.
654 2395 731 2460 Haec
746 2415 866 2485 magno
877 2390 986 2460 studio
999 2391 1126 2484 agebat.
1144 2392 1184 2457 In
1201 2393 1303 2459 Luca·

280 2509 330 2576 nis
346 2510 548 2602 Bruttiisque
563 2535 622 2602 per
641 2509 765 2604 legatos
782 2533 857 2578 suos
872 2511 993 2578 civium
1012 2533 1224 2578 romanorum
1243 2507 1301 2575 de-

281 2624 384 2696 lectus
402 2628 560 2716 habebat,
582 2631 730 2722 equitum
752 2629 966 2723 peditumque
987 2643 1111 2698 certum
1129 2651 1301 2696 numerum

280 2747 497 2817 acivitatibus
522 2747 640 2817 Sicilie
666 2748 827 2842 exigebat.
845 2750 977 2836 Quibus
996 2748 1094 2816 rebus
1116 2771 1208 2840 paene
1226 2771 1300 2839 per·

280 2863 387 2954 fectis,
403 2865 546 2935 adventu
567 2867 723 2936 Curionis
738 2869 885 2960 cognito,
907 2868 1057 2960 queritur
1073 2867 1106 2934 in
1124 2866 1301 2946 concione,

280 3012 296 3044 a
308 3007 375 3052 sese
393 2985 576 3077 projectum
593 3009 631 3053 ac
646 2984 813 3078 proditum
830 3009 850 3053 a
866 2988 926 3053 Cn.
946 2987 1120 3078 Pompeio,
1141 2983 1216 3077 qui,
1231 3006 1301 3049 om·

282 3101 377 3168 nibus
404 3103 502 3171 rebus
528 3103 819 3196 imparatissimus,
850 3126 917 3170 non
942 3105 1161 3172 necessarium
1181 3099 1302 3172 bellum

280 3219 484 3311 suscepisset,
501 3234 549 3308 et,
562 3221 603 3288 ab
622 3245 657 3292 se
672 3219 871 3314 reliquisque
885 3222 919 3288 in
935 3235 1052 3289 senatu
1066 3221 1303 3314 interrogatus,

280 3335 390 3403 omnia
404 3335 465 3404 sibi
478 3361 546 3406 esse
557 3337 599 3405 ad
608 3337 730 3408 bellum
741 3354 817 3433 apta
830 3363 869 3407 ac
877 3353 993 3433 parata
1006 3337 1275 3406 confirmavisset
1284 3367 1302 3403 a

281 3459 358 3522 Haec
372 3454 405 3522 in
422 3457 580 3524 concione
595 3471 744 3550 questus,
761 3481 801 3526 ex
818 3456 986 3550 provincia
1001 3454 1095 3548 fugit

328 3574 693 3644 XXX1.Nactivacuas
712 3575 755 3644 ab
773 3574 916 3666 imperiis
935 3573 1118 3644 Sardiniam
1132 3573 1303 3662 Valerius,

281 3694 383 3762 Curio
401 3690 565 3780 Siciliam,
579 3717 654 3762 cum
669 3691 865 3770 exercitibus
876 3713 916 3759 eo
929 3693 1137 3785 perveniunt.
1151 3693 1301 3782 Tubero,

283 3833 385 3902 quum
410 3815 444 3877 in
464 3811 608 3880 Africam
635 3809 791 3895 venisset,
819 3809 944 3878 invenit
969 3811 1003 3878 in
1029 3811 1199 3903 provincia
1224 3837 1301 3882 curu

282 3927 419 4018 imperio
448 3929 571 3997 Attium
595 3931 738 4014 Verum,
764 3926 822 4019 qui
849 3926 891 3996 ad
917 3929 1110 4016 Auximum,
1140 3945 1177 3998 ut
1203 3956 1303 4027 supra
