3096 4762
218 745 260 800 n
227 653 373 808 {2³³
409 669 782 775 PRAEFATIO
816 665 1222 770 GENERALIS.

745 1039 876 1057 *-

295 1263 433 1422 Quum
449 1315 554 1386 multa
573 1317 663 1386 hisce
681 1316 841 1412 proximis
859 1316 956 1382 annis
977 1314 1012 1382 in
1030 1313 1138 1382 lucem
1155 1312 1343 1408 prodierint

294 1450 405 1521 latinis
431 1453 542 1522 dicata
566 1452 785 1546 scriptoribus
810 1451 1032 1536 monimenta,
1060 1473 1342 1542 supervacaneum
1401 1416 1408 1426 ¹

295 1585 406 1655 forsan
424 1587 625 1680 quibusdam
642 1585 747 1655 videri
766 1587 889 1679 possit,
910 1584 1002 1678 quod
1026 1608 1152 1655 novun
1170 1607 1267 1654 nanc
1286 1588 1344 1654 Br-

295 1743 520 1792 antonnacum
550 1720 638 1812 typis
660 1717 885 1788 mandandam
914 1719 1157 1804 curaverimus3
1186 1731 1218 1784 te
1241 1719 1344 1810 igitur

295 1879 402 1948 pauca
427 1855 594 1922 monitum
625 1851 898 1939 velim,1.scroa
929 1873 1194 1938 nouausssnts,
1223 1851 1346 1944 quibus

297 1991 376 2058 novi
394 1987 536 2080 hujusce
554 1989 665 2082 operis
687 1987 867 2081 originem,
893 1990 1056 2058 rationem
1077 2003 1109 2058 et
1132 1989 1344 2082 propositum

297 2147 495 2217 pernoscas,
517 2139 571 2210 et,
589 2139 628 2192 ut
644 2147 835 2217 speramus,
853 2124 1027 2217 approbes.

347 2262 425 2328 Haec
441 2271 492 2328 est
502 2272 676 2350 congesta,
692 2260 727 2326 in
745 2271 894 2328 veterum
911 2258 1050 2353 scripta,
1062 2273 1236 2344 notarum,
1250 2283 1344 2328 com-

299 2381 557 2481 mentariorum,
581 2392 871 2463 elucubrationum
896 2394 1063 2482 materies,
1088 2409 1126 2462 ut
1146 2395 1216 2487 jam
1239 2393 1346 2464 multo

301 2527 413 2596 minus
425 2508 698 2624 explanationum
707 2527 803 2621 copia
813 2552 913 2619 quam
924 2529 1073 2621 paucitas
1087 2529 1131 2596 sit
1146 2528 1345 2622 expetenda3

302 2663 427 2755 quippe
444 2686 504 2730 sua
521 2661 609 2732 mole
625 2659 808 2730 multorum
827 2662 1046 2756 interpretum
1066 2661 1161 2732 labor
1178 2633 1292 2730 irritus
1313 2677 1346 2731 et

302 2819 397 2889 paene
418 2793 559 2862 obrutus
575 2809 696 2887 pereat.
715 2799 832 2888 Itaque
847 2795 939 2864 haud
957 2795 1178 2889 injucundum
1196 2811 1345 2868 veterum

302 2929 406 3001 libros
416 2929 606 2998 amantibus
615 2928 686 3000 fore
694 2932 952 3000 existimavimus
964 2933 1010 3018 ,si
1028 2945 1076 3000 tot
1095 2932 1181 3002 inter
1198 2931 1348 3026 undique

302 3078 512 3134 coacervatas
529 3078 562 3133 et
579 3078 702 3136 temere
716 3064 928 3160 depromptas
945 3091 1041 3160 opes,
1060 3064 1241 3154 delectum,
1259 3066 1348 3136 ordi·

304 3225 381 3270 nem
402 3215 435 3270 et
447 3200 612 3294 judicium
630 3199 897 3288 adhibuerimus3
919 3203 1082 3296 siparum
1109 3200 1206 3270 claris
1225 3201 1350 3290 lucem,

304 3337 416 3406 nimiis
440 3351 474 3406 et
495 3335 742 3408 luxuriantibus
761 3339 916 3426 modum,
942 3337 1027 3408 male
1049 3337 1295 3408 cohaerentibus
1317 3353 1350 3408 et

305 3472 570 3565 repugnantibus
590 3475 678 3540 inter
695 3497 729 3542 se
746 3473 1024 3568 compositionem
1041 3473 1136 3558 dare,
1159 3475 1185 3542 si
1208 3473 1351 3566 denique

305 3619 357 3674 tot
375 3631 414 3674 ex
432 3605 571 3674 diversis
585 3606 743 3676 membris
757 3607 878 3676 collata
893 3633 997 3677 unum
1015 3611 1050 3676 in
1064 3633 1185 3702 corpus
1202 3607 1351 3700 redigere

304 3742 520 3834 potuerimus.

352 3875 455 3964 Quod
475 3879 536 3946 etsi
561 3879 669 3972 prima
690 3879 801 3949 fronte
821 3879 959 3948 obvium
976 3893 1010 3948 et
1030 3879 1177 3972 positum
1195 3879 1231 3949 in
1249 3900 1351 3944 manu

305 4011 467 4097 videatur,
477 4036 545 4080 non
556 4012 661 4082 multo
673 4029 782 4084 tamen
792 4016 863 4084 sine
873 4013 986 4084 labore
999 4015 1158 4106 attingas,
1169 4035 1273 4106 quum
1281 4010 1351 4078 hac
