3068 4772
508 421 701 477 ccccmo
722 419 835 476 c1v1m
857 421 926 474 ma.
946 422 994 477 m.
1209 429 1261 498 ¹49

230 551 329 620 Pauci
347 547 472 617 ordinis
502 546 676 632 senatorii,
706 547 816 637 quise
837 568 911 612 cum
943 546 981 612 iis
1006 547 1261 638 conjunxerant,

229 681 325 738 nocte
342 667 420 761 suga
435 663 573 734 salutem
590 664 765 758 petierunt.
851 683 854 690 ’

277 786 431 856 XCVIII.
457 787 566 854 Goesar
582 784 689 878 prima
706 781 779 852 luce
796 807 911 852 omnes
928 809 1001 869 eos,
1019 786 1075 877 qui
1096 785 1130 852 in
1151 801 1262 856 monte

229 902 460 990 consederant,
474 927 514 972 cn
528 901 751 997 superioribus
767 901 848 971 locis
875 903 909 970 in
934 901 1102 996 planitiem
1128 903 1261 974 descen·

230 1021 322 1109 dere,
340 1035 440 1114 atque
457 1045 548 1090 amna
566 1019 728 1115 projicere
745 1021 852 1112 jussit.
884 1019 986 1110 Quod
1008 1022 1063 1089 ubi
1084 1023 1155 1091 sine
1173 1045 1264 1092 recu·

230 1144 356 1210 ssuone
371 1140 540 1226 lecerunt,
556 1139 726 1234 passisque
740 1137 872 1233 palmis,
891 1141 1030 1232 projecti
1056 1139 1097 1210 ud
1127 1155 1263 1229 terram,

231 1261 344 1330 flentes
364 1259 405 1328 ab
423 1283 464 1328 co
484 1257 622 1328 salutem
641 1257 824 1352 petierunt,
844 1257 1032 1342 consolatus
1063 1283 1262 1356 consurgere

228 1381 344 1474 jussit,
364 1393 395 1448 et
413 1403 518 1472 pauca
536 1377 625 1472 apud
645 1401 701 1446 eos
718 1375 760 1445 dc
778 1375 911 1446 lenitate
939 1403 996 1447 sua
1018 1377 1167 1468 locutus,
1196 1407 1263 1476 qno

231 1501 360 1568 minore
375 1509 484 1567 essem
501 1498 637 1582 timore,
656 1520 769 1564 omnes
789 1499 1010 1585 conservavit3
1038 1497 1264 1592 militibusque

229 1621 297 1688 suis
312 1615 573 1702 commendavit,
591 1637 632 1683 ne
650 1615 707 1707 qui
725 1637 839 1682 eorum
859 1613 1079 1697 violarentur,
1097 1640 1162 1684 neu
1183 1615 1262 1708 quid

230 1739 281 1806 sui
300 1735 535 1804 desiderarent.
553 1736 622 1802 Hac
640 1730 786 1801 adhibita
804 1731 992 1826 diligentia,
1012 1735 1182 1802 excestria
1200 1735 1262 1803 sibi

230 1853 373 1948 legiones
389 1854 468 1922 alias
485 1875 675 1934 occurrere,
692 1867 726 1920 et
739 1861 1028 1944 eas,·quas‘secum
1045 1851 1197 1934 duxerat,
1216 1855 1264 1922 in·

230 1974 334 2041 vicem
350 1972 571 2064 requiescere,
587 1984 686 2062 atque
702 1970 735 2038 in
754 1983 859 2038 castra
876 1971 992 2039 reverti
1007 1969 1123 2062 jussit3
1137 1967 1263 2038 eodem·

230 2113 294 2182 que
313 2089 366 2159 die
381 2091 546 2160 Larissam
564 2089 722 2182 pervenit.

277 2212 398 2280 XCIII.
424 2209 463 2278 In
481 2233 520 2277 eo
537 2205 653 2302 proelio
670 2233 737 2277 non
755 2207 897 2302 amplius
909 2233 949 2280 cc
965 2209 1085 2278 milites
1100 2208 1263 2280 desidera·

230 2332 296 2416 vit;
322 2327 379 2397 sed
405 2327 632 2414 centuriones,
649 2326 751 2396 fortes
775 2328 883 2415 viros,
902 2328 1033 2397 circiter
1050 2351 1118 2396 xxx
1143 2329 1261 2396 amisit.

230 2449 423 2518 Interiectus
435 2461 483 2516 est
500 2447 598 2515 etiam
614 2445 790 2515 fortissime
802 2469 952 2539 pugnans
966 2449 1154 2533 Crastinus,
1168 2448 1263 2538 cujus

229 2571 430 2636 mentionem
452 2590 552 2659 supra
568 2564 726 2649 fecimus,
750 2561 860 2656 gladio
881 2565 915 2630 in
936 2587 973 2630 os
992 2562 1165 2632 adversum
1184 2587 1263 2632 con-

227 2687 326 2777 jecto.
345 2685 463 2776 Neque
477 2683 510 2750 id
526 2682 589 2749 fuit
604 2679 738 2765 falsum,
755 2679 845 2772 quod
862 2679 932 2766 ille,
954 2681 986 2746 in
1006 2704 1150 2773 pugnam
1168 2679 1263 2773 proli·

230 2805 367 2887 ciscens,
383 2800 511 2868 dixerat
528 2825 538 2870 s
555 2801 602 2866 sic
617 2799 705 2866 enim
722 2799 833 2866 Caesar
849 2798 1072 2885 existimabat,
1087 2821 1127 2866 eo
1146 2797 1262 2890 proelio

231 2918 534 2990 excellentissimam
563 2915 716 3002 virtutem
745 2917 889 2986 Crastini
918 2915 1040 2998 finisse,
1072 2917 1260 3009 optimeque

231 3062 304 3107 curu
331 3035 371 3104 de
392 3059 426 3105 se
447 3037 601 3103 meritum
619 3033 796 3126 judicabat.
821 3035 869 3104 Ex
891 3035 1091 3126 Pompeiano
1113 3037 1258 3102 exercitu

233 3156 363 3224 circiter
385 3151 488 3222 millia
507 3151 693 3245 quindecim
717 3151 873 3222 cecidisse
895 3150 1088 3222 videbantur
1110 3177 1118 3220 ε
1142 3151 1198 3221 sed
1226 3155 1260 3222 in

231 3274 431 3344 deditionem
443 3285 606 3340 venerunt
621 3269 760 3364 emplius
775 3268 876 3339 millia
891 3271 1260 3366 xrtv(namqueetis1n

230 3393 401 3478 cohortes,
421 3415 493 3484 quae
514 3389 665 3484 prasidio
685 3391 718 3457 in
738 3387 877 3458 matellis
903 3387 1049 3474 nerant,
1075 3413 1142 3460 sese
1165 3385 1260 3482 Sylla

231 3509 443 3604 dediderunt)
461 3533 469 3578 ε
489 3507 583 3577 multi
606 3522 762 3602 practerea
780 3507 816 3575 in
833 3505 989 3576 finitimas
1004 3507 1152 3574 civitates
1167 3507 1258 3574 refu·

232 3645 349 3724 gerunt
370 3657 378 3699 :
401 3631 558 3724 signaque
577 3625 730 3696 militaria
745 3651 785 3694 ex
803 3623 920 3719 proelio
940 3621 981 3692 ad
997 3627 1157 3694 Cesaram
1183 3638 1261 3692 sunt

232 3747 333 3818 relata
349 3769 483 3834 ccxxx,
502 3760 535 3814 et
554 3743 671 3840 aquile
690 3767 819 3814 novem.
835 3747 873 3814 L
887 3741 1070 3828 Domitius,
1088 3765 1127 3808 ex
1146 3741 1260 3809 castris

232 3866 266 3931 in
285 3879 429 3934 montem
445 3864 631 3958 refugiens,
649 3887 752 3956 quum
766 3863 852 3931 vires
866 3885 940 3933 eum
959 3856 1152 3930 lassitudine
1167 3858 1259 3928 defe-

232 3982 367 4067 cissent,
386 3984 427 4050 ab
443 3983 606 4073 equitibus
626 3999 676 4050 est
693 3981 894 4050 interfectus.
