<?xml version="1.0" encoding="UTF-8"?>
<!DOCTYPE html PUBLIC "-//W3C//DTD XHTML 1.0 Transitional//EN"
    "http://www.w3.org/TR/xhtml1/DTD/xhtml1-transitional.dtd">
<html xmlns="http://www.w3.org/1999/xhtml" xml:lang="en" lang="en">
 <head>
  <title>
</title>
<meta http-equiv="Content-Type" content="text/html;charset=utf-8" />
  <meta name='ocr-system' content='tesseract 3.04.00' />
  <meta name='ocr-capabilities' content='ocr_page ocr_carea ocr_par ocr_line ocrx_word'/>
</head>
<body>
  <div class='ocr_page' id='page_1' title='image "./cjcaesarisopera00caesgoog_0113.png"; bbox 0 0 3086 4766; ppageno 0'>
   <div class='ocr_carea' id='block_1_1' title="bbox 446 373 1228 460">
    <p class='ocr_par' dir='ltr' id='par_1_1' title="bbox 446 373 1228 460">
     <span class='ocr_line' id='line_1_1' title="bbox 446 373 1228 460; baseline 0.013 -30"><span class='ocrx_word' id='word_1_1' title='bbox 446 374 498 430; x_wconf 81' lang='lat' dir='ltr'><strong>ns</strong></span> <span class='ocrx_word' id='word_1_2' title='bbox 517 373 640 430; x_wconf 77' lang='lat' dir='ltr'><strong>ennio</strong></span> <span class='ocrx_word' id='word_1_3' title='bbox 661 377 828 436; x_wconf 75' lang='lat' dir='ltr'><strong>ossum</strong></span> <span class='ocrx_word' id='word_1_4' title='bbox 849 381 919 442; x_wconf 79' lang='lat' dir='ltr'><strong>nm,</strong></span> <span class='ocrx_word' id='word_1_5' title='bbox 936 383 987 439; x_wconf 85' lang='grc' dir='ltr'><strong>ιν.</strong></span> <span class='ocrx_word' id='word_1_6' title='bbox 1193 403 1228 460; x_wconf 79' lang='lat'><strong>91</strong></span> 
     </span>
    </p>
   </div>
   <div class='ocr_carea' id='block_1_2' title="bbox 195 483 1331 4069">
    <p class='ocr_par' dir='ltr' id='par_1_2' title="bbox 196 483 1233 1913">
     <span class='ocr_line' id='line_1_2' title="bbox 199 483 1230 602; baseline 0.008 -29"><span class='ocrx_word' id='word_1_7' title='bbox 199 483 267 574; x_wconf 89' lang='lat' dir='ltr'><strong>lum</strong></span> <span class='ocrx_word' id='word_1_8' title='bbox 283 503 382 598; x_wconf 86' lang='lat' dir='ltr'><strong>adjici</strong></span> <span class='ocrx_word' id='word_1_9' title='bbox 395 516 514 596; x_wconf 89' lang='lat' dir='ltr'><strong>posset.</strong></span> <span class='ocrx_word' id='word_1_10' title='bbox 526 506 624 572; x_wconf 84' lang='lat' dir='ltr'><strong>Hune</strong></span> <span class='ocrx_word' id='word_1_11' title='bbox 636 499 679 573; x_wconf 87' lang='lat' dir='ltr'><strong>ad</strong></span> <span class='ocrx_word' id='word_1_12' title='bbox 694 504 930 598; x_wconf 89' lang='lat' dir='ltr'><strong>egrediendum</strong></span> <span class='ocrx_word' id='word_1_13' title='bbox 943 531 1151 602; x_wconf 84' lang='lat' dir='ltr'><strong>nequaquem</strong></span> <span class='ocrx_word' id='word_1_14' title='bbox 1162 511 1230 581; x_wconf 89' lang='lat' dir='ltr'><strong>ido-</strong></span> 
     </span>
     <span class='ocr_line' id='line_1_3' title="bbox 199 621 1233 719; baseline 0.004 -23"><span class='ocrx_word' id='word_1_15' title='bbox 199 651 298 696; x_wconf 89' lang='lat' dir='ltr'><strong>neum</strong></span> <span class='ocrx_word' id='word_1_16' title='bbox 316 625 494 695; x_wconf 78' lang='lat' dir='ltr'><strong>arbitratus</strong></span> <span class='ocrx_word' id='word_1_17' title='bbox 517 621 639 710; x_wconf 88' lang='lat' dir='ltr'><strong>locum,</strong></span> <span class='ocrx_word' id='word_1_18' title='bbox 656 624 736 694; x_wconf 90' lang='lat' dir='ltr'><strong>dum</strong></span> <span class='ocrx_word' id='word_1_19' title='bbox 753 622 887 719; x_wconf 72' lang='lat' dir='ltr'><strong>reliquae</strong></span> <span class='ocrx_word' id='word_1_20' title='bbox 907 651 1006 697; x_wconf 82' lang='lat' dir='ltr'><strong>naues</strong></span> <span class='ocrx_word' id='word_1_21' title='bbox 1021 653 1061 698; x_wconf 89' lang='lat' dir='ltr'><strong>eo</strong></span> <span class='ocrx_word' id='word_1_22' title='bbox 1077 634 1233 700; x_wconf 86' lang='lat' dir='ltr'><strong>conveni·</strong></span> 
     </span>
     <span class='ocr_line' id='line_1_4' title="bbox 198 743 1233 842; baseline 0.005 -27"><span class='ocrx_word' id='word_1_23' title='bbox 198 761 287 834; x_wconf 90' lang='lat' dir='ltr'><strong>rent,</strong></span> <span class='ocrx_word' id='word_1_24' title='bbox 309 743 351 813; x_wconf 91' lang='lat' dir='ltr'><strong>ad</strong></span> <span class='ocrx_word' id='word_1_25' title='bbox 374 744 490 814; x_wconf 86' lang='lat' dir='ltr'><strong>horam</strong></span> <span class='ocrx_word' id='word_1_26' title='bbox 511 767 633 812; x_wconf 91' lang='lat' dir='ltr'><strong>nonam</strong></span> <span class='ocrx_word' id='word_1_27' title='bbox 653 745 687 812; x_wconf 93' lang='lat' dir='ltr'><strong>in</strong></span> <span class='ocrx_word' id='word_1_28' title='bbox 712 745 843 814; x_wconf 87' lang='lat' dir='ltr'><strong>ancoris</strong></span> <span class='ocrx_word' id='word_1_29' title='bbox 863 749 1073 842; x_wconf 78' lang='lat' dir='ltr'><strong>exspectavit.</strong></span> <span class='ocrx_word' id='word_1_30' title='bbox 1092 751 1233 820; x_wconf 78' lang='lat' dir='ltr'><strong>Interim</strong></span> 
     </span>
     <span class='ocr_line' id='line_1_5' title="bbox 198 862 1233 964; baseline 0.002 -28"><span class='ocrx_word' id='word_1_31' title='bbox 198 867 315 964; x_wconf 83' lang='lat' dir='ltr'><strong>legatis</strong></span> <span class='ocrx_word' id='word_1_32' title='bbox 330 864 538 958; x_wconf 75' lang='lat' dir='ltr'><strong>tribunisque</strong></span> <span class='ocrx_word' id='word_1_33' title='bbox 554 862 698 932; x_wconf 90' lang='lat' dir='ltr'><strong>militum</strong></span> <span class='ocrx_word' id='word_1_34' title='bbox 713 867 915 955; x_wconf 87' lang='lat' dir='ltr'><strong>conuocatis,</strong></span> <span class='ocrx_word' id='word_1_35' title='bbox 930 883 966 937; x_wconf 86' lang='lat' dir='ltr'><strong>et</strong></span> <span class='ocrx_word' id='word_1_36' title='bbox 983 891 1057 962; x_wconf 76' lang='lat' dir='ltr'><strong>que</strong></span> <span class='ocrx_word' id='word_1_37' title='bbox 1073 893 1114 938; x_wconf 84' lang='lat' dir='ltr'><strong>ex</strong></span> <span class='ocrx_word' id='word_1_38' title='bbox 1128 869 1233 940; x_wconf 90' lang='lat' dir='ltr'><strong>Volu-</strong></span> 
     </span>
     <span class='ocr_line' id='line_1_6' title="bbox 197 983 1231 1079; baseline 0.003 -24"><span class='ocrx_word' id='word_1_39' title='bbox 197 1011 278 1055; x_wconf 89' lang='lat' dir='ltr'><strong>seno</strong></span> <span class='ocrx_word' id='word_1_40' title='bbox 299 985 525 1079; x_wconf 82' lang='lat' dir='ltr'><strong>cognovisset,</strong></span> <span class='ocrx_word' id='word_1_41' title='bbox 544 999 579 1054; x_wconf 87' lang='lat' dir='ltr'><strong>et</strong></span> <span class='ocrx_word' id='word_1_42' title='bbox 593 1007 666 1077; x_wconf 79' lang='lat' dir='ltr'><strong>quse</strong></span> <span class='ocrx_word' id='word_1_43' title='bbox 686 984 758 1054; x_wconf 86' lang='lat' dir='ltr'><strong>fieri</strong></span> <span class='ocrx_word' id='word_1_44' title='bbox 777 983 893 1074; x_wconf 84' lang='lat' dir='ltr'><strong>vellet,</strong></span> <span class='ocrx_word' id='word_1_45' title='bbox 908 985 1069 1074; x_wconf 85' lang='lat' dir='ltr'><strong>osteudit;</strong></span> <span class='ocrx_word' id='word_1_46' title='bbox 1085 986 1231 1058; x_wconf 88' lang='lat' dir='ltr'><strong>monuit·</strong></span> 
     </span>
     <span class='ocr_line' id='line_1_7' title="bbox 196 1103 1233 1202; baseline 0.003 -28"><span class='ocrx_word' id='word_1_47' title='bbox 196 1129 278 1199; x_wconf 87' lang='lat' dir='ltr'><strong>que,</strong></span> <span class='ocrx_word' id='word_1_48' title='bbox 295 1119 333 1174; x_wconf 91' lang='lat' dir='ltr'><strong>ut</strong></span> <span class='ocrx_word' id='word_1_49' title='bbox 346 1105 394 1172; x_wconf 91' lang='lat' dir='ltr'><strong>rei</strong></span> <span class='ocrx_word' id='word_1_50' title='bbox 410 1103 561 1172; x_wconf 86' lang='lat' dir='ltr'><strong>militaris</strong></span> <span class='ocrx_word' id='word_1_51' title='bbox 574 1105 680 1190; x_wconf 91' lang='lat' dir='ltr'><strong>ratio,</strong></span> <span class='ocrx_word' id='word_1_52' title='bbox 697 1107 839 1175; x_wconf 83' lang='lat' dir='ltr'><strong>maxime</strong></span> <span class='ocrx_word' id='word_1_53' title='bbox 854 1120 892 1175; x_wconf 90' lang='lat' dir='ltr'><strong>nt</strong></span> <span class='ocrx_word' id='word_1_54' title='bbox 907 1108 1080 1176; x_wconf 76' lang='lat' dir='ltr'><strong>maritime</strong></span> <span class='ocrx_word' id='word_1_55' title='bbox 1093 1131 1145 1178; x_wconf 92' lang='lat' dir='ltr'><strong>res</strong></span> <span class='ocrx_word' id='word_1_56' title='bbox 1161 1132 1233 1202; x_wconf 78' lang='lat' dir='ltr'><strong>poe</strong></span> 
     </span>
     <span class='ocr_line' id='line_1_8' title="bbox 198 1221 1231 1318; baseline 0.004 -26"><span class='ocrx_word' id='word_1_57' title='bbox 198 1222 357 1310; x_wconf 87' lang='lat' dir='ltr'><strong>tularent,</strong></span> <span class='ocrx_word' id='word_1_58' title='bbox 373 1238 411 1297; x_wconf 92' lang='lat' dir='ltr'><strong>ut</strong></span> <span class='ocrx_word' id='word_1_59' title='bbox 428 1247 501 1317; x_wconf 87' lang='lat' dir='ltr'><strong>quae</strong></span> <span class='ocrx_word' id='word_1_60' title='bbox 516 1221 656 1294; x_wconf 86' lang='lat' dir='ltr'><strong>celerem</strong></span> <span class='ocrx_word' id='word_1_61' title='bbox 671 1239 770 1318; x_wconf 86' lang='lat' dir='ltr'><strong>etque</strong></span> <span class='ocrx_word' id='word_1_62' title='bbox 783 1224 968 1296; x_wconf 80' lang='lat' dir='ltr'><strong>instabilem</strong></span> <span class='ocrx_word' id='word_1_63' title='bbox 985 1240 1113 1294; x_wconf 90' lang='lat' dir='ltr'><strong>motum</strong></span> <span class='ocrx_word' id='word_1_64' title='bbox 1129 1227 1231 1296; x_wconf 84' lang='lat' dir='ltr'><strong>habe·</strong></span> 
     </span>
     <span class='ocr_line' id='line_1_9' title="bbox 197 1341 1230 1438; baseline 0.003 -26"><span class='ocrx_word' id='word_1_65' title='bbox 197 1357 287 1433; x_wconf 89' lang='lat' dir='ltr'><strong>rent,</strong></span> <span class='ocrx_word' id='word_1_66' title='bbox 303 1342 346 1412; x_wconf 91' lang='lat' dir='ltr'><strong>ad</strong></span> <span class='ocrx_word' id='word_1_67' title='bbox 362 1358 481 1412; x_wconf 90' lang='lat' dir='ltr'><strong>nutum</strong></span> <span class='ocrx_word' id='word_1_68' title='bbox 499 1356 533 1412; x_wconf 91' lang='lat' dir='ltr'><strong>et</strong></span> <span class='ocrx_word' id='word_1_69' title='bbox 548 1341 590 1412; x_wconf 87' lang='lat' dir='ltr'><strong>ed</strong></span> <span class='ocrx_word' id='word_1_70' title='bbox 606 1358 736 1438; x_wconf 89' lang='lat' dir='ltr'><strong>tempus</strong></span> <span class='ocrx_word' id='word_1_71' title='bbox 751 1369 866 1413; x_wconf 90' lang='lat' dir='ltr'><strong>omnes</strong></span> <span class='ocrx_word' id='word_1_72' title='bbox 885 1369 938 1413; x_wconf 91' lang='lat' dir='ltr'><strong>res</strong></span> <span class='ocrx_word' id='word_1_73' title='bbox 956 1344 997 1414; x_wconf 88' lang='lat' dir='ltr'><strong>ab</strong></span> <span class='ocrx_word' id='word_1_74' title='bbox 1014 1345 1054 1414; x_wconf 87' lang='lat' dir='ltr'><strong>iis</strong></span> <span class='ocrx_word' id='word_1_75' title='bbox 1073 1343 1230 1416; x_wconf 89' lang='lat' dir='ltr'><strong>adminis-</strong></span> 
     </span>
     <span class='ocr_line' id='line_1_10' title="bbox 198 1461 1231 1549; baseline 0.004 -19"><span class='ocrx_word' id='word_1_76' title='bbox 198 1475 374 1532; x_wconf 90' lang='lat' dir='ltr'><strong>trarentur.</strong></span> <span class='ocrx_word' id='word_1_77' title='bbox 399 1464 459 1532; x_wconf 88' lang='lat' dir='ltr'><strong>His</strong></span> <span class='ocrx_word' id='word_1_78' title='bbox 482 1461 641 1549; x_wconf 86' lang='lat' dir='ltr'><strong>dimissis,</strong></span> <span class='ocrx_word' id='word_1_79' title='bbox 661 1477 696 1531; x_wconf 90' lang='lat' dir='ltr'><strong>et</strong></span> <span class='ocrx_word' id='word_1_80' title='bbox 718 1478 856 1532; x_wconf 82' lang='lat' dir='ltr'><strong>rentum</strong></span> <span class='ocrx_word' id='word_1_81' title='bbox 875 1478 909 1532; x_wconf 90' lang='lat' dir='ltr'><strong>et</strong></span> <span class='ocrx_word' id='word_1_82' title='bbox 923 1477 1038 1532; x_wconf 78' lang='lat' dir='ltr'><strong>aestum</strong></span> <span class='ocrx_word' id='word_1_83' title='bbox 1059 1488 1127 1534; x_wconf 93' lang='lat' dir='ltr'><strong>uno</strong></span> <span class='ocrx_word' id='word_1_84' title='bbox 1147 1479 1231 1534; x_wconf 80' lang='lat' dir='ltr'><strong>tem-</strong></span> 
     </span>
     <span class='ocr_line' id='line_1_11' title="bbox 199 1581 1232 1678; baseline 0.002 -28"><span class='ocrx_word' id='word_1_85' title='bbox 199 1603 278 1674; x_wconf 92' lang='lat' dir='ltr'><strong>pore</strong></span> <span class='ocrx_word' id='word_1_86' title='bbox 300 1596 416 1651; x_wconf 88' lang='lat' dir='ltr'><strong>nectus</strong></span> <span class='ocrx_word' id='word_1_87' title='bbox 433 1581 634 1670; x_wconf 89' lang='lat' dir='ltr'><strong>secundum,</strong></span> <span class='ocrx_word' id='word_1_88' title='bbox 655 1581 733 1650; x_wconf 90' lang='lat' dir='ltr'><strong>dato</strong></span> <span class='ocrx_word' id='word_1_89' title='bbox 751 1583 861 1678; x_wconf 85' lang='lat' dir='ltr'><strong>signo,</strong></span> <span class='ocrx_word' id='word_1_90' title='bbox 882 1597 916 1651; x_wconf 89' lang='lat' dir='ltr'><strong>et</strong></span> <span class='ocrx_word' id='word_1_91' title='bbox 933 1581 1068 1652; x_wconf 88' lang='lat' dir='ltr'><strong>sublatis</strong></span> <span class='ocrx_word' id='word_1_92' title='bbox 1087 1583 1232 1669; x_wconf 82' lang='lat' dir='ltr'><strong>ancoris,</strong></span> 
     </span>
     <span class='ocr_line' id='line_1_12' title="bbox 198 1698 1233 1797; baseline 0.002 -29"><span class='ocrx_word' id='word_1_93' title='bbox 198 1701 329 1770; x_wconf 83' lang='lat' dir='ltr'><strong>circiter</strong></span> <span class='ocrx_word' id='word_1_94' title='bbox 344 1699 446 1772; x_wconf 83' lang='lat' dir='ltr'><strong>millia</strong></span> <span class='ocrx_word' id='word_1_95' title='bbox 463 1725 619 1795; x_wconf 89' lang='lat' dir='ltr'><strong>passuum</strong></span> <span class='ocrx_word' id='word_1_96' title='bbox 629 1725 678 1770; x_wconf 86' lang='lat' dir='ltr'><strong>vu</strong></span> <span class='ocrx_word' id='word_1_97' title='bbox 695 1701 736 1769; x_wconf 86' lang='lat' dir='ltr'><strong>eb</strong></span> <span class='ocrx_word' id='word_1_98' title='bbox 752 1725 792 1770; x_wconf 90' lang='lat' dir='ltr'><strong>eo</strong></span> <span class='ocrx_word' id='word_1_99' title='bbox 804 1698 879 1772; x_wconf 93' lang='lat' dir='ltr'><strong>loco</strong></span> <span class='ocrx_word' id='word_1_100' title='bbox 895 1725 1102 1797; x_wconf 83' lang='lat' dir='ltr'><strong>progressus,</strong></span> <span class='ocrx_word' id='word_1_101' title='bbox 1115 1715 1233 1795; x_wconf 88' lang='lat' dir='ltr'><strong>aperto</strong></span> 
     </span>
     <span class='ocr_line' id='line_1_13' title="bbox 197 1816 785 1913; baseline 0 -25"><span class='ocrx_word' id='word_1_102' title='bbox 197 1843 235 1888; x_wconf 89' lang='lat' dir='ltr'><strong>ac</strong></span> <span class='ocrx_word' id='word_1_103' title='bbox 251 1816 353 1913; x_wconf 85' lang='lat' dir='ltr'><strong>plano</strong></span> <span class='ocrx_word' id='word_1_104' title='bbox 371 1818 468 1890; x_wconf 88' lang='lat' dir='ltr'><strong>litore</strong></span> <span class='ocrx_word' id='word_1_105' title='bbox 485 1845 585 1889; x_wconf 82' lang='lat' dir='ltr'><strong>neves</strong></span> <span class='ocrx_word' id='word_1_106' title='bbox 604 1821 785 1890; x_wconf 88' lang='lat' dir='ltr'><strong>constituit.</strong></span> 
     </span>
    </p>

    <p class='ocr_par' dir='ltr' id='par_1_3' title="bbox 195 1938 1331 3797">
     <span class='ocr_line' id='line_1_14' title="bbox 246 1938 1233 2034; baseline 0 -24"><span class='ocrx_word' id='word_1_107' title='bbox 246 1940 370 2010; x_wconf 81' lang='lat' dir='ltr'><strong>XXIV.</strong></span> <span class='ocrx_word' id='word_1_108' title='bbox 399 1943 444 2010; x_wconf 80' lang='lat' dir='ltr'><strong>At</strong></span> <span class='ocrx_word' id='word_1_109' title='bbox 473 1940 620 2022; x_wconf 81' lang='lat' dir='ltr'><strong>barbari,</strong></span> <span class='ocrx_word' id='word_1_110' title='bbox 651 1938 790 2008; x_wconf 87' lang='lat' dir='ltr'><strong>oonsilio</strong></span> <span class='ocrx_word' id='word_1_111' title='bbox 819 1943 1047 2008; x_wconf 84' lang='lat' dir='ltr'><strong>Romanorum</strong></span> <span class='ocrx_word' id='word_1_112' title='bbox 1080 1943 1233 2034; x_wconf 85' lang='lat' dir='ltr'><strong>cognito,</strong></span> 
     </span>
     <span class='ocr_line' id='line_1_15' title="bbox 198 2056 1235 2152; baseline 0 -24"><span class='ocrx_word' id='word_1_113' title='bbox 198 2060 365 2152; x_wconf 74' lang='lat' dir='ltr'><strong>premisso</strong></span> <span class='ocrx_word' id='word_1_114' title='bbox 389 2060 537 2152; x_wconf 87' lang='lat' dir='ltr'><strong>equitatu</strong></span> <span class='ocrx_word' id='word_1_115' title='bbox 550 2072 583 2128; x_wconf 89' lang='lat' dir='ltr'><strong>et</strong></span> <span class='ocrx_word' id='word_1_116' title='bbox 604 2057 790 2148; x_wconf 83' lang='lat' dir='ltr'><strong>essedariis,</strong></span> <span class='ocrx_word' id='word_1_117' title='bbox 811 2081 878 2151; x_wconf 90' lang='lat' dir='ltr'><strong>quo</strong></span> <span class='ocrx_word' id='word_1_118' title='bbox 897 2056 1092 2152; x_wconf 91' lang='lat' dir='ltr'><strong>plerumque</strong></span> <span class='ocrx_word' id='word_1_119' title='bbox 1112 2083 1235 2152; x_wconf 80' lang='lat' dir='ltr'><strong>genere</strong></span> 
     </span>
     <span class='ocr_line' id='line_1_16' title="bbox 199 2176 1235 2272; baseline 0.002 -26"><span class='ocrx_word' id='word_1_120' title='bbox 199 2179 230 2246; x_wconf 90' lang='lat' dir='ltr'><strong>in</strong></span> <span class='ocrx_word' id='word_1_121' title='bbox 249 2177 373 2272; x_wconf 90' lang='lat' dir='ltr'><strong>proeliis</strong></span> <span class='ocrx_word' id='word_1_122' title='bbox 390 2181 439 2247; x_wconf 87' lang='lat' dir='ltr'><strong>uti</strong></span> <span class='ocrx_word' id='word_1_123' title='bbox 454 2192 673 2264; x_wconf 88' lang='lat' dir='ltr'><strong>consuerunt,</strong></span> <span class='ocrx_word' id='word_1_124' title='bbox 691 2176 826 2272; x_wconf 88' lang='lat' dir='ltr'><strong>reliquis</strong></span> <span class='ocrx_word' id='word_1_125' title='bbox 842 2179 945 2271; x_wconf 91' lang='lat' dir='ltr'><strong>copiis</strong></span> <span class='ocrx_word' id='word_1_126' title='bbox 960 2179 1142 2264; x_wconf 89' lang='lat' dir='ltr'><strong>subsecuti,</strong></span> <span class='ocrx_word' id='word_1_127' title='bbox 1160 2203 1235 2248; x_wconf 89' lang='lat' dir='ltr'><strong>nos·</strong></span> 
     </span>
     <span class='ocr_line' id='line_1_17' title="bbox 198 2295 1233 2393; baseline 0.002 -27"><span class='ocrx_word' id='word_1_128' title='bbox 198 2311 266 2366; x_wconf 87' lang='lat' dir='ltr'><strong>tros</strong></span> <span class='ocrx_word' id='word_1_129' title='bbox 291 2300 430 2369; x_wconf 83' lang='lat' dir='ltr'><strong>navibus</strong></span> <span class='ocrx_word' id='word_1_130' title='bbox 461 2297 573 2393; x_wconf 83' lang='lat' dir='ltr'><strong>egredi</strong></span> <span class='ocrx_word' id='word_1_131' title='bbox 606 2295 834 2393; x_wconf 88' lang='lat' dir='ltr'><strong>prohibebant.</strong></span> <span class='ocrx_word' id='word_1_132' title='bbox 865 2301 945 2367; x_wconf 85' lang='lat' dir='ltr'><strong>Erat</strong></span> <span class='ocrx_word' id='word_1_133' title='bbox 966 2298 1011 2366; x_wconf 91' lang='lat' dir='ltr'><strong>ob</strong></span> <span class='ocrx_word' id='word_1_134' title='bbox 1038 2299 1097 2368; x_wconf 90' lang='lat' dir='ltr'><strong>has</strong></span> <span class='ocrx_word' id='word_1_135' title='bbox 1120 2323 1233 2368; x_wconf 87' lang='lat' dir='ltr'><strong>causas</strong></span> 
     </span>
     <span class='ocr_line' id='line_1_18' title="bbox 197 2416 1233 2512; baseline 0.002 -28"><span class='ocrx_word' id='word_1_136' title='bbox 197 2441 325 2486; x_wconf 86' lang='lat' dir='ltr'><strong>summe</strong></span> <span class='ocrx_word' id='word_1_137' title='bbox 347 2416 538 2504; x_wconf 85' lang='lat' dir='ltr'><strong>difficultas,</strong></span> <span class='ocrx_word' id='word_1_138' title='bbox 560 2416 651 2510; x_wconf 91' lang='lat' dir='ltr'><strong>quod</strong></span> <span class='ocrx_word' id='word_1_139' title='bbox 671 2439 770 2485; x_wconf 89' lang='lat' dir='ltr'><strong>naves</strong></span> <span class='ocrx_word' id='word_1_140' title='bbox 791 2430 928 2510; x_wconf 89' lang='lat' dir='ltr'><strong>propter</strong></span> <span class='ocrx_word' id='word_1_141' title='bbox 954 2417 1233 2512; x_wconf 85' lang='lat' dir='ltr'><strong>magnitudinem,</strong></span> 
     </span>
     <span class='ocr_line' id='line_1_19' title="bbox 197 2533 1234 2628; baseline 0 -25"><span class='ocrx_word' id='word_1_142' title='bbox 197 2535 260 2604; x_wconf 91' lang='lat' dir='ltr'><strong>nisi</strong></span> <span class='ocrx_word' id='word_1_143' title='bbox 287 2538 322 2606; x_wconf 94' lang='lat' dir='ltr'><strong>in</strong></span> <span class='ocrx_word' id='word_1_144' title='bbox 349 2535 432 2623; x_wconf 90' lang='lat' dir='ltr'><strong>alto,</strong></span> <span class='ocrx_word' id='word_1_145' title='bbox 460 2537 617 2606; x_wconf 88' lang='lat' dir='ltr'><strong>constitui</strong></span> <span class='ocrx_word' id='word_1_146' title='bbox 646 2560 714 2604; x_wconf 89' lang='lat' dir='ltr'><strong>non</strong></span> <span class='ocrx_word' id='word_1_147' title='bbox 739 2548 911 2628; x_wconf 84' lang='lat' dir='ltr'><strong>poterent3</strong></span> <span class='ocrx_word' id='word_1_148' title='bbox 939 2533 1099 2605; x_wconf 89' lang='lat' dir='ltr'><strong>militibus</strong></span> <span class='ocrx_word' id='word_1_149' title='bbox 1123 2551 1234 2604; x_wconf 86' lang='lat' dir='ltr'><strong>autem</strong></span> 
     </span>
     <span class='ocr_line' id='line_1_20' title="bbox 197 2652 1235 2748; baseline 0 -26"><span class='ocrx_word' id='word_1_150' title='bbox 197 2655 319 2748; x_wconf 87' lang='lat' dir='ltr'><strong>ignotis</strong></span> <span class='ocrx_word' id='word_1_151' title='bbox 338 2652 435 2739; x_wconf 93' lang='lat' dir='ltr'><strong>locis,</strong></span> <span class='ocrx_word' id='word_1_152' title='bbox 451 2654 618 2747; x_wconf 89' lang='lat' dir='ltr'><strong>impeditis</strong></span> <span class='ocrx_word' id='word_1_153' title='bbox 633 2654 801 2740; x_wconf 89' lang='lat' dir='ltr'><strong>manibus,</strong></span> <span class='ocrx_word' id='word_1_154' title='bbox 821 2677 943 2748; x_wconf 79' lang='lat' dir='ltr'><strong>magno</strong></span> <span class='ocrx_word' id='word_1_155' title='bbox 963 2669 998 2722; x_wconf 90' lang='lat' dir='ltr'><strong>et</strong></span> <span class='ocrx_word' id='word_1_156' title='bbox 1014 2655 1108 2748; x_wconf 90' lang='lat' dir='ltr'><strong>gravi</strong></span> <span class='ocrx_word' id='word_1_157' title='bbox 1124 2677 1235 2722; x_wconf 86' lang='lat' dir='ltr'><strong>armo·</strong></span> 
     </span>
     <span class='ocr_line' id='line_1_21' title="bbox 197 2769 1235 2867; baseline -0.001 -25"><span class='ocrx_word' id='word_1_158' title='bbox 197 2799 273 2842; x_wconf 82' lang='lat' dir='ltr'><strong>mm</strong></span> <span class='ocrx_word' id='word_1_159' title='bbox 289 2797 391 2842; x_wconf 90' lang='lat' dir='ltr'><strong>onere</strong></span> <span class='ocrx_word' id='word_1_160' title='bbox 406 2773 588 2867; x_wconf 84' lang='lat' dir='ltr'><strong>oppressis,</strong></span> <span class='ocrx_word' id='word_1_161' title='bbox 608 2772 706 2842; x_wconf 89' lang='lat' dir='ltr'><strong>simul</strong></span> <span class='ocrx_word' id='word_1_162' title='bbox 726 2787 759 2842; x_wconf 89' lang='lat' dir='ltr'><strong>et</strong></span> <span class='ocrx_word' id='word_1_163' title='bbox 779 2771 820 2841; x_wconf 91' lang='lat' dir='ltr'><strong>de</strong></span> <span class='ocrx_word' id='word_1_164' title='bbox 841 2771 980 2842; x_wconf 84' lang='lat' dir='ltr'><strong>navibus</strong></span> <span class='ocrx_word' id='word_1_165' title='bbox 1000 2769 1235 2860; x_wconf 84' lang='lat' dir='ltr'><strong>desiliendum,</strong></span> 
     </span>
     <span class='ocr_line' id='line_1_22' title="bbox 197 2889 1235 2986; baseline 0.002 -26"><span class='ocrx_word' id='word_1_166' title='bbox 197 2895 283 2960; x_wconf 89' lang='lat' dir='ltr'><strong>etin</strong></span> <span class='ocrx_word' id='word_1_167' title='bbox 304 2891 460 2962; x_wconf 89' lang='lat' dir='ltr'><strong>lluctibus</strong></span> <span class='ocrx_word' id='word_1_168' title='bbox 481 2891 745 2979; x_wconf 83' lang='lat' dir='ltr'><strong>consistendum,</strong></span> <span class='ocrx_word' id='word_1_169' title='bbox 763 2905 890 2962; x_wconf 86' lang='lat' dir='ltr'><strong>etcum</strong></span> <span class='ocrx_word' id='word_1_170' title='bbox 912 2889 1063 2960; x_wconf 84' lang='lat' dir='ltr'><strong>hostibus</strong></span> <span class='ocrx_word' id='word_1_171' title='bbox 1081 2905 1154 2961; x_wconf 87' lang='lat' dir='ltr'><strong>erat</strong></span> <span class='ocrx_word' id='word_1_172' title='bbox 1172 2915 1235 2986; x_wconf 87' lang='lat' dir='ltr'><strong>pu·</strong></span> 
     </span>
     <span class='ocr_line' id='line_1_23' title="bbox 197 3007 1235 3105; baseline 0.005 -27"><span class='ocrx_word' id='word_1_173' title='bbox 197 3010 499 3104; x_wconf 86' lang='lat' dir='ltr'><strong>gnandum:quum</strong></span> <span class='ocrx_word' id='word_1_174' title='bbox 511 3008 644 3100; x_wconf 89' lang='lat' dir='ltr'><strong>illi,aut</strong></span> <span class='ocrx_word' id='word_1_175' title='bbox 654 3035 694 3078; x_wconf 83' lang='lat' dir='ltr'><strong>ex</strong></span> <span class='ocrx_word' id='word_1_176' title='bbox 705 3009 812 3097; x_wconf 90' lang='lat' dir='ltr'><strong>arido,</strong></span> <span class='ocrx_word' id='word_1_177' title='bbox 823 3007 1061 3104; x_wconf 85' lang='lat' dir='ltr'><strong>autpaululum</strong></span> <span class='ocrx_word' id='word_1_178' title='bbox 1069 3013 1104 3080; x_wconf 92' lang='lat' dir='ltr'><strong>in</strong></span> <span class='ocrx_word' id='word_1_179' title='bbox 1115 3035 1235 3105; x_wconf 88' lang='lat' dir='ltr'><strong>aquam</strong></span> 
     </span>
     <span class='ocr_line' id='line_1_24' title="bbox 199 3129 1236 3226; baseline 0.005 -28"><span class='ocrx_word' id='word_1_180' title='bbox 199 3132 376 3226; x_wconf 84' lang='lat' dir='ltr'><strong>progressi,</strong></span> <span class='ocrx_word' id='word_1_181' title='bbox 402 3131 558 3201; x_wconf 90' lang='lat' dir='ltr'><strong>omnibus</strong></span> <span class='ocrx_word' id='word_1_182' title='bbox 579 3130 736 3199; x_wconf 89' lang='lat' dir='ltr'><strong>membris</strong></span> <span class='ocrx_word' id='word_1_183' title='bbox 760 3129 920 3223; x_wconf 84' lang='lat' dir='ltr'><strong>expediti,</strong></span> <span class='ocrx_word' id='word_1_184' title='bbox 948 3131 1127 3203; x_wconf 88' lang='lat' dir='ltr'><strong>notissimis</strong></span> <span class='ocrx_word' id='word_1_185' title='bbox 1154 3131 1236 3203; x_wconf 88' lang='lat' dir='ltr'><strong>locis</strong></span> 
     </span>
     <span class='ocr_line' id='line_1_25' title="bbox 197 3249 1235 3344; baseline 0.001 -26"><span class='ocrx_word' id='word_1_186' title='bbox 197 3249 353 3320; x_wconf 80' lang='lat' dir='ltr'><strong>audenter</strong></span> <span class='ocrx_word' id='word_1_187' title='bbox 363 3249 428 3320; x_wconf 87' lang='lat' dir='ltr'><strong>tela</strong></span> <span class='ocrx_word' id='word_1_188' title='bbox 444 3251 662 3344; x_wconf 89' lang='lat' dir='ltr'><strong>conjicerent,</strong></span> <span class='ocrx_word' id='word_1_189' title='bbox 673 3264 707 3318; x_wconf 89' lang='lat' dir='ltr'><strong>et</strong></span> <span class='ocrx_word' id='word_1_190' title='bbox 726 3273 828 3342; x_wconf 89' lang='lat' dir='ltr'><strong>equos</strong></span> <span class='ocrx_word' id='word_1_191' title='bbox 837 3249 1035 3319; x_wconf 84' lang='lat' dir='ltr'><strong>insuefactos</strong></span> <span class='ocrx_word' id='word_1_192' title='bbox 1044 3251 1235 3321; x_wconf 84' lang='lat' dir='ltr'><strong>incitarent.</strong></span> 
     </span>
     <span class='ocr_line' id='line_1_26' title="bbox 198 3369 1331 3464; baseline 0 -27"><span class='ocrx_word' id='word_1_193' title='bbox 198 3369 330 3457; x_wconf 90' lang='lat' dir='ltr'><strong>Quibus</strong></span> <span class='ocrx_word' id='word_1_194' title='bbox 358 3371 458 3439; x_wconf 89' lang='lat' dir='ltr'><strong>rebus</strong></span> <span class='ocrx_word' id='word_1_195' title='bbox 485 3369 590 3440; x_wconf 90' lang='lat' dir='ltr'><strong>nostri</strong></span> <span class='ocrx_word' id='word_1_196' title='bbox 621 3370 806 3464; x_wconf 85' lang='lat' dir='ltr'><strong>perterriti,</strong></span> <span class='ocrx_word' id='word_1_197' title='bbox 837 3384 936 3462; x_wconf 83' lang='lat' dir='ltr'><strong>atque</strong></span> <span class='ocrx_word' id='word_1_198' title='bbox 965 3370 1065 3463; x_wconf 88' lang='lat' dir='ltr'><strong>hujus</strong></span> <span class='ocrx_word' id='word_1_199' title='bbox 1097 3371 1236 3439; x_wconf 89' lang='lat' dir='ltr'><strong>omnino</strong></span> <span class='ocrx_word' id='word_1_200' title='bbox 1328 3415 1331 3426; x_wconf 88' lang='lat'>·</span> 
     </span>
     <span class='ocr_line' id='line_1_27' title="bbox 197 3471 1237 3584; baseline 0.001 -27"><span class='ocrx_word' id='word_1_201' title='bbox 197 3491 326 3583; x_wconf 85' lang='lat' dir='ltr'><strong>generis</strong></span> <span class='ocrx_word' id='word_1_202' title='bbox 352 3513 471 3584; x_wconf 80' lang='lat' dir='ltr'><strong>pugnse</strong></span> <span class='ocrx_word' id='word_1_203' title='bbox 493 3490 658 3583; x_wconf 91' lang='lat' dir='ltr'><strong>imperiti,</strong></span> <span class='ocrx_word' id='word_1_204' title='bbox 682 3511 750 3556; x_wconf 91' lang='lat' dir='ltr'><strong>non</strong></span> <span class='ocrx_word' id='word_1_205' title='bbox 775 3487 889 3557; x_wconf 88' lang='lat' dir='ltr'><strong>eedem</strong></span> <span class='ocrx_word' id='word_1_206' title='bbox 915 3471 1084 3560; x_wconf 84' lang='lat' dir='ltr'><strong>alacritate</strong></span> <span class='ocrx_word' id='word_1_207' title='bbox 1106 3513 1145 3558; x_wconf 87' lang='lat' dir='ltr'><strong>ac</strong></span> <span class='ocrx_word' id='word_1_208' title='bbox 1168 3503 1237 3558; x_wconf 89' lang='lat' dir='ltr'><strong>stu·</strong></span> 
     </span>
     <span class='ocr_line' id='line_1_28' title="bbox 198 3607 1235 3704; baseline -0.001 -28"><span class='ocrx_word' id='word_1_209' title='bbox 198 3609 267 3694; x_wconf 91' lang='lat' dir='ltr'><strong>dio,</strong></span> <span class='ocrx_word' id='word_1_210' title='bbox 286 3635 352 3703; x_wconf 93' lang='lat' dir='ltr'><strong>quo</strong></span> <span class='ocrx_word' id='word_1_211' title='bbox 371 3611 405 3678; x_wconf 90' lang='lat' dir='ltr'><strong>in</strong></span> <span class='ocrx_word' id='word_1_212' title='bbox 425 3609 631 3704; x_wconf 85' lang='lat' dir='ltr'><strong>pedestribus</strong></span> <span class='ocrx_word' id='word_1_213' title='bbox 653 3610 702 3678; x_wconf 90' lang='lat' dir='ltr'><strong>uti</strong></span> <span class='ocrx_word' id='word_1_214' title='bbox 725 3607 848 3702; x_wconf 71' lang='lat' dir='ltr'><strong>praeliis</strong></span> <span class='ocrx_word' id='word_1_215' title='bbox 870 3622 1129 3693; x_wconf 87' lang='lat' dir='ltr'><strong>consueverant,</strong></span> <span class='ocrx_word' id='word_1_216' title='bbox 1150 3609 1235 3676; x_wconf 88' lang='lat' dir='ltr'><strong>nite-</strong></span> 
     </span>
     <span class='ocr_line' id='line_1_29' title="bbox 195 3727 326 3797; baseline 0 -2"><span class='ocrx_word' id='word_1_217' title='bbox 195 3727 326 3797; x_wconf 86' lang='lat' dir='ltr'><strong>bantur.</strong></span> 
     </span>
    </p>

    <p class='ocr_par' dir='ltr' id='par_1_4' title="bbox 196 3848 1236 4069">
     <span class='ocr_line' id='line_1_30' title="bbox 243 3848 1236 3943; baseline 0.003 -28"><span class='ocrx_word' id='word_1_218' title='bbox 243 3850 347 3916; x_wconf 83' lang='lat' dir='ltr'><strong>xxv.</strong></span> <span class='ocrx_word' id='word_1_219' title='bbox 376 3849 478 3938; x_wconf 90' lang='lat' dir='ltr'><strong>Quod</strong></span> <span class='ocrx_word' id='word_1_220' title='bbox 502 3851 558 3918; x_wconf 91' lang='lat' dir='ltr'><strong>ubi</strong></span> <span class='ocrx_word' id='word_1_221' title='bbox 579 3853 689 3920; x_wconf 81' lang='lat' dir='ltr'><strong>Caesar</strong></span> <span class='ocrx_word' id='word_1_222' title='bbox 712 3850 960 3936; x_wconf 85' lang='lat' dir='ltr'><strong>animadvertit,</strong></span> <span class='ocrx_word' id='word_1_223' title='bbox 985 3873 1084 3918; x_wconf 89' lang='lat' dir='ltr'><strong>naves</strong></span> <span class='ocrx_word' id='word_1_224' title='bbox 1106 3848 1236 3943; x_wconf 86' lang='lat' dir='ltr'><strong>longas,</strong></span> 
     </span>
     <span class='ocr_line' id='line_1_31' title="bbox 196 3971 1236 4069; baseline 0.003 -35"><span class='ocrx_word' id='word_1_225' title='bbox 196 3991 336 4058; x_wconf 82' lang='lat' dir='ltr'><strong>quarum</strong></span> <span class='ocrx_word' id='word_1_226' title='bbox 370 3983 402 4036; x_wconf 88' lang='lat' dir='ltr'><strong>et</strong></span> <span class='ocrx_word' id='word_1_227' title='bbox 433 3971 556 4064; x_wconf 90' lang='lat' dir='ltr'><strong>species</strong></span> <span class='ocrx_word' id='word_1_228' title='bbox 587 3983 656 4038; x_wconf 84' lang='lat' dir='ltr'><strong>eret</strong></span> <span class='ocrx_word' id='word_1_229' title='bbox 687 3971 835 4069; x_wconf 80' lang='lat' dir='ltr'><strong>barbaris</strong></span> <span class='ocrx_word' id='word_1_230' title='bbox 863 3971 1066 4056; x_wconf 83' lang='lat' dir='ltr'><strong>inusitatior,</strong></span> <span class='ocrx_word' id='word_1_231' title='bbox 1101 3984 1135 4037; x_wconf 89' lang='lat' dir='ltr'><strong>et</strong></span> <span class='ocrx_word' id='word_1_232' title='bbox 1166 3993 1236 4037; x_wconf 90' lang='lat' dir='ltr'><strong>mo·</strong></span> 
     </span>
    </p>
   </div>
   <div class='ocr_carea' id='block_1_3' title="bbox 0 0 1548 4766">
    <p class='ocr_par' dir='ltr' id='par_1_5' title="bbox 0 0 1548 4766">
     <span class='ocr_line' id='line_1_32' title="bbox 0 0 1548 4766; baseline 0 0"><span class='ocrx_word' id='word_1_233' title='bbox 0 0 1548 4766; x_wconf 95' lang='lat' dir='ltr'><strong> </strong></span> 
     </span>
    </p>
   </div>
  </div>
 </body>
</html>
