3088 4766
294 371 332 446 98
443 373 474 427 C.
494 372 779 429 JULIICAESARIS
801 373 1168 433 COMMENTARIORUM

294 522 365 568 rem
382 523 451 566 esse
470 497 694 592 impedimenti
716 496 801 566 loco.
813 529 829 562 r
850 498 903 568 Illi
922 525 1029 594 neque
1049 500 1171 596 legatos
1190 505 1328 572 Caesaris

294 620 453 713 recipere,
476 643 582 711 neque
608 616 789 712 periculum
813 635 969 712 praestare
992 645 1125 706 eorum,
1146 621 1202 692 sed
1223 637 1327 692 totam

272 829 273 832 Ἴ
293 761 363 806 nem
378 737 421 807 ad
440 739 634 832 Pompeium
651 738 785 832 rejicere
802 763 810 806 z
831 763 934 808 untrm
951 741 1090 827 instare,
1108 739 1149 809 de
1166 741 1326 828 induciis,

295 857 643 951 vehementissimeque
661 857 873 927 contendere
895 859 990 948 Quos
1014 860 1072 928 ubi
1094 863 1204 932 Caesar
1228 861 1325 931 intel·

295 975 374 1046 lenit
395 979 562 1073 presentis
579 976 717 1070 periculi
733 991 831 1072 atque
845 979 963 1072 inopie
984 979 1125 1048 vitandae
1142 1003 1243 1049 causa
1258 1005 1327 1050 om·

295 1125 370 1167 nem
384 1100 567 1168 orationem
581 1098 775 1184 instituisse,
791 1123 898 1191 neque
913 1096 1015 1167 ullam
1031 1123 1122 1192 spem
1139 1113 1197 1168 aut
1213 1100 1328 1169 condi-

294 1220 418 1287 tionem
434 1220 524 1311 pacis
540 1215 675 1302 efferre,
687 1215 727 1284 ad
744 1214 905 1309 reliquam
915 1219 1148 1312 cogitationem
1164 1217 1242 1288 belli
1259 1243 1327 1288 sese

294 1338 427 1431 recepit.

281 1485 283 1492 ·
343 1459 467 1528 XVIII.
488 1457 642 1545 Bibulus,
655 1457 776 1527 multos
796 1457 866 1540 dies
879 1472 968 1526 terra
986 1459 1190 1549 prohibitus,
1205 1472 1238 1528 et
1252 1485 1327 1554 gra·

295 1579 386 1646 viore
395 1578 511 1646 morbo
523 1601 563 1646 ex
576 1576 699 1670 frigore
712 1601 749 1645 ac
761 1575 874 1646 labore
888 1575 1085 1669 implicitus,
1102 1601 1205 1670 quum
1221 1603 1326 1672 neque

295 1699 404 1765 curari
418 1711 544 1790 posset,
558 1721 663 1790 neque
679 1711 867 1791 susceptum
884 1695 1032 1765 officium
1053 1696 1200 1766 deserere
1212 1696 1325 1786 vellet,

297 1818 362 1884 vim
380 1817 486 1884 morbi
504 1818 664 1885 sustinere
682 1840 749 1884 non
767 1817 885 1909 potuit.
908 1818 959 1884 Eo
980 1830 1134 1903 mortuo,
1153 1816 1196 1884 ad
1221 1819 1326 1886 nemi·

286 1959 371 2030 nem
394 1959 499 2002 unum
525 1958 651 2003 summa
676 1935 804 2030 imperii
826 1929 931 2019 redit3
959 1933 1016 2004 sed
1037 1936 1212 2029 seperatim
1232 1957 1326 2004 suem

295 2054 434 2147 quisque
453 2052 589 2122 classem
606 2053 648 2122 ad
668 2053 841 2122 arbitrium
865 2077 962 2122 suum
984 2053 1245 2124 administrabat„
1262 2054 1323 2126 vi-

294 2169 440 2258 butltus,
465 2172 577 2242 sedato
596 2170 762 2261 tumultu,
781 2197 879 2266 quem
900 2175 1090 2266 repentinus
1108 2175 1244 2244 Cesaris
1267 2173 1325 2243 ad·

295 2293 725 2379 ventusconcitaverat,ubi
736 2293 1019 2386 primum,rursus'
1028 2292 1176 2362 adhibito
1184 2295 1324 2383 Libone,

294 2423 329 2479 et
346 2415 384 2480 L.
404 2413 545 2481 Lucceio
565 2425 599 2480 et
615 2413 834 2506 Theophane,
859 2413 1053 2506 quibuscum
1079 2416 1324 2484 communicans

294 2531 336 2602 de
360 2533 510 2602 maximis
530 2534 627 2601 rebus
647 2533 822 2627 Pompeius
846 2547 1081 2618 consueverat,
1103 2531 1324 2604 demandatis

296 2653 433 2722 Cesaris
460 2677 556 2747 agore
581 2653 740 2738 instituit;
765 2677 840 2720 eum
869 2653 1052 2746 ingressum
1081 2653 1114 2719 in
1140 2677 1323 2740 sermopem

295 2774 471 2868 Pompeius
488 2770 728 2866 interpellavit,
745 2787 780 2840 et
797 2770 887 2866 loqui
905 2771 1000 2865 plum
1015 2771 1194 2865 probibuit.
1207 2773 1324 2861 «Quid

294 2893 396 2976 mihi,
410 2894 539 2987 lnquit,
557 2906 614 2960 aut
624 2892 775 2977 vita,aut
785 2892 918 2960 civitate
932 2916 1015 2985 opus
1031 2907 1100 2979 est,
1114 2916 1212 2986 quam
1226 2891 1324 2960 bene·

295 3011 371 3081 ficio
390 3011 528 3082 Caesaris
545 3011 667 3079 habere
682 3008 839 3079 videbor?
858 3011 952 3104 cujus
970 3011 1017 3080 rei
1035 3013 1147 3106 opinio
1167 3009 1236 3081 tolli
1255 3035 1323 3080 non

293 3132 433 3225 poterit,
448 3153 550 3224 quum
565 3131 598 3198 in
609 3128 753 3217 Italiam,
765 3154 876 3224 exque
890 3130 1155 3224 profectuosum,
1170 3131 1323 3201 reduetus

293 3249 542 3320 existimabor.»
559 3248 647 3320 Bello
665 3249 812 3344 ‘perfecto
822 3303 831 3333 ,
843 3251 884 3320 ab
904 3252 942 3320 iis
960 3255 1069 3321 Caesar
1085 3251 1154 3319 hec
1170 3251 1256 3321 facta
1270 3275 1325 3320 co·

205 3427 208 3436 ἡ
293 3371 427 3464 gnovit,
443 3372 500 3465 qui
517 3371 659 3440 sermoni
679 3369 1065 3440 interfueruntzconatus
1081 3385 1190 3438 umen
1207 3369 1329 3440 nihilo·-

293 3493 402 3558 minus
420 3505 486 3572 est,
510 3480 583 3559 aliis
600 3488 790 3558 rationibus
802 3513 860 3584 per
876 3487 1039 3581 colloquia
1057 3487 1097 3556 de
1116 3509 1195 3580 paee
1215 3511 1323 3581 agere.

339 3613 430 3678 xlx.
453 3613 545 3678 Inter
564 3609 643 3676 bina
662 3623 769 3678 castra
785 3607 929 3702 Pompeii
951 3621 1050 3699 atquc
1066 3606 1203 3676 Cassiis
1219 3629 1325 3675 unum

292 3729 416 3799 flumen
437 3744 564 3804 tantum
582 3729 737 3796 intererat
755 3733 878 3819 Apsus,
896 3725 1077 3818 crebraque
1095 3727 1181 3795 inter
1198 3749 1233 3796 se
1252 3725 1322 3817 ool·

293 3849 404 3944 loquia
419 3846 536 3916 milites
551 3847 729 3931 habebant;
743 3867 848 3937 neque
863 3842 973 3946 ullum·
985 3845 1117 3914 iuterim
1134 3843 1251 3934 telum,
1266 3870 1325 3940 per

293 3969 462 4062 pactiones
488 3964 761 4060 colloquentium,
786 3964 1062 4059 transjiciebatur.
1083 3967 1189 4036 Mittit
1212 3969 1248 4035 P.
1262 3968 1325 4036 Va·
