3068 4772
484 394 535 450 DE
556 393 677 452 BELLO
697 393 984 453 amomo.
1187 413 1240 467 177

214 522 375 592 firmiores
391 519 507 604 laetos,
524 534 583 588 aut
603 518 822 614 languidiores
843 523 1009 590 Romanos
1033 520 1241 592 animadver-

215 653 337 726 terent,
354 635 628 731 eludentibuaque
644 635 802 708 militibus
819 639 904 734 regis
921 651 1048 710 erarem
1064 653 1163 732 atque
1190 642 1242 710 in·

70 777 77 786 ·
213 758 418 842 firmitatem,
432 778 589 851 magnum
604 753 750 824 dolorem
767 757 964 850 acciperent,
979 781 1085 851 neque
1097 767 1131 826 se
1147 759 1242 852 quid.

213 901 311 969 quam
326 873 487 968 prolicere
502 872 665 957 viderent,
682 898 895 967 rumoresque
910 877 1104 963 existerent,
1121 901 1241 973 magna

213 994 333 1066 Cesari
348 992 498 1086 presidia
515 994 661 1062 terrestri
679 993 796 1062 itinere
812 995 905 1086 Syria
921 992 1101 1088 Ciliciaque
1117 995 1238 1066 adduci

211 1112 320 1208 (quod
338 1110 486 1182 nondum
502 1113 622 1182 cesari
641 1109 790 1180 auditum
808 1110 911 1205 erat),
930 1127 1164 1202 commeatum,
1181 1117 1240 1208 qni

212 1231 333 1300 nostris
352 1231 436 1298 mari
455 1227 724 1323 supportabatur,
743 1229 935 1323 intercipere
951 1244 1147 1300 statuerunt.
1173 1235 1240 1302 Ita-

211 1373 294 1443 que,
312 1347 469 1442 eapeditis
488 1348 642 1442 navigiis,
662 1345 744 1416 locis
774 1345 900 1416 idoneis
930 1347 984 1428 ad·
1002 1351 1173 1443 Canopum
1203 1353 1238 1420 in

211 1469 349 1536 statione
367 1465 532 1560 dispositis
548 1465 702 1551 navibus,
733 1465 971 1536 insidiabantur
999 1471 1120 1538 nostris
1151 1493 1240 1538 com·

211 1585 380 1655 meatibus.
395 1583 497 1675 Quod
513 1585 569 1654 ubi
582 1585 701 1654 Caesari
714 1585 900 1654 nuntiatum
915 1599 979 1673 est,
991 1583 1127 1656 classem
1141 1588 1238 1680 jubet

210 1705 357 1799 expediri
371 1719 470 1798 atque
482 1705 609 1774 instrui.
625 1703 763 1774 Praelicit
779 1705 856 1772 huic
873 1705 946 1773 Tib.
960 1706 1137 1775 Neronem.
1155 1710 1236 1775 Pro·

210 1821 401 1892 ficiscuntur
420 1825 453 1891 in
474 1845 512 1890 ea
528 1819 629 1892 classe
645 1801 768 1892 rhodie
783 1846 900 1908 naum,
919 1837 1017 1916 atque
1043 1825 1078 1894 in
1095 1823 1146 1894 his
1164 1827 1236 1894 Eu·

209 1942 371 2036 phranor,
388 1943 459 2011 sine
474 1933 541 2035 qud
569 1939 660 2010 nulla
691 1965 834 2034 unquam
866 1917 1032 2012 dimicatio
1056 1943 1235 2032 maritima,

209 2057 301 2128 nulla
312 2061 408 2129 etiam
421 2085 538 2154 pamm
551 2058 687 2128 feliciter
699 2059 847 2128 confecta
859 2074 939 2129 erat
952 2064 994 2130 At
1006 2059 1153 2149 fortuna,
1163 2085 1236 2154 quar

207 2177 402 2272 plerumque
417 2203 488 2261 eos,
506 2203 589 2272 quos
605 2177 754 2272 plurimis
772 2177 937 2248 benefieiis
955 2181 1098 2268 ornavit,
1117 2180 1159 2248 ad
1177 2180 1236 2250 du·

208 2299 329 2366 riorem
341 2321 452 2366 casum
461 2284 605 2370 reservat
614 2349 624 2382 ,
633 2298 838 2392 superiorum
852 2311 1037 2392 temporum
1048 2297 1234 2387 dissimilis,

207 2417 460 2510 Euphranorem
479 2414 745 2510 prosequebatur.
762 2418 864 2502 Nam,
881 2440 984 2508 quum
1001 2416 1043 2484 ad
1060 2420 1234 2510 Canopum

206 2549 342 2604 ventum
356 2549 455 2621 esset,
470 2536 695 2626 instructaque
714 2533 870 2626 utrinque
886 2531 996 2602 classis
1013 2535 1233 2620 conflixisset,
1321 2563 1324 2568 ·

208 2669 241 2722 et
259 2678 318 2722 sua
337 2651 572 2722 consuetudine
591 2653 790 2744 Euphranor
806 2651 931 2744 primus
958 2649 1111 2744 proelium
1143 2677 1233 2720 cona·

57 2768 61 2774 ’
206 2772 360 2852 misisset,
381 2785 415 2838 et
434 2768 499 2838 illic
518 2771 682 2837 triremem
701 2768 844 2836 hostium
870 2767 1083 2861 perforasset,
1114 2795 1154 2838 ac
1175 2769 1233 2838 de-

206 2893 389 2974 mersisset,
405 2890 587 2984 proximam
603 2886 734 2981 longius
752 2889 933 2975 insecutus,
950 2912 1068 2981 parum
1085 2887 1234 2958 celeriter
1324 2914 1328 2928 ¹

206 3008 452 3102 insequentibus
482 3004 630 3100 reliquis,
662 3007 902 3075 circumventus
932 3005 974 3074 ab
1004 3005 1233 3082 Alexandrinis

204 3141 262 3196 est.
288 3128 352 3196 Cui
370 3125 551 3196 subsidium
567 3149 663 3194 nemo
683 3123 775 3210 tulit,
796 3126 863 3194 sive
889 3124 979 3221 quod
995 3127 1030 3197 in
1057 3129 1129 3222 ipso
1155 3132 1233 3200 satis

205 3246 347 3340 praesidii
364 3271 425 3341 pro
442 3248 561 3315 virtute
576 3270 615 3315 ac
632 3244 785 3314 felicitate
803 3247 872 3338 ejus
891 3259 1045 3340 putarent
1063 3272 1147 3334 esse,
1165 3251 1233 3320 sire

205 3364 294 3460 quod
312 3366 375 3460 ipsi
404 3366 467 3435 sibi
482 3364 649 3434 timebant.
681 3369 794 3456 Itaque
824 3389 908 3434 unus
940 3389 981 3435 ex
1012 3369 1163 3438 omnibus
1192 3393 1232 3438 eo

204 3483 321 3578 proelio
340 3485 423 3555 bene
442 3507 512 3552 rem
532 3485 648 3578 gessit,
668 3481 757 3552 solus
774 3507 850 3552 cum
869 3476 935 3552 sua'
948 3485 1148 3578 quadriremi
1167 3490 1232 3557 ric-

205 3604 286 3673 trice
303 3605 408 3697 periit.

253 3725 374 3794 XXVI.
401 3725 470 3794 Sub
490 3723 576 3794 idem
597 3739 742 3818 tempus,
762 3720 971 3792 Mithridates
993 3725 1230 3818 Pergamenus,

205 3862 331 3935 magna·
347 3841 527 3912 nobilitatis
540 3843 647 3926 domi,
661 3844 867 3935 scientiaque
883 3841 918 3908 in
933 3837 1021 3909 bello
1038 3855 1071 3910 et
1086 3843 1229 3931 virtutis,

204 3957 277 4027 fidei
293 3958 525 4054 dignitatisque
539 3963 574 4030 in
591 3963 736 4032 amicitia
750 3961 901 4045 Cereris,
917 3961 1034 4030 missus
1048 3961 1083 4029 in
1101 3963 1228 4056 Syriam

346 4101 381 4146 rr.
1052 4103 1091 4150 ra
