3088 4766
504 322 555 380 nn
575 321 698 378 nanto
720 323 836 420 cruam
856 323 924 378 nso.
946 323 970 377 1.
1216 319 1255 380 st

226 445 391 527 bicorum,
404 445 446 512 de
463 437 691 540 quibustupia
704 417 965 514 demonstratum
978 459 1046 530 est,
1060 444 1254 539 imponunt,

226 580 326 658 atque
348 565 409 634 bos
429 565 570 655 premiis
590 561 950 658 pollicitationibusque
969 565 1119 632 incitant.
1136 538 1253 634 Certus

227 683 287 752 sibi
306 682 452 776 deposcit
468 705 568 750 naves
583 683 767 770 Domitius,
792 697 892 775 atque
916 681 975 752 has
997 679 1123 751 colonis
1144 695 1256 775 pasto-

227 803 397 894 ribusque,
411 825 493 893 quos
502 825 612 870 secum
623 798 823 887 adduxerat,
841 800 994 895 complet.
1010 804 1081 889 Sic,
1101 801 1256 872 omnibus

228 920 326 990 rebus
343 921 503 988 instructa
522 918 640 1007 classe,
657 944 776 1014 magna
798 918 920 990 fiducia
940 919 983 990 ad
1002 934 1131 990 nostras
1156 943 1257 990 naves

228 1038 430 1132 procedunt,
449 1039 569 1131 quibus
586 1053 724 1132 praeerat
745 1043 788 1108 D.
805 1043 936 1109 Brutus.
957 1042 1017 1107 Hae
1037 1038 1080 1108 ad
1099 1038 1256 1125 insulam,

228 1181 301 1249 quta
319 1171 366 1226 est
382 1171 498 1227 contra
517 1156 713 1244 Massiliam,
733 1158 892 1227 stationes
911 1157 1114 1228 obtinebant.

277 1278 379 1344 LVll.
407 1279 487 1346 Erat
510 1275 615 1345 multo
634 1275 771 1344 inlerior
798 1300 936 1346 numero
955 1278 1091 1346 navium
1111 1281 1255 1348 Brutus:

228 1393 284 1463 sed
298 1391 441 1464 delectos
454 1397 655 1464 exomnibus
667 1394 850 1490 legionibus
862 1395 1057 1466 fortissimos
1076 1399 1181 1486 viros,
1199 1422 1257 1466 an-

229 1515 431 1606 tesignanos,
449 1516 673 1602 centuriones,
688 1515 840 1584 Caesarei
856 1513 950 1583 classi
965 1516 1180 1604 attribuerat,
1199 1517 1257 1608 qui

230 1633 291 1700 sibi
304 1631 338 1699 id
359 1635 505 1702 muneris
531 1633 800 1727 depoposcerunt
820 1635 848 1702 li
872 1657 988 1702 manus
1012 1633 1134 1702 ferreas
1159 1648 1259 1727 atque

229 1749 434 1845 harpagones
469 1767 682 1846 paraverant,
712 1775 897 1846 magnoque
924 1775 1062 1820 numero
1094 1750 1258 1846 pilorum,

231 1868 449 1962 tragularum,
475 1869 742 1964 reliquorumque
771 1870 927 1956 telorum,
957 1895 991 1938 se
1023 1872 1257 1940 instruxerant.

229 1991 298 2078 lta,
316 1990 449 2082 cognito
465 1989 608 2060 hostium
627 1990 788 2078 adventu,
806 2015 881 2061 suas
898 2015 999 2060 naves
1012 2013 1052 2059 ex
1063 2005 1163 2084 portu
1180 1989 1259 2060 edu-

230 2125 324 2198 cunt,
340 2133 416 2179 cum
439 2108 699 2180 Massiliensibus
723 2099 917 2204 confligunt.
939 2113 1131 2204 Pugnatum
1152 2112 1259 2180 utrin-

231 2252 295 2324 que
305 2244 353 2298 est
373 2229 550 2298 fortissime
566 2243 666 2324 atque
682 2231 859 2317 acerrime3
872 2253 978 2323 neque
996 2229 1139 2300 multum
1149 2229 1259 2302 Albici

232 2351 351 2418 nostris
379 2351 501 2420 virtute
520 2349 700 2437 cedebant,
725 2351 877 2420 homines
909 2352 1016 2443 asperi
1036 2365 1070 2419 et
1094 2352 1260 2437 manuni,

232 2471 400 2539 exercitati
410 2472 443 2538 in
458 2471 558 2538 armis
568 2473 586 2536 ’τ
600 2483 698 2562 atque
714 2470 755 2553 ii,
772 2467 871 2537 modo
886 2467 1024 2561 digressi
1040 2493 1060 2537 a
1076 2468 1260 2538 Massilien-

232 2588 338 2676 sibus,
355 2603 520 2658 recentem
535 2611 650 2656 eorurn
673 2584 949 2681 pollicitationem
970 2587 1087 2657 animis
1113 2591 1263 2659 contine·

232 2706 327 2794 bant3
346 2721 559 2802 pastoresque
574 2705 744 2794 indomiti,
762 2729 820 2799 spe
836 2705 997 2776 libertatis
1020 2710 1173 2796 excitati,
1198 2710 1261 2778 sub

233 2826 337 2895 oculis
350 2826 475 2895 domiai
488 2849 583 2894 suam
598 2824 740 2919 probare
753 2849 889 2920 operam
903 2825 1093 2895 studebant.

282 2948 402 3014 LVlIl.
427 2945 495 3039 Ipsi
524 2943 762 3033 Massilienses,
787 2959 822 3016 et
844 2945 1012 3016 celeritate
1044 2945 1198 3036 navium,
1229 2961 1264 3016 et

227 3065 370 3133 ‘scientia
398 3064 657 3160 gubernatorum
678 3065 808 3154 conlisi,
832 3081 962 3136 nostros
983 3064 1180 3154 eludebant,
1202 3067 1263 3136 inr-

234 3196 395 3276 petusque
413 3208 529 3252 eorum
549 3186 757 3278 excipiebant
778 3211 786 3252 :
804 3200 857 3274 et,
880 3185 990 3279 quoad
1007 3184 1127 3255 beabat
1146 3183 1264 3255 latiore

235 3303 356 3396 spatio,
382 3302 542 3397 producta
575 3303 708 3398 longius
736 3306 827 3390 acie,
853 3306 1092 3374 circumvenire
1117 3319 1264 3393 nonnos,

235 3437 292 3491 aut
309 3422 461 3518 pluribus
480 3423 618 3493 navibus
635 3423 758 3492 adoriri
775 3422 943 3517 singulas,
962 3439 1020 3492 aut
1036 3447 1144 3492 remos
1155 3439 1264 3492 trans·

237 3557 404 3612 currentes
427 3541 621 3638 detergere,
640 3543 668 3611 ai
688 3557 842 3637 possent,
866 3540 1114 3612 contendebant
1133 3567 1141 3609 :
1160 3565 1264 3632 quum

236 3663 373 3755 propius
391 3677 463 3731 erat
481 3664 666 3732 necessario
678 3677 831 3752 sentum,
851 3661 893 3731 ab
910 3661 1046 3730 scientia
1061 3660 1266 3755 gubernato·

142 3772 147 3783 ’
237 3803 312 3848 rum
331 3795 429 3874 atque
447 3781 594 3852 artificiis
613 3782 655 3851 ad
671 3785 826 3852 virtutem
843 3797 1077 3852 monunorum
1094 3776 1266 3874 confugie-

238 3898 326 3966 bant.
346 3901 477 3983 Nostri,
499 3900 590 3994 quod
608 3903 718 3971 minus
735 3901 919 3972 exercitatis
936 3897 1115 3992 remigibus
1139 3899 1266 3966 minus·

1080 4013 1113 4086 3.
