3088 4766
514 381 565 440 DE
585 381 709 438 nanto
730 383 936 438 cavimus.
958 385 997 440 ll.
1236 387 1270 460 57

240 511 520 601 bernatornmque
545 527 664 602 magna
688 507 782 601 copia
816 508 1049 609 suppetebat),
1072 513 1274 603 piscatorias·

240 655 304 726 que
319 631 506 723 adjecerant
525 641 625 720 atque
643 641 880 713 contexerant,
900 641 939 696 ut
954 641 1063 696 essent
1080 629 1122 696 ab
1143 630 1209 699 ictu
1229 646 1289 702 te·-

240 747 347 820 lorum
366 749 504 842 remiges
518 748 580 816 tuti
597 747 679 814 thes
695 748 871 842 sagittariis
888 749 1126 840 tormentisque
1134 749 1274 845 comple·

240 883 369 938 verunt.
389 866 460 936 Tali
483 859 588 936 modo
599 868 757 935 instructa
776 865 896 956 classe,
914 871 1064 938 omnium
1083 871 1272 959 seniorum,

240 1004 383 1058 matrum
399 984 545 1075 familiae,
564 986 730 1081 virginum
750 989 903 1081 precibus
921 1003 955 1058 et
978 989 1058 1058 lletu
1072 993 1221 1079 excitati,
1239 1007 1273 1061 ct

240 1123 386 1178 extremo
399 1124 545 1201 tempore
559 1107 685 1177 civitati
704 1107 934 1195 subvenirent,
945 1133 1011 1178 non
1023 1111 1153 1180 minore
1163 1113 1272 1182 animo

239 1227 424 1314 acfiducia,
441 1251 541 1320 qnam
560 1241 635 1295 ante
650 1226 900 1312 dimicaverant,
919 1252 1018 1296 naves
1034 1231 1270 1300 conscendunt.

239 1347 417 1415 Communi
429 1346 516 1414 enim
528 1345 565 1414 fit
586 1346 668 1414 vitio
687 1359 830 1432 naturae,
845 1361 883 1416 ut
898 1348 1029 1437 invisis,
1048 1346 1271 1434 latitantibus,

239 1479 338 1558 atque
358 1465 533 1559 incognitis
552 1464 650 1534 rebus
670 1465 774 1557 magis
791 1463 1013 1553 confidamus,
1033 1468 1273 1538 vehementius·

239 1609 304 1678 que
316 1599 540 1654 exterreamus
556 1610 564 1652 ε
586 1599 624 1652 ut
637 1597 706 1652 tum
726 1583 853 1652 accidit.
866 1584 1035 1654 Adventus
1049 1588 1136 1654 enim
1151 1592 1188 1656 L.
1205 1589 1273 1656 Na·

239 1703 311 1772 sidii
324 1727 449 1773 summe
465 1728 522 1796 spe
537 1701 746 1772 etvoluntate
757 1703 923 1772 civitatem
933 1702 1163 1799 compleverat.
1175 1707 1272 1776 Nacti

159 1819 165 1828 ’
238 1822 394 1893 idoneum
410 1835 565 1909 ventum,
585 1845 626 1890 ex
646 1835 745 1916 portu
764 1836 902 1908 exeunt,
916 1835 949 1891 et
964 1825 1167 1913 Tauroenta,
1182 1825 1271 1919 quod

239 1957 289 2012 est
308 1939 477 2011 castellnm
497 1939 769 2028 Massiliensium,
788 1940 831 2009 ad
856 1941 1029 2010 Nasidium
1057 1944 1272 2035 perveniunt,

240 2062 352 2155 ibique
368 2085 468 2129 naves
487 2058 685 2153 expediunt,
703 2083 884 2153 rursusque
904 2085 940 2129 se
963 2061 1006 2130 ad
1025 2061 1269 2158 confligendum

240 2182 351 2250 animo
360 2180 577 2266 confirmant,
592 2194 626 2248 et
637 2177 775 2248 consilia
793 2181 1046 2250 communicent.
1059 2185 1183 2251 Dextra
1197 2207 1272 2276 pars

131 2323 141 2332 ·
239 2301 499 2372 Massiliensibus
519 2301 728 2389 attribuitur,
745 2289 875 2370 sinistra
892 2301 1039 2372 Nasidio.

286 2424 328 2489 V.
348 2421 476 2492 Eodem
497 2425 619 2490 Brutus
637 2418 823 2506 contendit,
845 2434 944 2489 aucto
968 2422 1102 2491 narium
1123 2445 1270 2492 numero.

240 2543 325 2612 Nam
345 2542 387 2609 ad
408 2567 477 2624 eas,
498 2565 572 2633 quse
597 2538 692 2608 factae
709 2538 839 2607 fuerant
856 2537 986 2608 Arelate
1008 2563 1069 2633 per
1092 2544 1271 2626 Caesmem,

242 2661 381 2754 ceptivae
394 2657 653 2728 Massiliensium
674 2669 880 2724 accesserant
897 2681 944 2726 vr.
963 2663 1030 2728 Has
1047 2660 1271 2753 superioribus

240 2779 397 2848 refecerat
414 2777 547 2862 diebus,
567 2788 666 2866 atque
692 2775 846 2844 omnibus
863 2777 962 2848 rebus
979 2779 1189 2846 instruxerat
1208 2783 1273 2848 lta·

238 2923 304 2990 que
330 2921 406 2965 suos
432 2893 639 2970 cohortatus,
664 2917 746 2987 quos
774 2895 917 2990 integros
940 2897 1202 2990 superavissent,
1233 2913 1271 2966 nt

240 3017 342 3084 victos
360 3025 629 3099 contemnerent,
646 3010 762 3108 plenus
780 3015 849 3108 spei
867 3015 962 3084 bonas
979 3029 1078 3110 atque
1093 3017 1195 3084 animi
1213 3017 1270 3085 ad·

240 3157 352 3202 versus
372 3157 428 3201 cos
442 3130 673 3226 proficiscitur.
699 3132 807 3202 Facile
830 3149 914 3223 erat,
938 3137 1110 3206 excestria
1135 3140 1172 3207 C.
1190 3141 1269 3206 Tre·

215 3235 218 3242 ¹
240 3253 331 3322 bonii
363 3268 462 3346 atque
482 3246 636 3321 omnibus
660 3255 885 3346 superioribus
903 3254 1000 3343 locis,
1030 3259 1217 3352 prospicere
1236 3260 1268 3325 in

239 3374 374 3460 urbem,
391 3389 428 3441 ut
446 3373 552 3441 omnis
569 3371 744 3462 juventus,
765 3397 837 3465 quse
855 3375 888 3442 in
908 3376 1031 3470 oppido
1050 3391 1268 3460 remanserat,

239 3517 417 3586 omnesque
434 3489 612 3585 superioris
629 3491 750 3574 aetatis,
768 3515 844 3560 cum
861 3490 972 3563 liberis
987 3510 1086 3588 atque
1112 3495 1268 3563 uxoribus

239 3612 442 3708 publicisque
452 3607 625 3698 custodiis,
642 3623 700 3678 aut
713 3634 754 3678 ex
764 3635 862 3680 muro
877 3611 919 3681 ad
931 3613 1050 3684 coelum
1068 3637 1183 3681 manus
1199 3627 1270 3680 ten·

239 3731 375 3819 derent,
399 3746 457 3800 aut
485 3727 608 3823 templa
634 3727 772 3798 deorum
797 3731 1032 3801 immortalium
1061 3731 1210 3817 adirent,
1238 3746 1269 3799 et

241 3863 316 3916 ante
342 3847 515 3917 simulacra
538 3847 675 3942 projecti
694 3849 864 3919 victoriam
889 3851 931 3919 ab
948 3851 1010 3920 diis
1025 3864 1238 3945 exposcerent
1259 3875 1267 3916 :

242 3989 348 4059 neque
376 3981 443 4033 erat
463 3967 636 4058 quisquam
661 3970 829 4056 omnium,
854 3974 933 4063 quin
958 3974 990 4040 in
1013 3975 1082 4062 ejus
1105 3972 1166 4038 (lici
1192 3994 1269 4038 casu
