3038 4766
291 354 328 408 62
451 358 599 414 C.JUL11
621 355 784 414 CAESARIS
805 353 1171 412 consummatorum

342 484 399 551 XI.
422 483 502 570 Quo
517 482 605 552 malo
624 483 792 576 perterriti
811 480 922 551 subito
938 479 1099 575 oppidani
1115 503 1212 566 sexa,
1228 503 1328 572 quem

293 604 435 672 maxima
466 617 623 697 possunt,
643 603 790 671 vectibus
815 614 1029 694 promovent,
1059 599 1327 694 praecipitetaque

295 747 390 791 muro
413 723 447 794 in
478 720 665 792 musculum
685 720 876 791 devolvunt.
896 723 1004 790 Ictum
1028 717 1165 788 firmitas
1185 719 1329 791 materiae

294 843 447 930 sustiuet;
465 857 515 928 et,
536 840 698 935 quidquid
715 840 851 930 incidit,
871 841 1003 935 fastigio
1022 837 1162 909 musculi
1177 835 1327 908 elabitur.

295 959 333 1028 Id
352 962 409 1030 ubi
431 960 560 1051 vident,
579 976 709 1030 mutant
735 960 910 1032 consilium
931 987 939 1028 z
959 985 1077 1054 cupas,
1098 959 1182 1028 teda
1200 983 1239 1028 ae
1257 959 1329 1052 pice

295 1081 448 1168 refertas,
469 1080 676 1167 incendunt,¹
689 1105 810 1175 easque
831 1081 873 1149 de
901 1105 997 1149 muro
1023 1081 1057 1147 in
1074 1077 1261 1148 musculum
1278 1077 1330 1146 de·

295 1197 444 1269 volvunt.
463 1199 623 1269 Involutae
639 1200 814 1289 labuntur,
824 1200 964 1295 delapsae
977 1201 1018 1269 ab
1033 1198 1191 1269 lateribus
1208 1197 1327 1294 longu-

295 1318 352 1386 riis
365 1317 530 1412 furcisque
548 1321 590 1389 ab
605 1345 706 1415 opere
719 1335 942 1390 removentur.
953 1319 1091 1388 Interim
1103 1319 1164 1388 sub
1176 1317 1329 1388 musculo

296 1434 415 1508 milites
434 1440 580 1509 vectibus
601 1439 714 1509 infima
730 1465 807 1510 saxa
821 1440 922 1509 turris
938 1440 1104 1526 bostium,
1118 1440 1239 1533 quibus
1255 1439 1330 1509 lun·

264 1649 269 1659 ¹
296 1555 449 1626 demente
471 1560 746 1656 continebantur,
768 1557 970 1629 convellunt.
990 1557 1163 1628 Musculus
1185 1583 1226 1628 ex
1244 1561 1328 1627 turri

296 1674 437 1746 lateritia
457 1703 476 1746 a
494 1680 615 1750 nostris
635 1678 709 1750 telis
728 1681 965 1774 tormentisque
982 1678 1170 1748 defenditur
1191 1705 1199 1747 :
1220 1678 1329 1747 hostes

296 1820 336 1865 ex
358 1821 455 1867 muro
484 1823 523 1867 ac
546 1799 693 1868 turribus
721 1800 959 1869 submoventur
984 1822 1080 1867 :non
1104 1797 1203 1866 datur
1228 1797 1330 1866 libera

296 1918 384 1984 muri
401 1917 595 1987 defendendi
610 1916 760 1988 facultas.
776 1918 1011 2012 Compluribus
1024 1919 1093 2010 jam
1103 1915 1271 2011 lapidibus
1288 1941 1328 1985 ex

296 2058 353 2123 ea,
370 2060 443 2128 quae
465 2036 613 2124 suberat,
639 2039 724 2106 turri
742 2036 929 2126 subductis,
949 2037 1121 2131 repentina
1137 2037 1234 2106 ruina
1251 2061 1328 2132 pars

296 2155 367 2247 ejus
384 2156 484 2224 turris
498 2156 651 2226 concidit.

344 2277 418 2344 ΧΠ.
446 2280 526 2347 Pars
551 2275 680 2370 reliqua
708 2301 914 2370 consequens
944 2277 1203 2371 procumbebat,
1226 2301 1328 2370 quum

296 2397 421 2483 hostes,
449 2397 539 2466 urbis
556 2397 740 2491 direptione
759 2397 942 2490 perterriti,
962 2399 1102 2466 inermes
1123 2422 1200 2466 cum
1219 2394 1329 2466 infulis

222 2510 230 2527 '
294 2539 367 2586 sese
389 2529 485 2609 porta
511 2515 597 2585 foras
623 2517 767 2584 universi
788 2517 998 2610 proripiunt,
1020 2514 1064 2584 ad
1081 2514 1205 2610 legatos
1230 2532 1330 2611 atque

295 2637 472 2704 exercitum
486 2633 650 2730 supplices
663 2660 779 2704 manus
794 2636 947 2705 tendunt.
963 2638 1040 2724 Qua
1051 2661 1138 2705 nova
1149 2659 1187 2705 re
1201 2636 1330 2725 oblate,

295 2757 402 2825 omnis
420 2754 659 2825 administratio
678 2755 756 2824 belli
778 2759 944 2846 consistit,
963 2756 1161 2850 militesque,
1183 2757 1287 2824 aversi
1310 2781 1331 2824 a

296 2876 432 2970 proelio,
456 2875 499 2944 ad
521 2874 666 2944 studium
687 2875 842 2945 audiendi
868 2893 902 2946 et
924 2878 1144 2973 cognoscendi
1164 2878 1328 2947 feruntur.

295 2995 363 3066 Ubi
381 2995 491 3064 hostes
521 2993 705 3089 adlegatos
732 2999 979 3091 exercitumque
997 3011 1233 3093 pervenerunt,
1258 2996 1330 3064 uni-

297 3117 382 3184 versi
397 3140 431 3183 se
448 3114 490 3183 ad
507 3114 605 3208 pedes
624 3116 802 3209 projiciunt
828 3143 835 3184 :
859 3132 979 3206 orant,
998 3148 1015 3183 n
1034 3133 1071 3188 ut
1090 3118 1249 3188 adventus
1261 3119 1330 3186 Cae-

298 3235 379 3302 saris
400 3249 606 3328 exspectetur
629 3261 637 3303 ε
660 3251 790 3331 captam
821 3261 914 3306 suam
937 3239 1052 3308 urbem
1081 3236 1208 3325 videre,
1230 3261 1332 3331 opera

296 3352 458 3448 perfecta,
483 3369 608 3423 turrem
633 3356 824 3443 subrutam,
852 3360 964 3452 itaque
989 3383 1009 3427 a
1035 3357 1224 3426 defensioue
1241 3357 1329 3424 desi-

297 3488 383 3543 stere
409 3500 417 3542 :
439 3473 563 3544 nullam
589 3477 710 3544 exoriri
728 3501 854 3570 moram
880 3501 990 3571 posse,
1012 3500 1078 3570 quo
1099 3475 1208 3542 minus
1225 3497 1329 3566 quum

297 3595 454 3682 venisset,
476 3595 503 3663 si
518 3596 679 3689 imperata
699 3621 767 3664 nou
783 3595 947 3681 facerent,
963 3595 1006 3663 ad
1023 3609 1141 3663 nutum
1158 3593 1331 3688 evestigio

298 3713 529 3810 diriperentur.
553 3719 698 3800 Ducent,
720 3715 746 3783 si
760 3715 897 3782 omnino
915 3715 1016 3782 turris
1033 3712 1244 3800 concidisset,
1262 3737 1330 3782 non

297 3857 391 3926 posse
404 3832 523 3903 milites
536 3834 714 3916 contineri,
732 3833 813 3924 quin
829 3857 887 3927 spe
900 3831 1017 3924 praedae
1033 3832 1068 3900 in
1084 3833 1200 3903 urbem
1212 3837 1332 3904 irrum-

298 3967 431 4045 perent,
448 3954 628 4047 urbemque
641 3950 796 4022 delerent.
812 3981 829 4020 n
846 3957 939 4040 llaec,
957 3967 1058 4047 atque
1072 3955 1220 4049 ejusdem
1238 3979 1331 4051 gene·
