3048 4770
397 391 471 452 ,un
493 389 614 446 nanno
636 391 800 446 csnnrco
823 390 892 445 nm.
912 389 947 444 11.
1170 391 1206 457 is

167 511 283 594 liebat;
300 537 377 580 nam
394 537 498 606 quum
517 527 609 582 tanta
625 512 806 582 multitudo
823 513 946 608 lapides
964 536 1003 580 ac
1022 513 1086 582 tela
1102 517 1202 608 couji·

167 646 300 716 cerem,
327 633 362 699 in
384 657 482 701 muro
505 632 704 701 consistendi
724 646 869 726 potestas
888 646 959 699 erat
979 630 1072 722 nulli.
1092 635 1206 722 Quum

166 752 266 820 linem
286 750 504 846 oppugnandi
525 777 593 820 nox
615 752 762 839 fecisset,
788 752 893 820 Iccius
917 755 1057 837 Remus,
1080 777 1205 821 summa

167 872 341 942 nobilitate
356 887 389 940 ct
405 872 512 966 gratia
529 873 617 942 inter
634 895 725 960 suos,
741 873 888 966 quitum
906 870 1030 965 oppido
1048 887 1206 966 praeerat,

167 1015 252 1060 unus
276 1017 316 1060 er
336 993 392 1077 iis,
415 993 475 1085 qui
495 990 594 1088 legati
615 993 656 1061 de
674 1017 754 1086 pace
779 992 821 1062 ad
844 995 1006 1061 Caesarem
1027 1007 1206 1074 venerant,

166 1113 300 1180 nuntios
318 1113 359 1180 ad
379 1136 456 1181 eum
472 1113 592 1200 mittit,
613 1113 677 1181 nisi
695 1112 884 1191 subsidium¹
899 1113 962 1180 sibi
978 1112 1207 1199 submittatur,

166 1255 233 1302 sese
247 1231 371 1302 diutius
392 1233 555 1300 sustinere
575 1256 643 1301 non
660 1256 764 1327 posse.

213 1355 285 1421 Vll.
304 1355 353 1420 Eo
369 1349 411 1419 de
431 1350 540 1448 media
561 1365 659 1420 nocte
675 1355 802 1440 Caesar,
820 1350 935 1420 iisdem
954 1351 1093 1422 ducibus
1112 1375 1207 1438 usus,

165 1473 222 1564 qui
239 1471 347 1540 nuntii
363 1471 406 1540 ab
424 1472 514 1541 lccio
526 1486 701 1559 venerant,
720 1470 900 1560 Numidas,
915 1486 950 1540 et
969 1474 1086 1542 Cretas
1107 1453 1208 1567 sagit·

168 1591 282 1678 tarios,
303 1605 337 1658 et
349 1589 535 1660 funditores
555 1590 708 1661 Baleares
724 1589 872 1660 subsidio
888 1591 1062 1686 oppidanis
1082 1594 1205 1664 mittit:

167 1732 311 1804 quorum
337 1708 483 1778 adventu
502 1724 536 1778 et
556 1687 691 1798 RemiS,
712 1735 789 1780 cum
811 1733 870 1804 spe
892 1709 1110 1798 defensionis,
1136 1727 1208 1780 stu·

170 1833 257 1902 bum
273 1828 507 1924 propugnandi
524 1831 680 1924 accessit,
696 1845 730 1899 et
744 1828 896 1900 hostibus
917 1828 1032 1900 eadem
1051 1829 1093 1899 de
1109 1855 1208 1900 causa

166 1974 240 2043 spes
263 1948 419 2042 potiundi
449 1949 563 2044 oppidi
590 1949 748 2020 discessit.
773 1953 905 2044 ltaque,
927 1947 1095 2044 paulisper
1118 1950 1208 2044 apud

164 2069 326 2163 oppidum
342 2071 478 2154 morati,
493 2093 657 2166 agrosque
676 2074 857 2140 Remorum
874 2067 1084 2165 depopulati,
1100 2071 1209 2140 omni·

169 2193 228 2262 bus
242 2191 324 2258 vicis
344 2188 570 2283 aedificiisque,
586 2213 670 2282 quos
687 2188 779 2259 adire
796 2204 967 2284 poterant,
984 2191 1145 2278 incensis,
1164 2189 1208 2260 ad

163 2326 271 2382 cestra
286 2310 425 2380 Caesaris
441 2309 595 2378 omnibus
614 2310 719 2403 copiis
739 2309 996 2398 contenderunt,
1019 2324 1052 2380 et
1070 2311 1112 2380 ab
1134 2309 1208 2380 mil·

165 2432 251 2501 libus
271 2454 426 2525 passumn
447 2431 558 2498 minus
582 2453 608 2499 11
629 2443 736 2500 castra
755 2445 940 2524 posuerunt
960 2455 969 2498 :
990 2456 1064 2525 quae
1085 2448 1207 2520 castra,

169 2568 205 2622 ut
223 2553 317 2620 fumo
341 2565 441 2644 atque
460 2551 593 2644 ignibus
613 2550 875 2646 significabatur,
897 2549 1041 2644 amplius
1061 2551 1208 2623 millibus

163 2697 322 2768 passuum
340 2693 403 2740 vm
420 2672 456 2738 in
475 2667 683 2740 latitudinem
700 2671 866 2764 patebant.

212 2795 305 2863 VIII.
321 2794 432 2862 Caesar
449 2793 572 2885 primo,
588 2805 622 2860 et
634 2806 770 2886 propter
783 2773 1032 2861 multitudinem
1045 2793 1206 2882 bostium,

162 2927 197 2982 et
217 2927 356 3007 propter
371 2913 526 2982 eximiam
547 2911 737 3005 opinionem
757 2913 906 3000 virtutis,
923 2911 1042 3007 proelio
1062 2937 1209 3009 superse·

163 3031 244 3100 dere
268 3034 385 3102 statuit
406 3057 414 3100 τ
437 3030 586 3125 quotidie
606 3045 717 3100 tamen
742 3031 948 3124 equestribus
964 3031 1106 3126 proeliis,
1125 3034 1207 3128 quid

164 3151 271 3222 hostis
290 3154 415 3222 virtute
431 3166 557 3246 posset,
573 3166 608 3222 et
626 3149 708 3245 quid
723 3152 829 3222 nostri
844 3151 1024 3240 auderent,
1043 3153 1208 3249 periclita-

161 3273 272 3344 batur.
284 3273 352 3343 Ubi
365 3285 495 3342 nostros
508 3296 576 3341 non
590 3296 660 3342 esse
674 3270 845 3342 inferiores
861 3271 1037 3362 intellexit,
1055 3273 1129 3343 loco
1144 3299 1207 3368 pro

160 3393 294 3477 castris,
314 3391 356 3461 ad
374 3393 478 3462 aciem
505 3390 733 3462 instruendam
753 3405 872 3462 natura
895 3409 1087 3487 opportuno
1107 3408 1207 3487 atque

162 3511 286 3582 idoneo
312 3511 424 3608 (quod
444 3513 472 3582 is
489 3508 598 3598 collis,
621 3511 678 3580 ubi
700 3526 805 3581 castra
827 3513 934 3606 posita
953 3527 1068 3599 erant,
1091 3511 1207 3606 paulu·

161 3631 234 3702 lum
254 3657 295 3702 ex
315 3631 454 3726 planitie
471 3630 594 3720 editus,
617 3646 746 3701 tanturn
767 3632 924 3702 adversus
940 3634 976 3701 in
996 3631 1206 3701 latitudinem

159 3753 313 3848 patebat,
331 3768 495 3847 quantum
516 3750 580 3822 loci
597 3752 683 3822 acies
701 3753 863 3822 instructa
878 3775 1041 3845 occupare
1056 3765 1206 3845 poterat,

158 3887 263 3966 atque
276 3898 316 3943 ex
332 3887 474 3988 utraguc
490 3887 585 3966 parte
604 3869 717 3942 lateris
731 3870 877 3968 dejectus
892 3871 1050 3958 habebat,
1068 3886 1102 3940 et
1117 3870 1205 3940 sron·

158 4009 232 4064 tem
247 3994 369 4064 leniter
385 3974 540 4088 faligatus
560 3989 719 4088 paulatim
740 3991 782 4062 ad
801 3989 973 4086 planitiem
990 3989 1149 4085 redibat),
1165 3987 1206 4058 ab
