<?xml version="1.0" encoding="UTF-8"?>
<!DOCTYPE html PUBLIC "-//W3C//DTD XHTML 1.0 Transitional//EN"
    "http://www.w3.org/TR/xhtml1/DTD/xhtml1-transitional.dtd">
<html xmlns="http://www.w3.org/1999/xhtml" xml:lang="en" lang="en">
 <head>
  <title>
</title>
<meta http-equiv="Content-Type" content="text/html;charset=utf-8" />
  <meta name='ocr-system' content='tesseract 3.04.00' />
  <meta name='ocr-capabilities' content='ocr_page ocr_carea ocr_par ocr_line ocrx_word'/>
</head>
<body>
  <div class='ocr_page' id='page_1' title='image "./cjcaesarisopera00caesgoog_0097.png"; bbox 0 0 3096 4762; ppageno 0'>
   <div class='ocr_carea' id='block_1_1' title="bbox 460 375 1247 451">
    <p class='ocr_par' dir='ltr' id='par_1_1' title="bbox 460 375 1247 451">
     <span class='ocr_line' id='line_1_1' title="bbox 460 375 1247 451; baseline -0.005 -11"><span class='ocrx_word' id='word_1_1' title='bbox 460 386 512 440; x_wconf 80' lang='lat' dir='ltr'><strong>nn</strong></span> <span class='ocrx_word' id='word_1_2' title='bbox 532 375 658 438; x_wconf 75' lang='lat' dir='ltr'><strong>emto·</strong></span> <span class='ocrx_word' id='word_1_3' title='bbox 672 383 835 439; x_wconf 74' lang='lat' dir='ltr'><strong>ountco</strong></span> <span class='ocrx_word' id='word_1_4' title='bbox 856 383 924 440; x_wconf 81' lang='lat' dir='ltr'><strong>uus.</strong></span> <span class='ocrx_word' id='word_1_5' title='bbox 941 383 992 438; x_wconf 80' lang='grc' dir='ltr'><strong>ιη.</strong></span> <span class='ocrx_word' id='word_1_6' title='bbox 1211 383 1247 451; x_wconf 73' lang='lat'><strong>75</strong></span> 
     </span>
    </p>
   </div>
   <div class='ocr_carea' id='block_1_2' title="bbox 211 506 1257 3474">
    <p class='ocr_par' dir='ltr' id='par_1_2' title="bbox 211 506 1257 3474">
     <span class='ocr_line' id='line_1_2' title="bbox 212 506 1248 603; baseline -0.002 -25"><span class='ocrx_word' id='word_1_7' title='bbox 212 511 348 603; x_wconf 85' lang='lat' dir='ltr'><strong>speratis</strong></span> <span class='ocrx_word' id='word_1_8' title='bbox 368 507 524 578; x_wconf 89' lang='lat' dir='ltr'><strong>omnibus</strong></span> <span class='ocrx_word' id='word_1_9' title='bbox 542 508 657 589; x_wconf 86' lang='lat' dir='ltr'><strong>rebus,</strong></span> <span class='ocrx_word' id='word_1_10' title='bbox 680 532 715 576; x_wconf 89' lang='lat' dir='ltr'><strong>se</strong></span> <span class='ocrx_word' id='word_1_11' title='bbox 739 533 800 601; x_wconf 91' lang='lat' dir='ltr'><strong>per</strong></span> <span class='ocrx_word' id='word_1_12' title='bbox 819 509 1020 576; x_wconf 75' lang='lat' dir='ltr'>munitiones</span> <span class='ocrx_word' id='word_1_13' title='bbox 1040 506 1196 601; x_wconf 87' lang='lat' dir='ltr'><strong>dejicere,</strong></span> <span class='ocrx_word' id='word_1_14' title='bbox 1215 523 1248 576; x_wconf 89' lang='lat' dir='ltr'><strong>ct</strong></span> 
     </span>
     <span class='ocr_line' id='line_1_3' title="bbox 215 626 1250 723; baseline -0.006 -23"><span class='ocrx_word' id='word_1_15' title='bbox 215 633 290 723; x_wconf 84' lang='lat' dir='ltr'><strong>luga</strong></span> <span class='ocrx_word' id='word_1_16' title='bbox 304 627 444 698; x_wconf 80' lang='lat' dir='ltr'><strong>salutem</strong></span> <span class='ocrx_word' id='word_1_17' title='bbox 464 640 577 720; x_wconf 87' lang='lat' dir='ltr'><strong>petere</strong></span> <span class='ocrx_word' id='word_1_18' title='bbox 593 626 845 696; x_wconf 88' lang='lat' dir='ltr'><strong>contenderunt.</strong></span> <span class='ocrx_word' id='word_1_19' title='bbox 862 627 956 714; x_wconf 86' lang='lat' dir='ltr'><strong>Quos</strong></span> <span class='ocrx_word' id='word_1_20' title='bbox 974 627 1140 718; x_wconf 82' lang='lat' dir='ltr'><strong>equitatus</strong></span> <span class='ocrx_word' id='word_1_21' title='bbox 1158 650 1250 718; x_wconf 86' lang='lat' dir='ltr'><strong>aper·</strong></span> 
     </span>
     <span class='ocr_line' id='line_1_4' title="bbox 211 745 1250 840; baseline -0.002 -26"><span class='ocrx_word' id='word_1_22' title='bbox 211 749 346 818; x_wconf 88' lang='lat' dir='ltr'><strong>tissirnis</strong></span> <span class='ocrx_word' id='word_1_23' title='bbox 363 747 487 840; x_wconf 84' lang='lat' dir='ltr'><strong>cantpis</strong></span> <span class='ocrx_word' id='word_1_24' title='bbox 505 759 724 833; x_wconf 89' lang='lat' dir='ltr'><strong>consectatus,</strong></span> <span class='ocrx_word' id='word_1_25' title='bbox 747 771 787 816; x_wconf 83' lang='lat' dir='ltr'><strong>ex</strong></span> <span class='ocrx_word' id='word_1_26' title='bbox 805 745 946 816; x_wconf 91' lang='lat' dir='ltr'><strong>millium</strong></span> <span class='ocrx_word' id='word_1_27' title='bbox 966 770 987 815; x_wconf 78' lang='lat' dir='ltr'><strong>u</strong></span> <span class='ocrx_word' id='word_1_28' title='bbox 1005 769 1160 833; x_wconf 89' lang='lat' dir='ltr'><strong>numero,</strong></span> <span class='ocrx_word' id='word_1_29' title='bbox 1178 769 1250 840; x_wconf 76' lang='lat' dir='ltr'><strong>quae</strong></span> 
     </span>
     <span class='ocr_line' id='line_1_5' title="bbox 211 865 1250 959; baseline -0.001 -25"><span class='ocrx_word' id='word_1_30' title='bbox 211 892 251 934; x_wconf 83' lang='lat' dir='ltr'><strong>cx</strong></span> <span class='ocrx_word' id='word_1_31' title='bbox 284 866 461 959; x_wconf 82' lang='lat' dir='ltr'><strong>Aquitania</strong></span> <span class='ocrx_word' id='word_1_32' title='bbox 491 866 732 958; x_wconf 79' lang='lat' dir='ltr'>Cantabrisque</span> <span class='ocrx_word' id='word_1_33' title='bbox 761 867 955 936; x_wconf 89' lang='lat' dir='ltr'><strong>convenisse</strong></span> <span class='ocrx_word' id='word_1_34' title='bbox 981 865 1169 952; x_wconf 85' lang='lat' dir='ltr'><strong>constabat,</strong></span> <span class='ocrx_word' id='word_1_35' title='bbox 1196 867 1250 933; x_wconf 85' lang='lat' dir='ltr'><strong>vix</strong></span> 
     </span>
     <span class='ocr_line' id='line_1_6' title="bbox 211 982 1201 1078; baseline 0.002 -28"><span class='ocrx_word' id='word_1_36' title='bbox 211 999 330 1077; x_wconf 75' lang='lat' dir='ltr'><strong>(quarta</strong></span> <span class='ocrx_word' id='word_1_37' title='bbox 350 999 445 1078; x_wconf 86' lang='lat' dir='ltr'><strong>parte</strong></span> <span class='ocrx_word' id='word_1_38' title='bbox 461 982 593 1071; x_wconf 88' lang='lat' dir='ltr'><strong>relicta,</strong></span> <span class='ocrx_word' id='word_1_39' title='bbox 612 984 719 1054; x_wconf 87' lang='lat' dir='ltr'><strong>multa</strong></span> <span class='ocrx_word' id='word_1_40' title='bbox 732 1001 828 1054; x_wconf 86' lang='lat' dir='ltr'><strong>nocte</strong></span> <span class='ocrx_word' id='word_1_41' title='bbox 842 1010 876 1054; x_wconf 90' lang='lat' dir='ltr'><strong>se</strong></span> <span class='ocrx_word' id='word_1_42' title='bbox 896 987 1053 1068; x_wconf 85' lang='lat' dir='ltr'><strong>incastra</strong></span> <span class='ocrx_word' id='word_1_43' title='bbox 1068 985 1201 1077; x_wconf 83' lang='lat' dir='ltr'><strong>recepit</strong></span> 
     </span>
     <span class='ocr_line' id='line_1_7' title="bbox 260 1101 1252 1200; baseline -0.002 -26"><span class='ocrx_word' id='word_1_44' title='bbox 260 1106 401 1174; x_wconf 81' lang='lat' dir='ltr'><strong>XXVII.</strong></span> <span class='ocrx_word' id='word_1_45' title='bbox 429 1105 502 1188; x_wconf 80' lang='lat' dir='ltr'><strong>Hac</strong></span> <span class='ocrx_word' id='word_1_46' title='bbox 528 1101 641 1173; x_wconf 87' lang='lat' dir='ltr'><strong>audita</strong></span> <span class='ocrx_word' id='word_1_47' title='bbox 666 1127 798 1200; x_wconf 82' lang='lat' dir='ltr'><strong>pugna,</strong></span> <span class='ocrx_word' id='word_1_48' title='bbox 820 1129 939 1200; x_wconf 76' lang='lat' dir='ltr'><strong>magna</strong></span> <span class='ocrx_word' id='word_1_49' title='bbox 963 1129 1039 1199; x_wconf 88' lang='lat' dir='ltr'><strong>pars</strong></span> <span class='ocrx_word' id='word_1_50' title='bbox 1065 1104 1252 1197; x_wconf 80' lang='lat' dir='ltr'><strong>Aquitaniae</strong></span> 
     </span>
     <span class='ocr_line' id='line_1_8' title="bbox 211 1220 1253 1318; baseline -0.002 -26"><span class='ocrx_word' id='word_1_51' title='bbox 211 1247 281 1292; x_wconf 82' lang='lat' dir='ltr'><strong>sese</strong></span> <span class='ocrx_word' id='word_1_52' title='bbox 295 1225 414 1293; x_wconf 81' lang='lat' dir='ltr'><strong>Crasso</strong></span> <span class='ocrx_word' id='word_1_53' title='bbox 431 1220 576 1309; x_wconf 82' lang='lat' dir='ltr'><strong>dedidit,</strong></span> <span class='ocrx_word' id='word_1_54' title='bbox 597 1223 793 1317; x_wconf 78' lang='lat' dir='ltr'><strong>obsidesque</strong></span> <span class='ocrx_word' id='word_1_55' title='bbox 811 1221 901 1293; x_wconf 85' lang='lat' dir='ltr'><strong>ultro</strong></span> <span class='ocrx_word' id='word_1_56' title='bbox 916 1226 1004 1294; x_wconf 87' lang='lat' dir='ltr'><strong>misit</strong></span> <span class='ocrx_word' id='word_1_57' title='bbox 1023 1250 1032 1291; x_wconf 75' lang='grc' dir='ltr'><strong>ε</strong></span> <span class='ocrx_word' id='word_1_58' title='bbox 1051 1249 1117 1318; x_wconf 92' lang='lat' dir='ltr'><strong>quo</strong></span> <span class='ocrx_word' id='word_1_59' title='bbox 1136 1225 1171 1292; x_wconf 89' lang='lat' dir='ltr'><strong>iu</strong></span> <span class='ocrx_word' id='word_1_60' title='bbox 1191 1247 1253 1290; x_wconf 90' lang='lat' dir='ltr'><strong>nu·</strong></span> 
     </span>
     <span class='ocr_line' id='line_1_9' title="bbox 212 1341 1252 1439; baseline -0.001 -27"><span class='ocrx_word' id='word_1_61' title='bbox 212 1367 305 1412; x_wconf 89' lang='lat' dir='ltr'><strong>mero</strong></span> <span class='ocrx_word' id='word_1_62' title='bbox 324 1341 641 1430; x_wconf 75' lang='lat' dir='ltr'><strong>fueruntTarbelli,</strong></span> <span class='ocrx_word' id='word_1_63' title='bbox 661 1345 884 1439; x_wconf 80' lang='lat' dir='ltr'><strong>bigerriones,</strong></span> <span class='ocrx_word' id='word_1_64' title='bbox 910 1345 1076 1432; x_wconf 86' lang='lat' dir='ltr'><strong>Preciani,</strong></span> <span class='ocrx_word' id='word_1_65' title='bbox 1095 1345 1252 1428; x_wconf 88' lang='lat' dir='ltr'><strong>Vocates,</strong></span> 
     </span>
     <span class='ocr_line' id='line_1_10' title="bbox 211 1461 1252 1551; baseline -0.001 -19"><span class='ocrx_word' id='word_1_66' title='bbox 211 1466 404 1545; x_wconf 79' lang='lat' dir='ltr'><strong>Tarusates,</strong></span> <span class='ocrx_word' id='word_1_67' title='bbox 424 1461 589 1549; x_wconf 85' lang='lat' dir='ltr'><strong>Elusates,</strong></span> <span class='ocrx_word' id='word_1_68' title='bbox 613 1465 759 1551; x_wconf 86' lang='lat' dir='ltr'><strong>Garites,</strong></span> <span class='ocrx_word' id='word_1_69' title='bbox 780 1466 894 1551; x_wconf 80' lang='lat' dir='ltr'><strong>Ausci,</strong></span> <span class='ocrx_word' id='word_1_70' title='bbox 916 1465 1095 1550; x_wconf 90' lang='lat' dir='ltr'><strong>Garumni,</strong></span> <span class='ocrx_word' id='word_1_71' title='bbox 1115 1462 1252 1532; x_wconf 87' lang='lat' dir='ltr'><strong>Sibuaa·</strong></span> 
     </span>
     <span class='ocr_line' id='line_1_11' title="bbox 213 1582 1254 1676; baseline 0.001 -25"><span class='ocrx_word' id='word_1_72' title='bbox 213 1598 279 1669; x_wconf 84' lang='lat' dir='ltr'><strong>tes,</strong></span> <span class='ocrx_word' id='word_1_73' title='bbox 301 1584 490 1652; x_wconf 82' lang='lat' dir='ltr'><strong>Cocosates.</strong></span> <span class='ocrx_word' id='word_1_74' title='bbox 517 1583 635 1652; x_wconf 77' lang='lat' dir='ltr'><strong>Paucae</strong></span> <span class='ocrx_word' id='word_1_75' title='bbox 660 1582 783 1653; x_wconf 85' lang='lat' dir='ltr'><strong>ultimae</strong></span> <span class='ocrx_word' id='word_1_76' title='bbox 806 1585 972 1670; x_wconf 88' lang='lat' dir='ltr'><strong>nationes,</strong></span> <span class='ocrx_word' id='word_1_77' title='bbox 999 1585 1078 1654; x_wconf 89' lang='lat' dir='ltr'><strong>anni</strong></span> <span class='ocrx_word' id='word_1_78' title='bbox 1104 1597 1254 1676; x_wconf 84' lang='lat' dir='ltr'><strong>tempore</strong></span> 
     </span>
     <span class='ocr_line' id='line_1_12' title="bbox 213 1700 1197 1796; baseline 0.001 -27"><span class='ocrx_word' id='word_1_79' title='bbox 213 1701 364 1788; x_wconf 83' lang='lat' dir='ltr'><strong>confisae,</strong></span> <span class='ocrx_word' id='word_1_80' title='bbox 379 1700 470 1794; x_wconf 94' lang='lat' dir='ltr'><strong>quod</strong></span> <span class='ocrx_word' id='word_1_81' title='bbox 485 1701 590 1770; x_wconf 91' lang='lat' dir='ltr'><strong>hiems</strong></span> <span class='ocrx_word' id='word_1_82' title='bbox 604 1703 754 1789; x_wconf 89' lang='lat' dir='ltr'><strong>suberat,</strong></span> <span class='ocrx_word' id='word_1_83' title='bbox 768 1703 832 1772; x_wconf 89' lang='lat' dir='ltr'><strong>hoc</strong></span> <span class='ocrx_word' id='word_1_84' title='bbox 849 1703 956 1772; x_wconf 84' lang='lat' dir='ltr'><strong>facere</strong></span> <span class='ocrx_word' id='word_1_85' title='bbox 970 1701 1197 1796; x_wconf 82' lang='lat' dir='ltr'><strong>neglexerunt.</strong></span> 
     </span>
     <span class='ocr_line' id='line_1_13' title="bbox 260 1819 1255 1915; baseline -0.002 -25"><span class='ocrx_word' id='word_1_86' title='bbox 260 1823 420 1892; x_wconf 84' lang='lat' dir='ltr'><strong>XXVlll.</strong></span> <span class='ocrx_word' id='word_1_87' title='bbox 446 1819 570 1890; x_wconf 87' lang='lat' dir='ltr'><strong>Eodem</strong></span> <span class='ocrx_word' id='word_1_88' title='bbox 589 1821 658 1890; x_wconf 82' lang='lat' dir='ltr'><strong>fere</strong></span> <span class='ocrx_word' id='word_1_89' title='bbox 673 1835 839 1915; x_wconf 88' lang='lat' dir='ltr'><strong>tempore,</strong></span> <span class='ocrx_word' id='word_1_90' title='bbox 857 1824 983 1907; x_wconf 81' lang='lat' dir='ltr'><strong>Caesar,</strong></span> <span class='ocrx_word' id='word_1_91' title='bbox 1001 1823 1063 1891; x_wconf 85' lang='lat' dir='ltr'><strong>etsi</strong></span> <span class='ocrx_word' id='word_1_92' title='bbox 1079 1845 1183 1915; x_wconf 89' lang='lat' dir='ltr'><strong>prope</strong></span> <span class='ocrx_word' id='word_1_93' title='bbox 1200 1845 1255 1889; x_wconf 82' lang='lat' dir='ltr'><strong>ex-</strong></span> 
     </span>
     <span class='ocr_line' id='line_1_14' title="bbox 214 1938 1253 2035; baseline -0.004 -24"><span class='ocrx_word' id='word_1_94' title='bbox 214 1957 288 2012; x_wconf 86' lang='lat' dir='ltr'><strong>acta</strong></span> <span class='ocrx_word' id='word_1_95' title='bbox 303 1943 373 2035; x_wconf 90' lang='lat' dir='ltr'><strong>jam</strong></span> <span class='ocrx_word' id='word_1_96' title='bbox 392 1955 485 2010; x_wconf 81' lang='lat' dir='ltr'><strong>aestas</strong></span> <span class='ocrx_word' id='word_1_97' title='bbox 504 1955 595 2018; x_wconf 83' lang='lat' dir='ltr'><strong>erat,</strong></span> <span class='ocrx_word' id='word_1_98' title='bbox 612 1954 740 2028; x_wconf 91' lang='lat' dir='ltr'><strong>tamen,</strong></span> <span class='ocrx_word' id='word_1_99' title='bbox 760 1939 864 2034; x_wconf 93' lang='lat' dir='ltr'><strong>quod,</strong></span> <span class='ocrx_word' id='word_1_100' title='bbox 882 1942 975 2009; x_wconf 90' lang='lat' dir='ltr'><strong>omni</strong></span> <span class='ocrx_word' id='word_1_101' title='bbox 993 1938 1103 2009; x_wconf 87' lang='lat' dir='ltr'><strong>Gallia</strong></span> <span class='ocrx_word' id='word_1_102' title='bbox 1121 1954 1253 2033; x_wconf 88' lang='lat' dir='ltr'><strong>pacata,</strong></span> 
     </span>
     <span class='ocr_line' id='line_1_15' title="bbox 213 2061 1254 2156; baseline -0.003 -26"><span class='ocrx_word' id='word_1_103' title='bbox 213 2062 339 2130; x_wconf 88' lang='lat' dir='ltr'><strong>Morini</strong></span> <span class='ocrx_word' id='word_1_104' title='bbox 354 2062 569 2156; x_wconf 80' lang='lat' dir='ltr'><strong>Menapiique</strong></span> <span class='ocrx_word' id='word_1_105' title='bbox 586 2075 796 2154; x_wconf 80' lang='lat' dir='ltr'><strong>supererant,</strong></span> <span class='ocrx_word' id='word_1_106' title='bbox 813 2061 870 2154; x_wconf 93' lang='lat' dir='ltr'><strong>qui</strong></span> <span class='ocrx_word' id='word_1_107' title='bbox 888 2061 921 2128; x_wconf 92' lang='lat' dir='ltr'><strong>in</strong></span> <span class='ocrx_word' id='word_1_108' title='bbox 942 2061 1042 2130; x_wconf 88' lang='lat' dir='ltr'><strong>armis</strong></span> <span class='ocrx_word' id='word_1_109' title='bbox 1057 2074 1181 2147; x_wconf 88' lang='lat' dir='ltr'><strong>essent,</strong></span> <span class='ocrx_word' id='word_1_110' title='bbox 1197 2084 1254 2128; x_wconf 90' lang='lat' dir='ltr'><strong>ne·</strong></span> 
     </span>
     <span class='ocr_line' id='line_1_16' title="bbox 214 2179 1255 2276; baseline -0.002 -26"><span class='ocrx_word' id='word_1_111' title='bbox 214 2207 279 2275; x_wconf 93' lang='lat' dir='ltr'><strong>que</strong></span> <span class='ocrx_word' id='word_1_112' title='bbox 295 2181 337 2250; x_wconf 91' lang='lat' dir='ltr'><strong>ad</strong></span> <span class='ocrx_word' id='word_1_113' title='bbox 354 2205 430 2249; x_wconf 87' lang='lat' dir='ltr'><strong>eum</strong></span> <span class='ocrx_word' id='word_1_114' title='bbox 450 2205 597 2274; x_wconf 91' lang='lat' dir='ltr'><strong>unquam</strong></span> <span class='ocrx_word' id='word_1_115' title='bbox 622 2179 747 2276; x_wconf 84' lang='lat' dir='ltr'><strong>legatos</strong></span> <span class='ocrx_word' id='word_1_116' title='bbox 762 2181 804 2249; x_wconf 92' lang='lat' dir='ltr'><strong>de</strong></span> <span class='ocrx_word' id='word_1_117' title='bbox 822 2205 902 2276; x_wconf 82' lang='lat' dir='ltr'><strong>pace</strong></span> <span class='ocrx_word' id='word_1_118' title='bbox 920 2182 1097 2266; x_wconf 86' lang='lat' dir='ltr'><strong>misissent,</strong></span> <span class='ocrx_word' id='word_1_119' title='bbox 1117 2181 1255 2250; x_wconf 88' lang='lat' dir='ltr'><strong>arbitra-</strong></span> 
     </span>
     <span class='ocr_line' id='line_1_17' title="bbox 216 2299 1254 2394; baseline 0 -26"><span class='ocrx_word' id='word_1_120' title='bbox 216 2315 269 2370; x_wconf 86' lang='lat' dir='ltr'><strong>tus</strong></span> <span class='ocrx_word' id='word_1_121' title='bbox 290 2300 325 2369; x_wconf 93' lang='lat' dir='ltr'><strong>id</strong></span> <span class='ocrx_word' id='word_1_122' title='bbox 343 2299 467 2369; x_wconf 90' lang='lat' dir='ltr'><strong>bellum</strong></span> <span class='ocrx_word' id='word_1_123' title='bbox 485 2300 636 2370; x_wconf 89' lang='lat' dir='ltr'><strong>celeriter</strong></span> <span class='ocrx_word' id='word_1_124' title='bbox 656 2299 774 2370; x_wconf 86' lang='lat' dir='ltr'><strong>confici</strong></span> <span class='ocrx_word' id='word_1_125' title='bbox 796 2326 907 2394; x_wconf 89' lang='lat' dir='ltr'><strong>posse,</strong></span> <span class='ocrx_word' id='word_1_126' title='bbox 930 2327 970 2371; x_wconf 92' lang='lat' dir='ltr'><strong>eo</strong></span> <span class='ocrx_word' id='word_1_127' title='bbox 993 2303 1174 2370; x_wconf 82' lang='lat' dir='ltr'><strong>exercitum</strong></span> <span class='ocrx_word' id='word_1_128' title='bbox 1196 2300 1254 2368; x_wconf 88' lang='lat' dir='ltr'><strong>ad·</strong></span> 
     </span>
     <span class='ocr_line' id='line_1_18' title="bbox 215 2417 1254 2514; baseline -0.002 -25"><span class='ocrx_word' id='word_1_129' title='bbox 215 2419 311 2489; x_wconf 83' lang='lat' dir='ltr'><strong>duxit</strong></span> <span class='ocrx_word' id='word_1_130' title='bbox 332 2443 339 2488; x_wconf 82' lang='lat' dir='ltr'><strong>t</strong></span> <span class='ocrx_word' id='word_1_131' title='bbox 366 2421 423 2513; x_wconf 92' lang='lat' dir='ltr'><strong>qui</strong></span> <span class='ocrx_word' id='word_1_132' title='bbox 442 2418 540 2514; x_wconf 82' lang='lat' dir='ltr'><strong>longe</strong></span> <span class='ocrx_word' id='word_1_133' title='bbox 562 2418 626 2488; x_wconf 85' lang='lat' dir='ltr'><strong>alia</strong></span> <span class='ocrx_word' id='word_1_134' title='bbox 646 2421 788 2507; x_wconf 89' lang='lat' dir='ltr'><strong>ratione,</strong></span> <span class='ocrx_word' id='word_1_135' title='bbox 810 2444 849 2488; x_wconf 89' lang='lat' dir='ltr'><strong>ac</strong></span> <span class='ocrx_word' id='word_1_136' title='bbox 866 2420 985 2514; x_wconf 89' lang='lat' dir='ltr'><strong>reliqui</strong></span> <span class='ocrx_word' id='word_1_137' title='bbox 1006 2419 1110 2508; x_wconf 84' lang='lat' dir='ltr'><strong>Galli,</strong></span> <span class='ocrx_word' id='word_1_138' title='bbox 1129 2417 1254 2488; x_wconf 91' lang='lat' dir='ltr'><strong>bellum</strong></span> 
     </span>
     <span class='ocr_line' id='line_1_19' title="bbox 215 2536 1256 2635; baseline -0.002 -27"><span class='ocrx_word' id='word_1_139' title='bbox 215 2564 313 2635; x_wconf 85' lang='lat' dir='ltr'><strong>agere</strong></span> <span class='ocrx_word' id='word_1_140' title='bbox 328 2541 552 2609; x_wconf 88' lang='lat' dir='ltr'><strong>instituerunt.</strong></span> <span class='ocrx_word' id='word_1_141' title='bbox 565 2543 652 2616; x_wconf 86' lang='lat' dir='ltr'><strong>Nam</strong></span> <span class='ocrx_word' id='word_1_142' title='bbox 666 2538 757 2633; x_wconf 91' lang='lat' dir='ltr'><strong>quod</strong></span> <span class='ocrx_word' id='word_1_143' title='bbox 770 2536 1016 2634; x_wconf 83' lang='lat' dir='ltr'><strong>intelligebant,</strong></span> <span class='ocrx_word' id='word_1_144' title='bbox 1030 2541 1189 2608; x_wconf 81' lang='lat' dir='ltr'><strong>maximas</strong></span> <span class='ocrx_word' id='word_1_145' title='bbox 1201 2563 1256 2606; x_wconf 88' lang='lat' dir='ltr'><strong>na·</strong></span> 
     </span>
     <span class='ocr_line' id='line_1_20' title="bbox 215 2657 1256 2752; baseline -0.003 -23"><span class='ocrx_word' id='word_1_146' title='bbox 215 2663 337 2748; x_wconf 88' lang='lat' dir='ltr'><strong>tiones,</strong></span> <span class='ocrx_word' id='word_1_147' title='bbox 360 2682 433 2752; x_wconf 74' lang='lat' dir='ltr'><strong>quse</strong></span> <span class='ocrx_word' id='word_1_148' title='bbox 455 2657 573 2752; x_wconf 82' lang='lat' dir='ltr'><strong>proelio</strong></span> <span class='ocrx_word' id='word_1_149' title='bbox 598 2657 864 2744; x_wconf 88' lang='lat' dir='ltr'><strong>contendissent,</strong></span> <span class='ocrx_word' id='word_1_150' title='bbox 888 2657 997 2752; x_wconf 88' lang='lat' dir='ltr'><strong>pulsas</strong></span> <span class='ocrx_word' id='word_1_151' title='bbox 1020 2671 1256 2750; x_wconf 88' lang='lat' dir='ltr'><strong>superatasque</strong></span> 
     </span>
     <span class='ocr_line' id='line_1_21' title="bbox 214 2775 1256 2872; baseline -0.006 -22"><span class='ocrx_word' id='word_1_152' title='bbox 214 2803 301 2866; x_wconf 87' lang='lat' dir='ltr'><strong>esse,</strong></span> <span class='ocrx_word' id='word_1_153' title='bbox 322 2779 594 2869; x_wconf 90' lang='lat' dir='ltr'><strong>continentesque</strong></span> <span class='ocrx_word' id='word_1_154' title='bbox 613 2775 710 2846; x_wconf 86' lang='lat' dir='ltr'><strong>silvas</strong></span> <span class='ocrx_word' id='word_1_155' title='bbox 730 2802 767 2846; x_wconf 88' lang='lat' dir='ltr'><strong>ac</strong></span> <span class='ocrx_word' id='word_1_156' title='bbox 793 2775 930 2872; x_wconf 89' lang='lat' dir='ltr'><strong>paludes</strong></span> <span class='ocrx_word' id='word_1_157' title='bbox 951 2777 1138 2863; x_wconf 87' lang='lat' dir='ltr'><strong>habebant,</strong></span> <span class='ocrx_word' id='word_1_158' title='bbox 1157 2799 1197 2844; x_wconf 91' lang='lat' dir='ltr'><strong>eo</strong></span> <span class='ocrx_word' id='word_1_159' title='bbox 1222 2801 1256 2844; x_wconf 88' lang='lat' dir='ltr'><strong>se</strong></span> 
     </span>
     <span class='ocr_line' id='line_1_22' title="bbox 215 2894 1255 2993; baseline -0.004 -25"><span class='ocrx_word' id='word_1_160' title='bbox 215 2923 341 2993; x_wconf 88' lang='lat' dir='ltr'><strong>suaque</strong></span> <span class='ocrx_word' id='word_1_161' title='bbox 357 2895 469 2969; x_wconf 91' lang='lat' dir='ltr'><strong>omnia</strong></span> <span class='ocrx_word' id='word_1_162' title='bbox 484 2894 709 2966; x_wconf 88' lang='lat' dir='ltr'><strong>contulerunt.</strong></span> <span class='ocrx_word' id='word_1_163' title='bbox 724 2896 776 2966; x_wconf 83' lang='lat' dir='ltr'><strong>nd</strong></span> <span class='ocrx_word' id='word_1_164' title='bbox 791 2921 933 2990; x_wconf 85' lang='lat' dir='ltr'><strong>quarum</strong></span> <span class='ocrx_word' id='word_1_165' title='bbox 950 2897 1083 2966; x_wconf 91' lang='lat' dir='ltr'><strong>initium</strong></span> <span class='ocrx_word' id='word_1_166' title='bbox 1099 2895 1255 2966; x_wconf 86' lang='lat' dir='ltr'><strong>silvarum</strong></span> 
     </span>
     <span class='ocr_line' id='line_1_23' title="bbox 215 3016 1255 3112; baseline -0.003 -25"><span class='ocrx_word' id='word_1_167' title='bbox 215 3044 320 3112; x_wconf 91' lang='lat' dir='ltr'><strong>quum</strong></span> <span class='ocrx_word' id='word_1_168' title='bbox 340 3021 451 3088; x_wconf 86' lang='lat' dir='ltr'><strong>Caesar</strong></span> <span class='ocrx_word' id='word_1_169' title='bbox 469 3017 685 3110; x_wconf 86' lang='lat' dir='ltr'><strong>pervenisset,</strong></span> <span class='ocrx_word' id='word_1_170' title='bbox 705 3032 878 3112; x_wconf 88' lang='lat' dir='ltr'><strong>castraque</strong></span> <span class='ocrx_word' id='word_1_171' title='bbox 899 3018 1029 3086; x_wconf 88' lang='lat' dir='ltr'><strong>munire</strong></span> <span class='ocrx_word' id='word_1_172' title='bbox 1047 3016 1255 3101; x_wconf 87' lang='lat' dir='ltr'><strong>instituisset,</strong></span> 
     </span>
     <span class='ocr_line' id='line_1_24' title="bbox 216 3139 1256 3233; baseline 0 -27"><span class='ocrx_word' id='word_1_173' title='bbox 216 3164 323 3233; x_wconf 89' lang='lat' dir='ltr'><strong>neque</strong></span> <span class='ocrx_word' id='word_1_174' title='bbox 341 3141 444 3210; x_wconf 89' lang='lat' dir='ltr'><strong>bostis</strong></span> <span class='ocrx_word' id='word_1_175' title='bbox 466 3142 599 3211; x_wconf 92' lang='lat' dir='ltr'><strong>interim</strong></span> <span class='ocrx_word' id='word_1_176' title='bbox 620 3140 711 3210; x_wconf 85' lang='lat' dir='ltr'><strong>visus</strong></span> <span class='ocrx_word' id='word_1_177' title='bbox 727 3153 827 3228; x_wconf 86' lang='lat' dir='ltr'><strong>esset,</strong></span> <span class='ocrx_word' id='word_1_178' title='bbox 844 3139 998 3233; x_wconf 88' lang='lat' dir='ltr'><strong>dispersis</strong></span> <span class='ocrx_word' id='word_1_179' title='bbox 1016 3140 1050 3206; x_wconf 92' lang='lat' dir='ltr'><strong>in</strong></span> <span class='ocrx_word' id='word_1_180' title='bbox 1067 3161 1165 3231; x_wconf 90' lang='lat' dir='ltr'><strong>opere</strong></span> <span class='ocrx_word' id='word_1_181' title='bbox 1181 3161 1256 3206; x_wconf 89' lang='lat' dir='ltr'><strong>nos·</strong></span> 
     </span>
     <span class='ocr_line' id='line_1_25' title="bbox 216 3255 1255 3359; baseline -0.006 -29"><span class='ocrx_word' id='word_1_182' title='bbox 216 3261 295 3348; x_wconf 90' lang='lat' dir='ltr'><strong>tris,</strong></span> <span class='ocrx_word' id='word_1_183' title='bbox 309 3261 419 3332; x_wconf 89' lang='lat' dir='ltr'><strong>subito</strong></span> <span class='ocrx_word' id='word_1_184' title='bbox 432 3287 472 3330; x_wconf 86' lang='lat' dir='ltr'><strong>ex</strong></span> <span class='ocrx_word' id='word_1_185' title='bbox 488 3261 642 3331; x_wconf 86' lang='lat' dir='ltr'><strong>omnibus</strong></span> <span class='ocrx_word' id='word_1_186' title='bbox 658 3261 810 3359; x_wconf 86' lang='lat' dir='ltr'><strong>partibus</strong></span> <span class='ocrx_word' id='word_1_187' title='bbox 824 3256 913 3328; x_wconf 83' lang='lat' dir='ltr'><strong>silvae</strong></span> <span class='ocrx_word' id='word_1_188' title='bbox 927 3255 1158 3344; x_wconf 85' lang='lat' dir='ltr'><strong>evolaverunt,</strong></span> <span class='ocrx_word' id='word_1_189' title='bbox 1176 3258 1255 3325; x_wconf 91' lang='lat' dir='ltr'><strong>etin</strong></span> 
     </span>
     <span class='ocr_line' id='line_1_26' title="bbox 217 3378 1257 3474; baseline -0.005 -26"><span class='ocrx_word' id='word_1_190' title='bbox 217 3395 348 3450; x_wconf 90' lang='lat' dir='ltr'><strong>nostros</strong></span> <span class='ocrx_word' id='word_1_191' title='bbox 373 3382 532 3474; x_wconf 90' lang='lat' dir='ltr'><strong>impetum</strong></span> <span class='ocrx_word' id='word_1_192' title='bbox 553 3381 714 3450; x_wconf 75' lang='lat' dir='ltr'><strong>fecerunt,</strong></span> <span class='ocrx_word' id='word_1_193' title='bbox 737 3381 853 3450; x_wconf 86' lang='lat' dir='ltr'><strong>Nostri</strong></span> <span class='ocrx_word' id='word_1_194' title='bbox 880 3378 1030 3448; x_wconf 87' lang='lat' dir='ltr'><strong>celeriter</strong></span> <span class='ocrx_word' id='word_1_195' title='bbox 1051 3401 1142 3446; x_wconf 87' lang='lat' dir='ltr'><strong>arma</strong></span> <span class='ocrx_word' id='word_1_196' title='bbox 1163 3401 1257 3469; x_wconf 91' lang='lat' dir='ltr'><strong>cepe-</strong></span> 
     </span>
    </p>
   </div>
   <div class='ocr_carea' id='block_1_3' title="bbox 215 3497 1259 4070">
    <p class='ocr_par' dir='ltr' id='par_1_3' title="bbox 215 3497 1257 3834">
     <span class='ocr_line' id='line_1_27' title="bbox 215 3497 1257 3597; baseline -0.006 -27"><span class='ocrx_word' id='word_1_197' title='bbox 215 3515 313 3588; x_wconf 84' lang='lat' dir='ltr'><strong>runt,</strong></span> <span class='ocrx_word' id='word_1_198' title='bbox 337 3524 460 3593; x_wconf 89' lang='lat' dir='ltr'><strong>eosque</strong></span> <span class='ocrx_word' id='word_1_199' title='bbox 482 3503 516 3568; x_wconf 91' lang='lat' dir='ltr'><strong>in</strong></span> <span class='ocrx_word' id='word_1_200' title='bbox 539 3499 637 3568; x_wconf 85' lang='lat' dir='ltr'><strong>silvas</strong></span> <span class='ocrx_word' id='word_1_201' title='bbox 656 3498 870 3594; x_wconf 87' lang='lat' dir='ltr'><strong>repulerunt,</strong></span> <span class='ocrx_word' id='word_1_202' title='bbox 890 3513 937 3586; x_wconf 90' lang='lat' dir='ltr'><strong>et,</strong></span> <span class='ocrx_word' id='word_1_203' title='bbox 959 3497 1184 3597; x_wconf 81' lang='lat' dir='ltr'><strong>compluribus</strong></span> <span class='ocrx_word' id='word_1_204' title='bbox 1209 3500 1257 3564; x_wconf 94' lang='lat' dir='ltr'><strong>in·</strong></span> 
     </span>
     <span class='ocr_line' id='line_1_28' title="bbox 216 3617 1257 3714; baseline -0.002 -26"><span class='ocrx_word' id='word_1_205' title='bbox 216 3619 375 3704; x_wconf 85' lang='lat' dir='ltr'><strong>terfectis,</strong></span> <span class='ocrx_word' id='word_1_206' title='bbox 395 3618 526 3714; x_wconf 83' lang='lat' dir='ltr'><strong>longius</strong></span> <span class='ocrx_word' id='word_1_207' title='bbox 546 3618 812 3712; x_wconf 87' lang='lat' dir='ltr'><strong>impeditioribus</strong></span> <span class='ocrx_word' id='word_1_208' title='bbox 833 3617 913 3687; x_wconf 91' lang='lat' dir='ltr'><strong>locis</strong></span> <span class='ocrx_word' id='word_1_209' title='bbox 941 3619 1059 3701; x_wconf 91' lang='lat' dir='ltr'><strong>secuti,</strong></span> <span class='ocrx_word' id='word_1_210' title='bbox 1076 3641 1199 3709; x_wconf 91' lang='lat' dir='ltr'><strong>paucos</strong></span> <span class='ocrx_word' id='word_1_211' title='bbox 1218 3641 1257 3686; x_wconf 84' lang='lat' dir='ltr'><strong>ex</strong></span> 
     </span>
     <span class='ocr_line' id='line_1_29' title="bbox 215 3737 567 3834; baseline 0 -28"><span class='ocrx_word' id='word_1_212' title='bbox 215 3737 283 3808; x_wconf 88' lang='lat' dir='ltr'><strong>suis</strong></span> <span class='ocrx_word' id='word_1_213' title='bbox 298 3738 567 3834; x_wconf 88' lang='lat' dir='ltr'><strong>deperdiderunt.</strong></span> 
     </span>
    </p>

    <p class='ocr_par' dir='ltr' id='par_1_4' title="bbox 218 3855 1259 4070">
     <span class='ocr_line' id='line_1_30' title="bbox 264 3855 1259 3952; baseline -0.003 -25"><span class='ocrx_word' id='word_1_214' title='bbox 264 3861 388 3928; x_wconf 77' lang='lat' dir='ltr'><strong>xxix.</strong></span> <span class='ocrx_word' id='word_1_215' title='bbox 406 3856 555 3952; x_wconf 90' lang='lat' dir='ltr'><strong>Reliquis</strong></span> <span class='ocrx_word' id='word_1_216' title='bbox 571 3856 725 3950; x_wconf 88' lang='lat' dir='ltr'><strong>deinceps</strong></span> <span class='ocrx_word' id='word_1_217' title='bbox 746 3857 862 3928; x_wconf 89' lang='lat' dir='ltr'><strong>diebus</strong></span> <span class='ocrx_word' id='word_1_218' title='bbox 883 3863 993 3927; x_wconf 86' lang='lat' dir='ltr'><strong>Caesar</strong></span> <span class='ocrx_word' id='word_1_219' title='bbox 1012 3855 1109 3926; x_wconf 88' lang='lat' dir='ltr'><strong>silvas</strong></span> <span class='ocrx_word' id='word_1_220' title='bbox 1134 3855 1259 3926; x_wconf 78' lang='lat' dir='ltr'><strong>caedere</strong></span> 
     </span>
     <span class='ocr_line' id='line_1_31' title="bbox 218 3976 1259 4070; baseline -0.001 -26"><span class='ocrx_word' id='word_1_221' title='bbox 218 3979 375 4063; x_wconf 67' lang='lat' dir='ltr'><strong>instituit,</strong></span> <span class='ocrx_word' id='word_1_222' title='bbox 395 3992 444 4064; x_wconf 91' lang='lat' dir='ltr'><strong>ct,</strong></span> <span class='ocrx_word' id='word_1_223' title='bbox 466 3978 601 4070; x_wconf 91' lang='lat' dir='ltr'><strong>nequis</strong></span> <span class='ocrx_word' id='word_1_224' title='bbox 621 3977 801 4045; x_wconf 88' lang='lat' dir='ltr'><strong>inermibus</strong></span> <span class='ocrx_word' id='word_1_225' title='bbox 822 3977 1154 4070; x_wconf 86' lang='lat' dir='ltr'><strong>imprudentibusque</strong></span> <span class='ocrx_word' id='word_1_226' title='bbox 1173 3976 1259 4046; x_wconf 90' lang='lat' dir='ltr'><strong>mili·</strong></span> 
     </span>
    </p>
   </div>
   <div class='ocr_carea' id='block_1_4' title="bbox 0 0 1561 4762">
    <p class='ocr_par' dir='ltr' id='par_1_5' title="bbox 0 0 1561 4762">
     <span class='ocr_line' id='line_1_32' title="bbox 0 0 1561 4762; baseline 0 0"><span class='ocrx_word' id='word_1_227' title='bbox 0 0 1561 4762; x_wconf 95' lang='lat' dir='ltr'><strong> </strong></span> 
     </span>
    </p>
   </div>
  </div>
 </body>
</html>
