3042 4772
471 409 522 464 DE
542 409 664 466 BELLO
685 407 799 464 CIVlLl
820 407 890 463 ua.
907 407 962 462 111.
1176 409 1228 474 all

201 506 503 629 quasset,adbnnc
518 533 654 602 modum
672 534 774 602 aciem
791 533 864 626 ejus
881 533 1074 600 instructam
1087 535 1230 604 animad-

199 658 308 724 vertit
329 657 433 723 Erant
456 654 489 721 in
517 654 649 722 sinistro
666 677 770 722 cornu
790 650 936 746 legiones
952 651 1042 741 dna,
1063 652 1229 722 transditae

200 800 220 842 a
236 777 364 844 Caesare
378 774 471 842 initio
484 773 693 842 dissensionis
703 797 743 840 er
756 775 789 840 S.
800 775 838 841 C.
848 823 858 855 ,
870 795 1010 865 quarum
1025 773 1229 865 unaprima,

199 893 302 964 altera
320 895 415 962 tertia
424 891 650 986 appellabatur
663 919 671 961 ε
689 893 723 960 in
736 917 776 960 eo
789 889 862 962 loco
876 893 945 986 ipse
958 907 1030 960 erat
1041 893 1227 986 Pompeius.

198 1013 343 1082 Mediam
364 1014 465 1080 aciem
487 1013 598 1106 Scipio
617 1037 694 1082 cum
712 1010 896 1106 legionibus
923 1013 1056 1105 syriacis
1084 1012 1227 1080 tenebat.

178 1131 381 1204 'Ciliciensis
405 1131 518 1226 legio,
546 1133 724 1225 conjuncta
745 1157 820 1202 curn
845 1131 1036 1204 cohortibus
1062 1132 1228 1226 hispanis,

198 1277 279 1346 quas
295 1251 499 1324 transductus
519 1252 560 1321 ab
577 1251 713 1321 Afranio
732 1250 919 1336 docuimus,
935 1254 969 1320 in
988 1251 1103 1322 dextro
1121 1277 1228 1322 cornu

198 1387 294 1442 erant
322 1371 498 1442 collocate.
527 1376 593 1440 Has
621 1371 822 1440 firmissimas
845 1391 879 1440 se
903 1371 1026 1440 habere
1054 1374 1229 1465 Pompeius

198 1493 415 1561 existimabat.
429 1489 584 1584 Reliquas
600 1493 686 1560 inter
698 1491 800 1560 aciem
820 1491 959 1559 mediam
978 1515 1168 1584 cornuaque
1183 1493 1230 1560 in·

199 1614 387 1706 terjecerat,
397 1635 601 1704 numeroque
615 1612 766 1680 cohortes
776 1633 817 1681 cx
831 1609 1027 1705 expleverat.
1043 1597 1120 1680 blec
1135 1627 1229 1680 erant

198 1731 301 1801 millia
319 1755 408 1804 xnv:
427 1748 639 1800 evocatorum
655 1731 786 1799 circiter
802 1729 888 1817 duo,
909 1754 982 1823 que
998 1753 1039 1798 ex
1055 1729 1230 1800 beneficia·

200 1853 256 1921 riis
272 1853 478 1946 superiorum
504 1852 705 1920 exercituum
725 1848 765 1918 ad
793 1874 868 1919 eum
897 1866 1135 1938 convenerant;
1156 1875 1229 1944 quae

198 1986 267 2040 tota
287 1972 356 2040 acie
376 1969 582 2065 disperserat.
606 1969 762 2063 Reliquas
788 1970 940 2039 cobortes
960 1983 1086 2063 septem
1112 1973 1229 2039 castris

198 2091 458 2184 propinquisque
487 2088 627 2159 castellis
645 2088 796 2183 praesidio
820 2088 1036 2183 disposuerat
1066 2091 1229 2159 Dextrum

128 2271 132 2280 .
198 2233 301 2280 cornu
313 2211 384 2301 ejus
395 2209 628 2302 rirnsqnidam
646 2208 811 2302 impeditis
828 2209 909 2302 ripis
922 2209 1112 2278 muniebat:
1128 2229 1228 2303 quam

199 2329 242 2396 ob
260 2353 392 2405 causam
420 2343 576 2396 cunctum
596 2329 794 2421 equitatum,
825 2328 1010 2422 sagittarios
1031 2327 1228 2398 funditores·

198 2471 264 2539 que
276 2471 410 2532 omnes,
428 2449 462 2516 in
480 2449 612 2516 sinistro
625 2471 727 2516 cornu
744 2447 917 2540 objecerat.

245 2569 431 2635 LXXXIX.
451 2569 574 2653 Caesar,
591 2567 742 2659 superius
762 2565 948 2636 institutum
967 2589 1120 2654 servans,
1139 2566 1227 2638 deci·

199 2710 287 2754 mam
305 2683 466 2778 legionem
486 2687 520 2752 in
542 2683 658 2752 dextro
677 2706 797 2769 manu,
818 2706 939 2751 nonam
960 2685 994 2752 in
1014 2685 1147 2754 sinistro
1159 2687 1228 2755 col·

200 2802 383 2888 locaverat,
406 2803 536 2871 tametsi
557 2811 628 2868 erat
649 2798 852 2893 dyrraclainis
872 2800 996 2894 proeliis
1015 2803 1228 2876 vehementer

199 2935 387 3006 attenuata3
405 2935 438 2989 et
458 2921 535 2988 hnic
553 2921 599 2988 sic
614 2917 764 3012 adjunxit
779 2937 948 3006 neuram,
967 2935 1003 2992 ut
1019 2946 1111 3017 pene
1127 2947 1227 2994 unam

199 3063 239 3106 ex
261 3038 388 3107 duabus
414 3037 574 3126 efficerem
593 3051 693 3132 atque
719 3037 855 3110 alteram
874 3038 967 3110 alteri
986 3043 1139 3136 praesidio
1156 3069 1228 3114 esse

195 3157 347 3249 jusserat.
365 3158 524 3228 Cobortes
539 3159 579 3226 in'
588 3159 657 3227 acie
671 3183 761 3228 un
771 3160 964 3229 constitutas
981 3161 1136 3250 babebat,
1154 3189 1228 3260 que

199 3299 326 3344 summa
343 3291 413 3346 erat
433 3276 572 3346 millium
591 3301 678 3347 xxu.
697 3277 859 3348 Cohortes
880 3279 961 3350 duas
983 3283 1098 3352 castris
1116 3285 1228 3378 praesi-

197 3394 254 3464 dio
270 3395 452 3490 reliquerat
478 3399 618 3467 Sinistm
631 3405 736 3467 corun¹
751 3399 948 3486 Antonium,
968 3399 1085 3471 dextro
1101 3405 1138 3473 Ρ.
1154 3402 1227 3498 Syl·

198 3513 281 3603 lam,
296 3503 483 3587 medinacie
496 3520 534 3586 G.
554 3519 737 3588 Domitium
756 3533 978 3612 preposuerat
996 3545 1005 3588 ε
1025 3521 1095 3614 ipse
1110 3537 1227 3593 contra

198 3637 389 3730 Pompeium
418 3637 575 3706 constitit.
607 3636 732 3721 Simul,
763 3636 814 3706 bis
839 3638 938 3708 rebus
967 3639 1225 3728 animadversis,

196 3777 279 3847 quas
307 3755 617 3842 demonstravimus,
642 3758 776 3847 umens,
792 3782 834 3828 ne
859 3757 1109 3830 amnltitudine
1135 3761 1227 3856 eqni·

196 3884 267 3942 tum
282 3874 436 3948 dextrum
447 3899 551 3946 cornu
564 3879 879 3968 circumveniretur,
898 3877 1050 3949 celeriter
1069 3904 1109 3952 ex
1129 3883 1226 3952 tertis

195 3990 265 4060 acie
283 3993 429 4088 singulas
437 3998 588 4076 cohortes
597 3997 758 4086 detraxit,
774 4013 872 4093 atque
890 4023 928 4070 ex
945 4001 997 4069 bis
1010 4014 1160 4094 quartam
1172 4004 1223 4072 in·
1290 4011 1294 4018 '
