3026 4768
300 345 353 402 116
457 351 487 406 G
510 349 606 404 JULIl
628 346 791 402 CAESARIS
814 343 1178 403 oomnffiNTAmORUM

296 475 367 541 ritis
398 473 538 567 gratiam
567 471 730 541 referre.»
758 473 828 538 Hac
856 470 1005 538 oratione
1031 469 1159 557 habita,
1194 471 1335 542 discedit

296 591 477 663 Ambiorix.

343 715 500 784 XXVIII.
519 716 697 810 Arpineius
719 729 752 782 et
773 715 907 798 Iunius,
930 735 1003 806 quae
1021 712 1202 800 audierint,
1229 713 1271 781 ad
1292 712 1336 782 le·

294 850 388 930 gatos
405 833 568 903 deserunt.
581 832 651 920 Illi,
665 834 838 928 repentina
850 857 886 901 re
898 831 1102 926 perturbati,
1117 833 1177 900 etsi
1191 833 1233 899 ab
1243 833 1336 901 hoste

293 980 333 1023 ea
362 955 575 1044 dicebantur,
605 977 673 1023 non
703 972 812 1024 tamen
840 951 1038 1047 negligenda
1065 954 1298 1022 existimabant
1326 981 1334 1023 ε

294 1077 501 1168 maximeque
515 1075 576 1144 hac
590 1100 624 1144 re
637 1071 1045 1169 pe1·movebantur,quod‚
1060 1073 1230 1140 civitatem
1246 1076 1337 1168 igno

293 1192 394 1262 bilem
416 1210 516 1286 atque
535 1193 695 1262 humilem
713 1195 908 1263 Eburonum
928 1216 987 1260 sua
1009 1206 1125 1286 sponte
1143 1191 1268 1286 populo
1282 1220 1335 1263 ro·

294 1339 393 1383 mano
413 1312 538 1382 bellum
554 1313 661 1383 facere
680 1339 809 1399 ausam,
829 1315 885 1380 vix
901 1301 971 1379 crat
988 1311 1199 1380 credendum.
1220 1316 1336 1407 Itaque

293 1431 530 1504 ad-consilium
551 1459 622 1502 rem
638 1432 810 1519 deferunt3
829 1455 1013 1526 magnaque
1031 1434 1119 1499 inter
1136 1435 1348 1502 eos'exsistit'

292 1549 527 1622 controversia.
541 1555 579 1621 L.
594 1533 857 1639 Aurunculeius,
872 1549 1124 1645 compluresque
1138 1553 1265 1621 tribuni
1279 1555 1338 1622 mi-

293 1671 406 1760 litum,
423 1688 456 1741 et
472 1673 657 1765 primorum
669 1670 824 1739 ordinum
838 1665 1065 1757 centuriones,
1083 1699 1100 1734 α
1113 1670 1196 1739 nihil
1212 1686 1337 1742 temere

292 1791 476 1887 agendum,
500 1816 606 1886 noque
627 1816 668 1878 ex
691 1790 840 1859 hibernis
861 1791 990 1883 injussu
1007 1791 1143 1860 Caesaris
1167 1791 1338 1862 disceden-

292 1911 388 1998 dum,
398 1912 630 1980 existimabant
643 1936 650 1978 :
662 1904 854 2004 quautasvis
868 1935 1004 2004 magnas
1014 1911 1113 1978 etiam
1128 1915 1240 2005 copias
1252 1916 1338 1981 Ger·

292 2055 467 2099 manorum
493 2031 646 2099 sustineri
671 2054 766 2123 posse
796 2030 933 2098 munitis
956 2027 1119 2118 hibernis,
1145 2030 1336 2102 docebant:

292 2173 362 2218 rem
387 2173 456 2217 esse
478 2151 686 2236 testimonio,
707 2148 797 2242 quod
819 2149 964 2242 primum
985 2148 1132 2216 hostium
1150 2147 1337 2244 impetum,

293 2267 405 2337 multis
427 2268 516 2337 ultro
539 2267 731 2337 vulneribus
754 2265 869 2353 illatis,
890 2266 1067 2335 fortissime
1090 2270 1335 2340 sustinuerint:

292 2415 327 2458 re
348 2390 564 2458 frumentaria
589 2414 655 2457 non
680 2389 787 2482 premi
808 2413 816 2455 ε
837 2389 963 2455 interea
985 2390 1075 2455 etex
1105 2390 1265 2482 proximis
1285 2393 1338 2461 hi·

292 2511 417 2595 bernis,
433 2525 465 2579 et
477 2513 635 2579 aCaesare
651 2523 856 2578 conventura
871 2507 1016 2575 subsidia
1031 2533 1038 2574 :
1053 2522 1235 2601 postremo,
1252 2513 1337 2605 quid

291 2657 361 2701 esse
379 2631 484 2700 levius
500 2645 558 2699 aut
572 2631 715 2724 turpius,
730 2652 849 2721 quam,
862 2642 997 2696 auctore
1010 2628 1121 2716 hoste,
1138 2628 1178 2698 de
1194 2635 1337 2703 summis

291 2754 390 2821 rebus
409 2777 526 2847 capere
547 2748 741 2819 consilium?
755 2779 772 2814 a

338 2873 465 2940 xxix.
483 2874 609 2940 Contra
623 2894 661 2938 ea
673 2871 838 2954 Titurius,
855 2894 929 2938 sero
944 2867 1106 2958 facturos,
1124 2871 1337 2964 clamitabat,

291 3013 395 3081 quum
408 2991 550 3083 majores
561 2991 708 3059 hostium
721 3013 854 3075 manus,
869 2988 1034 3081 adjunctis
1044 2991 1238 3079 Germanis,
1252 3019 1337 3064 con·

291 3109 474 3197 venissent,
490 3124 548 3177 aut
564 3133 666 3201 quum
687 3107 814 3201 aliquid
832 3105 1028 3175 calamitatis
1048 3110 1082 3175 in
1097 3112 1266 3209 proximis
1284 3115 1339 3184 hi-

290 3228 400 3296 bernis
417 3241 501 3296 esset
511 3229 687 3321 ‘acceptum
707 3252 714 3294 :
732 3228 866 3296 brevem
883 3225 1079 3295 consulendi
1094 3253 1164 3297 esse
1186 3236 1354 3304 occasio-⁸
1375 3293 1378 3303 .

290 3372 397 3416 nemi:
418 3351 580 3418 Caesarem
600 3347 754 3414 arbitrari
774 3346 961 3440 profectum
984 3348 1019 3414 in
1040 3345 1171 3416 Italiam
1192 3376 1339 3446 :neque

289 3465 386 3535 aliter
413 3469 577 3537 Carnutes
589 3513 592 3522 ·
605 3465 825 3538 interficiendi
851 3467 996 3560 Tasgetii
1027 3466 1203 3537 consilium
1216 3501 1219 3508 ·
1233 3471 1339 3542 fuisse

290 3601 460 3682 capturos,
490 3611 597 3680 neque
625 3585 814 3672 Eburones,
841 3586 868 3653 si
891 3584 949 3653 ille
968 3586 1112 3676 adesset,
1139 3603 1232 3659 tanta
1256 3618 1337 3663 cum

288 3708 541 3801 contemptione
548 3706 653 3774 nostri
664 3704 706 3774 ad
718 3719 824 3773 castra
839 3719 996 3773 venturos
1009 3731 1077 3774 esse
1092 3731 1099 3774 :
1115 3733 1183 3776 non
1201 3708 1336 3784 hostem

287 3841 474 3913 auctorem,
497 3825 555 3895 sed
577 3849 648 3894 rem
668 3838 832 3920 spectare3
855 3823 987 3893 subesse
1010 3825 1181 3911 Rhenum3
1207 3855 1337 3927 magno

287 3972 357 4016 esse
380 3947 558 4016 Germanis
584 3944 690 4016 dolori
717 3945 875 4016 Ariovisti
900 3960 1059 4036 mortem,
1084 3961 1118 4016 et
1143 3951 1336 4044 superiores
