3038 4766
292 366 329 426 50
444 366 592 423 e.JtJ1.11
614 365 777 422 CAESARIS
799 360 1171 420 COMMENTARIORUM

292 498 451 590 quinque;
470 495 605 562 tertium
633 494 667 560 in
686 489 838 560 subsidiis
854 487 965 557 locum
983 487 1091 556 alariae
1105 486 1256 555 cohortes
1269 487 1330 554 ob-

291 617 464 684 tinebant:
487 613 623 684 Caesaris
643 610 775 705 triplex;
795 607 851 678 sed
878 609 1020 702 primam
1041 607 1144 676 aciem
1161 620 1329 699 quaternae

291 736 442 804 cohortes
452 758 524 802 exv
534 731 718 825 legionibus
730 729 888 798 tenebant
903 752 911 796 :
926 727 985 795 has
999 725 1203 795 subsidiariae
1213 740 1329 812 ternae,

291 870 324 924 et
341 879 456 924 rursus
481 849 552 920 aliae
573 849 710 919 totidem
728 873 794 916 suae
813 848 974 941 cujusque
991 845 1131 940 legionis
1152 847 1328 939 subseque-

291 977 431 1061 bantur3
465 971 624 1066 sagittarii
658 967 907 1060 funditoresque
936 965 1041 1035 media
1076 966 1330 1035 continebantur

292 1097 380 1182 acie3
397 1093 564 1186 equitatus
585 1089 689 1159 latera
711 1089 876 1182 cingebat
896 1085 968 1154 Tali
993 1087 1154 1155 instructa
1175 1088 1264 1174 acie,
1281 1101 1329 1155 te·

191 1215 196 1228 '
293 1238 370 1282 nere
391 1227 529 1304 uterque
548 1209 755 1304 propositum
777 1207 970 1289 videbatur3
991 1209 1100 1275 Caesar
1116 1206 1180 1273 nisi
1196 1221 1329 1275 coactus

293 1331 443 1428 proelium
464 1354 531 1398 non
552 1329 776 1414 committere;
796 1325 875 1414 ille,
898 1341 935 1394 ut
953 1349 1053 1418 opera
1074 1327 1212 1395 Caesaris
1232 1327 1330 1420 impe·

293 1453 389 1522 diret.
412 1449 612 1520 Producitur
628 1463 739 1517 tamen
759 1471 828 1534 res,
843 1447 993 1540 aciesque
1014 1445 1056 1515 ad
1081 1445 1157 1515 solis
1175 1470 1329 1515 occasum

292 1573 506 1642 continentur
525 1595 533 1638 ε
555 1566 632 1637 inde
650 1569 784 1661 utrique
802 1569 836 1636 in
860 1581 966 1635 castra
988 1564 1173 1636 discedunt.
1193 1568 1329 1634 Postero

293 1694 362 1782 die,
382 1692 583 1762 munitiones
603 1689 769 1758 institutas
787 1689 897 1756 Caesar
911 1700 1006 1781 parat
1025 1685 1200 1779 perficere;
1217 1685 1263 1754 illi
1278 1711 1331 1754 va·

294 1813 374 1884 dum
404 1814 550 1882 fluminis
572 1812 694 1880 Sicoris
716 1823 858 1897 tentare,
876 1808 903 1876 si
924 1807 1063 1876 transire
1090 1821 1234 1900 possent.
1253 1808 1329 1894 Qua

294 1959 330 2002 rc
347 1933 592 2018 animadversa,
613 1936 722 2002 Caesar
739 1931 927 1998 Germanos
947 1925 1025 1996 levis
1043 1944 1217 1996 armaturae
1236 1931 1330 2021 equi·

295 2067 430 2145 tumque
462 2066 587 2144 partem
614 2050 735 2118 flumen
760 2047 938 2140 transjicit,
970 2047 1167 2139 crebrasque
1188 2048 1223 2115 in
1250 2048 1330 2141 ripis

294 2171 458 2242 custodias
476 2169 631 2263 disponit.

342 2293 531 2361 LXXXIV.
549 2289 716 2376 Tandem,
733 2290 886 2358 omnibus
908 2289 1004 2358 rebus
1020 2290 1158 2378 obsessi,
1175 2306 1330 2386 quartum

293 2414 361 2505 jam
386 2410 473 2479 diem
492 2413 563 2479 sine
583 2409 704 2505 pabulo
721 2413 857 2480 retentis
879 2412 1056 2504 jumentis,
1083 2436 1192 2505 aquae,
1225 2412 1330 2508 ligno-

294 2558 388 2619 rum,
400 2530 560 2600 frumenti
576 2531 705 2624 inopia,
720 2528 923 2623 colloquium
935 2545 1074 2626 petunt,
1091 2547 1125 2601 et
1143 2533 1198 2621 id,
1214 2535 1242 2602 si
1258 2533 1331 2602 fieri

294 2653 416 2746 possit,
435 2665 563 2720 semoto
585 2648 777 2718 amilitibus
792 2648 876 2719 loco.
900 2651 968 2719 Ubi
988 2650 1021 2720 id
1043 2677 1062 2720 a
1079 2655 1207 2722 Caesare
1234 2679 1333 2747 nega·

295 2789 383 2858 tum,
399 2787 449 2860 et,
462 2769 569 2866 palam
588 2772 615 2839 si
630 2768 774 2864 colloqui
794 2768 931 2858 vellent,
948 2796 1138 2842 concessum
1155 2787 1220 2859 est,
1234 2772 1332 2841 datur

296 2875 419 2960 obsidis
437 2890 511 2960 loco
521 2892 643 2960 Caesari
655 2889 742 2959 filius
756 2887 893 2960 Afranii.
910 2893 1053 2961 Venitur
1066 2894 1101 2961 in
1115 2918 1189 2962 eum
1207 2891 1332 2980 locum,

296 3037 394 3104 quem
414 3015 524 3081 Caesar
542 3009 671 3105 delegit.
699 3009 865 3080 Audiente
882 3026 1025 3105 utroque
1045 3015 1210 3102 exercitu,
1224 3011 1333 3106 loqui·

297 3146 352 3197 tur
367 3129 522 3198 Afranius
538 3156 546 3198 :
564 3160 580 3194 a
595 3133 674 3201 Non
688 3154 757 3199 esse
770 3147 829 3200 aut
845 3133 924 3226 ipsis
942 3147 1002 3200 aut
1020 3131 1180 3203 militibus
1200 3157 1334 3202 succen-

297 3248 453 3331 sendum,
471 3249 561 3342 quod
580 3248 677 3318 fidem
694 3275 771 3346 erga
788 3253 1022 3344 imperatorem
1042 3277 1140 3321 suum
1157 3257 1220 3323 Cn.
1239 3257 1334 3323 Pom·

297 3368 408 3461 peium
418 3391 612 3437 conservare
623 3369 790 3440 voluerint
807 3396 815 3439 ε
836 3369 893 3439 sed
904 3372 981 3440 satis
993 3373 1061 3465 jam
1071 3371 1184 3440 fecisse
1201 3372 1334 3459 officio,

297 3489 440 3581 satisque
457 3486 611 3583 supplicii
628 3488 762 3578 tulisse,
779 3513 951 3585 perpessos
969 3492 1117 3560 omnium
1136 3513 1245 3556 rerum
1264 3491 1337 3559 ino·

299 3608 409 3701 piam:
428 3633 517 3679 nunc
539 3629 631 3699 vero,
648 3635 739 3704 paene
757 3624 793 3678 ut
809 3611 963 3690 feminas,
975 3609 1247 3679 circummunitos
1263 3633 1337 3703 pro-

243 3709 247 3719 ’
298 3729 518 3823 lriberiaqua,
529 3730 696 3824 prohiberi
711 3731 881 3822 ingressu;
893 3753 1001 3821 neque
1013 3752 1153 3822 corpore
1166 3726 1335 3818 dolorem,

299 3871 405 3939 neque
422 3852 533 3920 animo
553 3851 768 3946 ignominiam
794 3848 881 3917 ferre
898 3874 995 3943 posse
1022 3876 1029 3918 :
1050 3850 1162 3941 itaque
1182 3874 1217 3919 se
1233 3851 1337 3920 victos

298 3965 449 4036 confiteri
464 3996 471 4038 ε
486 3995 582 4039 orare
604 3985 702 4063 atque
716 3969 912 4059 obsecrare,
931 3971 959 4038 si
974 3970 1031 4063 qui
1049 3968 1141 4039 locus
1157 3971 1338 4040 misericor-
