3088 4766
480 389 530 445 un
551 387 673 446 annuo
694 346 808 445 curis
829 389 898 444 uc.
917 390 955 444 11.
1197 393 1234 466 ⁵9

202 513 357 608 proximae
370 516 400 582 ei
418 512 491 582 loco
507 535 547 581 ex
565 514 659 582 Bruti
674 510 776 582 classe
795 537 894 582 naves
912 528 1022 600 erant,
1039 515 1072 582 in
1094 539 1148 584 eas
1169 518 1231 584 im-

201 633 325 728 peditas
340 635 498 728 impetum
519 633 661 720 faciunt,
675 631 887 726 celeriterque
905 634 1017 703 ambas
1035 633 1233 727 deprimunt.

248 756 322 824 vu.
346 751 411 822 Sed
432 752 620 824 Nasidianae
638 775 736 821 naves
755 751 837 823 nulli
861 755 936 822 usui
954 753 1103 838 fuerunt,
1122 751 1236 828 celeri·

203 888 317 966 terque
326 897 438 967 pugna
449 887 658 942 excesserunt
676 875 870 942 :nonenim
886 873 946 942 has
964 889 1023 942 aut
1044 888 1236 967 conspectus

202 995 335 1086 patriae,
353 1005 412 1062 aut
430 989 695 1086 propinquorum
715 1005 878 1086 precepta
897 992 938 1061 ad
958 1005 1140 1061 extremum
1160 993 1236 1060 vitae

202 1107 385 1206 periculum
399 1109 491 1180 adire
507 1111 680 1206 cogebant.
698 1112 814 1203 Itaque
831 1137 871 1180 ex
889 1136 929 1181 eo
945 1135 1084 1180 numero
1102 1113 1234 1180 navium

200 1228 293 1300 nulla
314 1229 496 1300 desiderata
512 1245 583 1300 est:
604 1254 645 1299 ex
657 1228 913 1300 Massiliensium
931 1229 1033 1300 classe
1050 1245 1161 1324 rsunt
1178 1230 1235 1300 de-

201 1373 335 1445 pressae,
354 1374 390 1420 tv
408 1364 527 1445 captae,
554 1374 622 1418 una
651 1341 729 1418 cum
749 1347 937 1420 Nasidianis
961 1351 1110 1445 profugit
1133 1375 1141 1418 ε
1164 1375 1236 1444 quae

201 1495 316 1540 omnes
332 1470 529 1540 Citeriorem
548 1469 740 1563 Hispaniam
760 1469 958 1562 petiverunt.
977 1473 1021 1539 At
1041 1493 1080 1538 ex
1100 1469 1236 1564 reliquis

202 1614 267 1660 una
283 1591 450 1685 premissa
464 1586 660 1675 Massiliam,
677 1588 777 1679 hujus
787 1588 895 1656 nuntii
913 1588 1098 1682 perferendi
1112 1593 1236 1682 gratia,

202 1734 306 1803 quum
318 1709 388 1803 jam
415 1710 699 1801 appropinquaret
719 1705 809 1792 urbi,
835 1707 944 1774 omnis
962 1731 1030 1776 sese
1056 1707 1236 1777 multitudo

202 1829 243 1897 ad
260 1826 526 1922 cognoscendum
542 1825 659 1894 ellirdit
677 1851 685 1893 ε
705 1851 759 1913 ac,
779 1849 815 1894 rc
831 1827 978 1920 cognita,
998 1840 1109 1896 tantus
1129 1826 1236 1897 luctus

202 1950 344 2041 excepit,
361 1961 399 2016 ut
414 1947 493 2015 urbs
511 1947 553 2016 ab
570 1946 720 2015 hostibus
737 1943 833 2040 capta
852 1946 967 2015 eodem
988 1948 1124 2041 vestigio
1146 1947 1236 2018 vidc-

202 2083 302 2136 retur.
319 2064 536 2137 Massilienses
559 2081 670 2134 tamen
686 2064 792 2134 nihilo
809 2067 939 2159 segnius
956 2065 998 2134 ad
1013 2064 1235 2136 defensionem

203 2186 294 2255 urbis
311 2184 439 2280 reliqua
456 2209 614 2280 apparare
631 2200 812 2279 coeperunt.

253 2309 344 2374 VIII.
360 2304 692 2376 Estanimadversum
710 2305 752 2374 ab
774 2303 977 2399 legionariis,
994 2308 1052 2400 qui
1071 2305 1236 2377 dexteram

202 2440 330 2520 partem
351 2419 458 2520 operis
478 2424 772 2508 administrabant,
794 2422 834 2494 ei
860 2427 984 2495 crebris
1000 2426 1145 2495 hostium
1163 2451 1238 2496 eru·

203 2546 389 2639 ptionibus,
402 2570 524 2640 magno
540 2545 601 2613 sibi
613 2569 682 2613 esse
696 2545 848 2638 praesidio
866 2569 976 2637 posse,
986 2547 1014 2613 si
1023 2571 1085 2639 pro
1101 2545 1236 2615 castello

203 2691 241 2733 ac
249 2663 456 2758 receptaculo
469 2665 588 2732 turrim
602 2686 642 2730 ex
660 2661 760 2730 latere
769 2661 830 2730 sub
844 2687 940 2731 muro
952 2662 1122 2751 fecissent,
1137 2689 1237 2758 quam

204 2785 313 2877 primo
331 2781 374 2851 ad
392 2783 580 2875 repentinos
598 2781 748 2849 incursus
763 2780 922 2850 humilem
942 2805 1145 2875 parvamque
1154 2782 1239 2852 fece·

204 2917 289 2972 rant
313 2906 386 2971 Huc
407 2925 442 2968 se
461 2898 647 2968 referebant
674 2924 682 2966 ε
702 2898 797 2984 hinc,
816 2901 842 2968 si
862 2925 927 2993 qua
947 2901 1052 2992 major
1070 2924 1238 2994 oppresse-

205 3034 256 3089 rat
271 3022 338 3105 ris,
355 3018 610 3114 propugnabant
631 3043 638 3084 :
659 3019 738 3086 hinc
758 3017 800 3088 ad
824 3017 1051 3114 repellendum
1071 3034 1104 3088 et
1125 3043 1237 3113 prose·

205 3138 373 3232 quendum
389 3137 515 3207 hostem
532 3137 781 3231 procumbant.
791 3139 934 3208 'Patebat
949 3139 1019 3208 hec
1034 3163 1239 3233 quoquover

205 3283 260 3328 sus
271 3257 368 3352 pedes
385 3283 472 3347 xxx,
490 3257 547 3327 sed
562 3259 725 3352 parietum
735 3258 918 3327 crassitudo
930 3258 1051 3352 pedum
1066 3260 1236 3353 quinque:

205 3393 317 3473 postea
336 3404 434 3465 vero,
454 3393 491 3448 ut
507 3393 557 3446 est
574 3402 684 3448 rerum
707 3378 857 3446 omnium
884 3379 1038 3473 magister
1058 3402 1156 3462 usus,
1178 3379 1238 3447 bo·

207 3501 331 3568 minum
343 3499 490 3573 adhibita
509 3497 659 3579 solertia,
675 3499 844 3566 inventum
855 3511 918 3585 est,
937 3521 1058 3594 magno
1076 3523 1146 3567 esse
1165 3499 1239 3566 usui

206 3643 315 3711 posse,
340 3622 366 3689 si
390 3620 460 3688 hec
485 3633 568 3688 esset
593 3621 626 3688 in
649 3617 855 3687 altitudinem
879 3619 980 3686 turris
1000 3615 1094 3686 elata.
1120 3616 1160 3684 Id
1177 3619 1239 3686 hac

208 3741 334 3807 ratione
360 3739 540 3832 perfectum
559 3755 617 3809 est.

256 3861 317 3926 tx.
332 3861 399 3929 Ubi
419 3863 518 3930 turris
535 3859 675 3931 altitudo
692 3860 850 3954 perducta
867 3874 915 3928 est
933 3857 975 3927 ad
993 3854 1236 3926 contabulatio·

209 3995 300 4061 nem,
321 3999 394 4045 eam
413 3979 445 4046 iu
464 3981 602 4072 parietes
622 3981 848 4048 instruxerunt
867 3979 930 4064 ita,
950 3991 988 4045 ut
1006 3977 1113 4071 capita
1130 3977 1240 4069 tigno-
