3014 4780
312 353 368 412 258
485 354 515 409 C.
536 353 632 410 suan
652 353 817 411 CAESARIS
840 352 1036 408 commun.
1058 354 1166 410 LIBER

311 480 455 548 bostium
475 476 619 572 legiones
633 490 849 573 cognoverat,
865 491 1052 569 etquenam
1068 477 1165 548 modo
1180 479 1344 547 sustinere

264 609 267 616 '
312 623 346 670 se
359 599 468 692 posset
501 597 544 665 ab
576 621 690 668 eorum
712 598 861 690 equitatu
897 596 1024 690 levique
1050 612 1235 678 armatura,
1266 623 1343 689 que

311 732 383 788 erat
397 715 553 804 mirifica,
568 718 595 785 si
611 715 754 810 legiones
772 739 904 809 quoque
920 717 1138 786 accessissent.
1157 716 1344 786 Accedebat

312 838 410 908 etiam
423 838 493 910 haec
509 859 624 922 causa,
643 835 732 930 quod
751 834 1000 928 elephantorum
1018 834 1210 930 magnitudo
1227 835 1343 906 multi-

314 955 460 1049 tudoque
476 953 613 1026 militum
630 955 758 1024 animos
778 953 946 1025 detinebat
971 956 1004 1022 in
1027 969 1180 1024 terrore:
1206 956 1265 1050 cui
1285 957 1345 1024 uui

313 1077 360 1144 rei
381 1089 490 1144 tamen
510 1075 678 1146 invenerat
702 1071 892 1142 remedium.
914 1075 1066 1166 Namque
1086 1070 1276 1167 elephantos
1305 1099 1345 1142 ex

314 1191 408 1264 Italia
423 1194 639 1288 transportari
652 1193 813 1285 jusserat,
828 1217 895 1286 quo
910 1206 942 1262 et
958 1189 1050 1262 miles
1066 1206 1177 1262 noster
1189 1193 1345 1285 speeiem·

315 1336 379 1403 que
397 1326 429 1380 et
449 1311 603 1380 virtutem
622 1311 734 1381 bestiae
750 1325 978 1406 cognosceret,
997 1326 1029 1382 et
1047 1311 1100 1380 cui
1122 1311 1206 1404 parti
1225 1335 1344 1405 corpo-

315 1432 359 1499 ris
374 1430 445 1522 ejus
462 1426 560 1498 telum
582 1427 676 1500 facile
693 1429 781 1525 adigi
800 1445 923 1524 posset;
940 1443 1142 1523 ornatusque
1161 1453 1199 1498 ae
1225 1427 1345 1499 lorica·

316 1563 369 1618 tus
385 1572 487 1644 quum
505 1564 589 1618 esset
602 1547 809 1643 elephantus,
826 1574 898 1642 quae
913 1573 988 1643 pars
1002 1550 1072 1643 ejus
1090 1551 1237 1642 corporis
1253 1548 1344 1620 nuda

317 1669 388 1738 sine
416 1669 558 1764 tegmine
584 1667 838 1762 relinqueretur,
867 1683 965 1739 uteo
990 1667 1056 1738 tela
1081 1670 1345 1763 conjiceremus-3

317 1803 490 1882 preterea,
522 1802 558 1856 ut
585 1787 734 1881 jumenta
766 1785 942 1856 bestiarum
973 1786 1123 1874 odorem,
1150 1787 1345 1874 stridorem,

317 1905 479 1999 speciem,
492 1905 730 1976 consuetudine
744 1920 838 1998 capta
850 1930 918 1976 non
934 1905 1195 1974 reformidarent.
1213 1907 1345 1997 Quibus

316 2049 356 2092 ex
374 2025 472 2094 rebus
492 2022 625 2118 largiter
643 2039 713 2093 erat
729 2039 921 2094 consecutus
933 2050 941 2092 ε
953 2049 1029 2094 uam
1041 2039 1074 2093 et
1088 2022 1205 2094 milites
1220 2025 1342 2096 bestias

232 2201 237 2210 .
317 2143 468 2212 manibus
486 2143 746 2237 pertractabant,
765 2167 944 2236 earrrmque
963 2145 1150 2214 tarditatem
1170 2169 1347 2239 cognosce·

317 2263 411 2348 bant,
427 2263 615 2355 equitesque
636 2262 669 2330 iu
689 2286 744 2330 eos
763 2259 830 2356 pila
848 2261 1016 2357 praepilata
1036 2265 1269 2358 conjiciebant,
1290 2281 1345 2334 at-

317 2384 433 2474 quein
460 2379 729 2450 cousuetudinem
756 2405 858 2473 equos
884 2384 1042 2475 patientia
1073 2384 1254 2454 bestiarum
1284 2385 1346 2454 ad·

318 2501 465 2572 duxerat.

364 2625 518 2692 LXXIII.
540 2623 595 2692 Ob
614 2623 674 2692 bas
691 2647 823 2710 causas,
841 2647 923 2716 quas
942 2649 1041 2718 supra
1072 2617 1344 2708 commemoraui,

318 2741 553 2812 sollicitabatur
582 2744 709 2828 Cacsar,
741 2742 931 2836 tardiorque
959 2758 992 2812 et
1012 2745 1248 2814 consideratior
1273 2760 1345 2814 erat

318 2859 439 2947 sactus,
454 2877 485 2930 et
497 2885 537 2930 ex
548 2860 685 2954 pristina
700 2858 844 2930 bellandi
865 2862 1101 2932 consuetudine
1115 2861 1345 2956 celeritateque

317 2995 504 3050 excesserat
525 2981 597 3050 Nec
616 2981 754 3067 mirum,
775 2981 993 3076 copias-enim
1017 2981 1159 3052 babebat
1182 2985 1216 3051 in
1237 2981 1344 3054 Gallia

317 3097 439 3168 bellare
457 3112 628 3168 consuetas
644 3095 724 3168 locis
744 3101 996 3195 campestribus,
1016 3115 1049 3170 et
1073 3117 1188 3172 contra
1212 3099 1342 3187 Gallos,

317 3216 465 3286 homines
476 3234 606 3310 apertos
615 3220 814 3312 minimeque
831 3219 1003 3289 insidiosos
1009 3221 1084 3314 ,qui
1101 3221 1344 3314 pertinetem,

317 3361 384 3404 non
404 3359 464 3429 per
482 3335 614 3426 dolum,
634 3337 790 3408 dimicare
808 3353 1010 3408 consuerunt
1030 3364 1038 3406 :
1057 3328 1256 3430 tumlauteni
1275 3353 1346 3407 erat

316 3456 345 3525 ei
361 3454 593 3543 laborandum,
612 3472 649 3526 ut
663 3457 907 3528 consuefaceret
919 3457 1058 3544 milites,
1076 3457 1219 3526 hostium
1234 3454 1345 3542 dolos,

317 3575 467 3663 insidias,
483 3575 622 3647 artificia
638 3602 852 3672 cognoscere,
869 3591 901 3646 et
919 3574 998 3668 quid
1015 3575 1125 3667 sequi,
1143 3573 1222 3667 quid
1239 3575 1345 3645 vitare

317 3697 515 3768 conveniret.
536 3700 670 3792 ltaque,
689 3722 755 3789 quo
769 3697 838 3764 haec
851 3692 990 3762 celerius
1005 3694 1229 3787 conciperent,
1247 3693 1344 3766 dabat

316 3839 469 3909 operam,
485 3830 522 3886 ut
534 3815 678 3912 legiones
694 3839 761 3885 uon
780 3815 814 3884 iu
834 3837 900 3882 uno
918 3809 990 3880 loco
1007 3813 1205 3901 contineret,
1217 3813 1274 3884 sed
1286 3842 1344 3910 per

317 3959 447 4006 causam
466 3935 686 4015 frumentandi
700 3935 765 4004 buo
781 3949 880 4028 atque
899 3932 976 4003 illuc
993 3947 1155 4030 raptaret3
1167 3935 1241 4006 ideo
1258 3937 1342 4030 quod
