3060 4768
294 392 350 455 271,
526 383 556 436 (1.
576 381 674 437 IULII
695 381 857 437 CAESAIIIS
879 381 1088 470 commum:
1178 388 1182 396 “

294 522 426 603 puerat,
444 521 477 574 et
492 506 533 575 ad
549 511 698 574 senatum
718 505 824 598 questi
844 529 903 599 per
922 504 1067 600 legatos,
1080 521 1179 601 atque
1193 507 1326 579 arbitrii

293 653 311 698 a
332 641 448 697 senatu
463 625 568 709 datis,
588 649 645 694 sua
662 639 869 718 receperant,
888 627 996 694 tricies
1014 628 1160 696 centenis
1181 627 1326 698 millibus

294 747 407 842 pondo
425 744 488 815 olei
510 747 543 812 in
566 769 671 812 annos
693 741 840 838 singulos
859 743 992 831 multat,
1012 743 1086 813 ideo
1104 745 1194 838 quod
1213 749 1327 836 initio,

293 892 354 960 per
371 866 606 934 dissensionem
635 864 843 956 principum,
865 865 1053 932 societatem
1073 889 1149 933 cum
1170 866 1253 935 Juba
1273 868 1329 934 in·

294 989 419 1071 ierant,
432 1009 573 1077 eumque
590 984 707 1069 armis,
728 980 905 1064 militibus,
925 986 1066 1077 pecunia
1079 986 1243 1078 juverant,
1258 989 1330 1056 Tis-

295 1107 459 1191 dritanos,
485 1119 620 1200 propter
647 1101 865 1172 humilitatem
891 1105 1050 1190 civitatis,
1077 1121 1168 1174 certo
1190 1130 1329 1177 numero

294 1227 450 1295 frumenti
468 1224 595 1293 multat.

342 1347 493 1413 XCVIII.
513 1344 576 1412 His·
597 1343 697 1411 rebus
716 1343 828 1436 gestis,
853 1341 960 1410 idibus
976 1343 1049 1434 jun.
1068 1345 1174 1413 Uticae
1192 1342 1329 1414 classem

295 1461 502 1543 conscendit,
528 1475 651 1554 etpost
671 1461 757 1528 diem
779 1463 911 1530 tertium
934 1460 1066 1530 Carales
1082 1464 1116 1530 in
1143 1462 1328 1534 Sardiniam

296 1583 455 1678 pervenit.
466 1582 516 1649 Ibi
530 1580 734 1667 Sulcitanos,
747 1579 837 1673 quod
851 1579 1023 1648 Nasidium
1041 1582 1179 1675 ejusque
1191 1579 1328 1652 classem

296 1715 501 1795 receperant,
528 1701 695 1794 copiisque
719 1701 890 1792 juverant,
915 1703 969 1768 HS
989 1701 1112 1768 centies
1136 1700 1271 1789 multat3
1296 1719 1329 1772 et

208 1919 212 1928 Ι
296 1847 357 1917 pro
376 1821 519 1890 decumis
538 1834 669 1888 octavas
687 1818 829 1913 pendere
844 1820 956 1912 jubet,
975 1820 1129 1913 bonaque
1146 1845 1328 1916 paucorum

297 1941 424 2028 vendit,
442 1955 475 2009 et
493 1953 570 2009 ante
588 1939 673 2007 diem
690 1965 740 2010 111.
751 1938 945 2032 calquinct.
959 1964 1056 2008 naves
1072 1942 1280 2031 conscendit3
1295 1959 1329 2012 et

296 2086 316 2129 a
329 2058 502 2128 Caralibus
514 2058 696 2130 secundum
711 2073 830 2126 terram
843 2071 1034 2150 provectus,
1053 2058 1328 2132 duodetricesimo

296 2179 367 2266 die,
378 2203 417 2246 eo
436 2177 525 2270 quod
542 2177 787 2270 tempestatibus
807 2178 841 2244 in
859 2176 1020 2269 portubus
1035 2178 1271 2270 cohibebatur,
1286 2181 1328 2250 ad

299 2298 414 2368 urbem
431 2301 570 2364 Romam
590 2295 686 2364 verrit.
