3096 4762
279 337 315 394 62
436 339 466 390 C.
489 337 584 392 JULII
605 335 765 392 CAESARIS
787 335 1153 394 COMMENTARIORUM

278 460 504 555 compluribus
526 459 713 528 confectum
734 458 925 530 vulneribus
948 462 1106 548 diximus,
1127 479 1161 532 et
1179 467 1258 532 item
1273 469 1313 532 C.

280 581 482 666 Volusenus,
497 581 650 648 tribunus
663 578 826 667 militum,
840 581 937 648 viret
950 580 1079 650 consilii
1093 585 1202 676 magni
1212 597 1245 651 et
1254 585 1314 650 vir-

279 703 375 786 tutis,
391 699 433 768 ad
448 699 589 770 Galbam
603 714 797 786 accurrunt,
811 713 911 792 atque
926 725 1028 768 unam
1042 727 1112 770 esse
1128 727 1220 795 spem
1234 701 1315 770 salu·

278 821 320 888 tis
337 819 473 907 docent,
491 821 538 910 si,
556 819 731 911 eruptione
753 818 859 907 facta,
878 834 1063 888 extremum
1084 819 1242 890 auxilium
1262 848 1316 891 ex-

278 942 481 1034 perirentur.
505 940 637 1032 Itaque,
662 940 851 1018 convocatis
876 941 1147 1029 centurionibus,
1167 942 1317 1012 celeriter

278 1060 399 1130 milites
413 1060 570 1128 certiores
583 1058 674 1148 facit,
694 1057 859 1152 paulisper
876 1061 1134 1130 intermitterent
1147 1061 1316 1153 proelium,

279 1208 318 1256 ac
337 1178 570 1250 tantummodo
589 1176 655 1247 tela
675 1179 773 1247 missa
794 1180 1002 1272 exciperent,
1023 1203 1124 1271 seque
1142 1204 1181 1248 ex
1203 1179 1316 1250 labore

279 1301 577 1393 reficerent3'post,
590 1297 667 1367 dato
683 1298 792 1390 signo,
806 1321 824 1364 e
840 1299 955 1366 castris
971 1313 1201 1393 erumperent,
1217 1314 1316 1393 atquc

180 1505 188 1523 ἢ
279 1445 413 1491 omnem
435 1443 528 1513 spem
546 1416 659 1487 salutis
677 1419 711 1484 in
733 1417 856 1486 virtute
875 1431 1047 1509 ponerent.

187 1529 214 1584 Α·
327 1544 385 1612 vl.
400 1539 501 1629 Quod
517 1539 601 1632 jussi
616 1552 707 1622 sunt,
726 1537 863 1622 faciunt3
879 1562 917 1605 ac
937 1538 1048 1606 subito
1068 1541 1221 1609 omnibus
1238 1565 1314 1634 por-

280 1663 322 1730 tis
335 1660 509 1753 eruptione
528 1658 630 1746 facta,
650 1681 757 1749 neque
773 1656 1010 1750 cognoscendi,
1030 1658 1111 1750 quid
1131 1659 1242 1749 lieret,
1262 1686 1316 1729 ne·

279 1804 344 1874 que
369 1780 420 1847 sui
443 1776 619 1872 colligendi
644 1774 1006 1854 hostibusfacultatem
1030 1777 1235 1872 relinquunt.
1265 1785 1315 1848 lta

279 1911 481 1967 commutata
499 1896 647 1984 fortuna,
664 1919 741 1980 eos,
758 1897 816 1989 qui
836 1897 870 1964 in
891 1920 982 1990 spem
996 1897 1230 1991 potiendarum
1249 1923 1317 1968 cas·

280 2032 410 2085 trorum
429 2030 601 2100 venerant,
617 2014 765 2106 undique
785 2015 1026 2084 circumventos
1042 2017 1265 2104 interficiunt,
1282 2035 1316 2086 et

280 2159 321 2202 er
333 2135 506 2202 hominum
525 2131 670 2202 millibus
689 2132 830 2226 amplius
851 2134 1002 2228 triginta,
1024 2157 1122 2226 quem
1138 2159 1314 2205 numerum

279 2254 496 2322 barbarorum
513 2252 555 2321 ad
569 2267 675 2336 castra
688 2254 815 2320 venisse
825 2252 1010 2339 constabat,
1025 2250 1099 2346 plus
1112 2256 1210 2322 tertia
1221 2270 1315 2347 parte

279 2371 468 2460 interfecta,
488 2369 630 2464 reliquos
655 2371 848 2464 perterritos
871 2372 905 2438 in
925 2369 1037 2466 sugam
1058 2373 1255 2466 conjiciunt,
1277 2400 1316 2442 ac

280 2517 322 2560 ne
346 2493 381 2561 in
406 2491 487 2560 locis
514 2490 647 2584 quidem
673 2491 898 2585 superioribus
927 2492 1106 2561 consistere
1129 2497 1314 2586 patiuntur.

279 2612 334 2681 Sic
350 2613 505 2681 omnibus
518 2611 664 2696 laostium
679 2611 782 2706 copiis
797 2610 893 2699 fusis,
907 2612 1075 2704 armisque
1088 2613 1210 2700 exutis,
1229 2639 1264 2683 se
1280 2617 1314 2682 in

279 2748 387 2802 castra
406 2733 671 2825 munitionesque
690 2755 765 2800 suas
785 2731 959 2824 recipiunt.
980 2731 1059 2822 Quo
1076 2732 1192 2826 proelio
1213 2715 1314 2824 facto,

280 2853 370 2944 quod
386 2855 503 2947 saepius
517 2852 683 2920 fortunam
697 2864 824 2920 tentare
837 2849 947 2920 Galba
960 2851 1114 2954 nolebat,
1132 2869 1231 2946 atque
1250 2854 1315 2922 alio

279 2995 314 3039 ee
337 2973 371 3038 in
399 2971 537 3040 hiberna
560 2969 701 3039 concilio
724 2973 850 3040 venisse
870 2971 1085 3060 meminerat,
1105 2971 1178 3041 aliis
1196 2997 1313 3041 occur-

280 3093 361 3158 risse
373 3090 473 3158 rcbus
483 3091 623 3177 viderat,
638 3091 778 3158 maxime
791 3089 949 3158 frumenti
962 3105 1231 3184 commeatusque
1245 3093 1315 3160 ino-

280 3210 333 3301 pia
352 3224 541 3301 permotus,
558 3222 691 3302 postero
704 3209 756 3277 die
772 3210 925 3278 omnibus
940 3210 1011 3302 ejus
1030 3210 1093 3277 rici
1106 3210 1247 3278 edificiis
1264 3212 1314 3279 in·

280 3329 401 3416 censis,
418 3328 452 3395 in
470 3327 679 3396 Provinciam
696 3331 815 3396 reverti
835 3327 1021 3414 contendit3
1037 3352 1093 3415 ac,
1112 3325 1205 3397 nullo
1221 3329 1314 3398 hoste

280 3446 494 3539 probibente,
514 3461 573 3515 aut
587 3448 649 3516 iter
665 3447 870 3534 demorante,
887 3446 1088 3518 incolumem
1104 3449 1267 3544 legionem
1278 3452 1312 3518 in

280 3567 475 3655 Nantuates,
505 3566 582 3635 inde
613 3569 647 3634 in
678 3564 872 3660 Allobrogas
901 3567 1071 3658 perduxit,
1101 3569 1212 3662 ibique
1243 3570 1314 3638 hie·

281 3688 392 3780 mavit.

329 3809 407 3908 llll.¹
426 3811 483 3876 llis
508 3809 605 3876 rebus
630 3810 744 3902 gestis,
765 3833 869 3900 quum
886 3806 1040 3892 omnihus
1061 3806 1226 3877 decausis
1246 3813 1313 3878 Cae·

279 3951 332 3996 sar
350 3943 498 4021 pacatam
520 3927 662 3998 Galliam
686 3930 905 4014 existimaret,
922 3929 1085 4022 superatis
1111 3927 1237 4024 Belgis,
1258 3955 1313 3998 ex-
