3042 4772
253 359 308 417 136
407 362 437 418 G
455 362 553 418 JULII
572 361 735 418 CAESARIS
757 361 1118 418 COMMENTARIORUM

250 485 441 555 vulneribus
464 488 563 580 aegri,
581 484 752 580 depositis,
770 509 830 578 per
854 487 993 579 Epirum
1020 501 1118 580 atque
1136 490 1280 556 Acarna·

251 607 338 673 niam
361 607 424 673 iter
448 605 553 674 facere
576 606 685 698 coepit.
710 607 884 698 Pompeius
905 629 1056 697 quoque,
1078 605 1120 674 de
1144 607 1278 676 Caesaris

255 723 393 794 consilio
416 725 604 818 conjectura
626 723 797 816 judicans,
821 723 862 792 ad
886 725 1073 816 Scipionem
1098 750 1275 819 properan-

251 845 330 914 dum
359 846 421 914 sibi
442 834 676 929 'existimabam
701 844 728 910 si
756 845 865 912 Caesar
891 844 954 911 iter
980 841 1036 910 illo
1062 825 1214 928 haberet,
1241 858 1279 912 ut

253 964 434 1034 subsidium
458 963 604 1055 Scipioni
629 962 749 1048 serret3
772 963 798 1029 si
820 961 862 1028 ab
883 984 942 1028 ora
966 962 1130 1030 maritima
1151 965 1279 1032 Oricia·

252 1107 316 1176 que
329 1082 495 1151 discedere
511 1080 627 1164 nollet,
639 1081 729 1173 quod
741 1079 885 1175 legiones
901 1082 1150 1174 equitatumque
1163 1107 1202 1150 ex
1211 1085 1278 1151 Ita-

251 1199 296 1270 lia
313 1214 534 1294 exspectaret,
551 1201 621 1294 ipse
634 1213 672 1268 ut
686 1201 838 1271 omuibus
851 1200 953 1292 copiis
968 1201 1150 1269 Domitium
1167 1225 1280 1296 aggre-

252 1320 394 1389 deretur.
513 1319 514 1322 ¹

300 1442 452 1508 Lxxtx„
474 1441 518 1508 Iis
537 1438 578 1507 de
596 1441 700 1509 causis
717 1455 855 1534 uterque
869 1463 983 1510 eorum
998 1440 1152 1509 celeritati
1167 1443 1276 1511 stude·

253 1559 329 1642 bat,
348 1572 380 1625 et
400 1560 467 1626 suis
485 1570 523 1626 ut
541 1573 624 1626 esset
640 1557 778 1645 auxilio,
796 1573 844 1646 et,
861 1559 902 1626 ad
917 1557 1150 1653 opprimendos
1165 1560 1276 1628 adver·

253 1673 377 1763 sorios,
408 1701 449 1746 ue
479 1678 642 1746 occasioni
675 1678 830 1771 temporis
860 1675 991 1746 deesset.
1020 1676 1083 1745 Sed
1115 1663 1300 1747 Caesarem

253 1795 429 1889 Apollonia
456 1821 474 1864 a
501 1794 625 1864 directo
652 1797 768 1864 itinere
797 1811 992 1865 averterat:
1017 1798 1190 1890 Pompeius
1218 1822 1277 1890 per

253 1915 455 2002 Candaviam
488 1916 550 1982 iter
580 1917 612 1980 in
644 1913 870 1982 Macedoniam
903 1915 1091 2008 expeditum
1124 1915 1272 2005 habebat

254 2036 399 2100 Accessit
420 2036 517 2101 ctiam
538 2057 577 2100 ex
603 2033 778 2125 improviso
794 2031 884 2100 aliud
903 2033 1170 2122 incommodum,
1188 2033 1276 2128 quod

252 2153 438 2238 Domitius,
462 2153 518 2244 qui
544 2151 611 2219 dies
637 2148 822 2245 complures
845 2151 957 2219 castris
983 2153 1146 2244 Scipionis
1174 2169 1277 2222 castra

253 2268 371 2338 collata
392 2270 578 2354 habuisset,
601 2270 648 2338 rei
672 2269 892 2339 frumentaria
910 2292 1009 2336 causa
1032 2270 1073 2337 ab
1099 2293 1139 2338 eo
1162 2271 1278 2340 disces·

254 2403 355 2476 serat,
377 2402 410 2457 et
432 2387 644 2476 Heracleam,
667 2413 740 2481 quae
759 2401 808 2456 est
833 2386 978 2480 subjecta
1002 2386 1198 2474 Candaviae,
1218 2393 1279 2458 iter

254 2505 394 2592 iecerat,
417 2522 455 2575 ut
480 2509 550 2600 ipsa
573 2508 705 2575 fortuna
719 2489 822 2574 ¹illum
848 2506 988 2599 objicere
1010 2507 1166 2597 Pompeio
1189 2507 1278 2574 vide·

254 2641 355 2694 retur.
382 2629 460 2694 Haec
482 2625 524 2694 ad
550 2625 584 2693 id
609 2641 736 2718 tempus
765 2628 876 2694 Caesar
903 2623 1082 2718 ignorabat.
1107 2623 1230 2710 Simul,
1258 2647 1277 2692 a

253 2745 409 2837 Pompeio
431 2743 547 2813 litteris
569 2735 629 2838 per
649 2768 762 2813 omnes
788 2745 971 2837 provincias
994 2743 1205 2835 civitatesque
1228 2741 1277 2810 di·

254 2863 375 2950 missis,
397 2863 438 2932 de
464 2862 578 2957 proelio
599 2863 641 2932 ad
666 2864 885 2956 Dyrrachium
909 2862 1012 2948 lacto,
1039 2859 1154 2930 elatius
1187 2861 1277 2952 iollae

255 2983 384 3074 tiusque
408 2980 530 3069 multo,
551 3007 648 3075 quam
672 2995 817 3050 reserat
842 2995 951 3074 gesta,
976 2979 1062 3048 lama
1085 2979 1276 3073 percrebue-

254 3113 322 3184 rat,
345 3096 511 3192 «pulsum
535 3101 646 3194 lugere
668 3103 849 3186 Caesarem,
877 3123 968 3190 paene
994 3099 1147 3167 omnibus
1174 3101 1278 3192 copiis

252 3217 417 3284 amissis.»
439 3221 516 3286 Haec
535 3219 653 3287 itinera
673 3218 789 3286 infesta
813 3197 1017 3301 reddiderat,
1036 3217 1104 3284 baec
1125 3219 1275 3286 civitates

254 3333 428 3404 nonnullas
444 3335 485 3402 ab
503 3337 573 3429 ejus
587 3338 730 3406 amicitia
750 3349 921 3404 averterat.
942 3335 1073 3422 Quibus
1091 3334 1212 3402 accidit
1230 3359 1279 3401 re·

253 3454 335 3539 bus,
360 3467 396 3522 ut
421 3451 570 3547 pluribus
593 3455 716 3523 dimissi
740 3452 925 3540 itineribus,
947 3479 966 3521 a
993 3456 1118 3522 Caesare
1142 3450 1183 3518 ad
1205 3455 1278 3520 Do-

256 3573 405 3657 mitium,
423 3587 456 3640 et
475 3572 516 3641 ab
536 3575 684 3642 Domitio
704 3571 747 3640 ad
764 3575 942 3656 Caesarem,
962 3569 1053 3640 nulla
1070 3571 1195 3638 ratione
1217 3570 1281 3637 iter

254 3688 414 3758 conficere
437 3707 581 3784 possent.
600 3690 666 3760 Sed
683 3688 898 3783 Allobroges,
924 3689 1058 3758 Roscilli
1083 3701 1180 3778 atque
1205 3687 1278 3780 AEgi

180 3839 187 3846 ·
255 3805 446 3896 familiares,
465 3834 548 3902 quos
566 3809 747 3903 perfugisse
763 3805 805 3876 ad
825 3811 1018 3904 Pompeium
1038 3806 1278 3875 demonstravi·

186 3920 199 3945 “
254 3945 344 4008 mus,
374 3928 552 4018 conspicati
582 3930 615 3995 in
644 3929 759 3996 itinere
789 3925 1010 4020 exploratores
1040 3925 1192 4009 Domitii,
1221 3949 1278 3993 seu
