3050 4772
420 271 425 306 ⁵
481 293 533 348 nn
552 291 672 352 santo
694 291 857 350 cantico
876 293 945 348 mn
961 295 1025 350 vn.
1223 291 1277 364 ηε

233 413 350 486 videtis
369 441 377 484 ε
394 440 509 510 quem,
532 416 675 511 turpiter
695 441 729 488 se
747 440 787 486 ex
806 418 869 488 hac
889 417 967 512 fuga
986 419 1216 511 recipientem,
1235 445 1277 488 ne

232 557 298 626 quc
321 535 438 604 civitas
462 537 529 604 suis
550 535 671 606 finibus
694 537 846 630 recipiat,
867 561 887 608 a
911 561 965 606 me
987 538 1158 631 provisum
1184 553 1242 608 est.
1261 569 1276 602 >t

280 655 372 724 XXI.
390 653 589 724 Conclamat
603 656 711 726 omnis
728 654 926 742 multitudo,
942 671 976 726 et
990 682 1051 729 suo
1068 680 1161 726 more
1176 661 1295 748 ermis,
1358 694 1362 705 ι

231 788 426 868 concrepat;
444 774 535 868 quod
554 773 663 845 facere
683 777 718 846 in
741 801 781 846 eo
801 790 1021 865 consuerunt,
1042 777 1136 870 cujus
1153 779 1277 846 oratio·

232 915 308 962 nem
323 894 511 986 approbant
528 919 536 962 r
555 919 723 966 summum
736 921 804 966 esse
818 897 1124 992 Vercingetorigem
1139 895 1276 985 ducem,

233 1033 295 1078 nec
311 1010 352 1082 de
364 1013 435 1104 ejus
450 1012 516 1084 fide
534 1012 768 1102 dubitandum
782 1039 844 1086 nee
860 1016 985 1108 majore
1003 1017 1132 1092 ratione
1151 1015 1277 1086 bellum

231 1128 457 1202 administrari
482 1157 587 1226 posse.
609 1135 768 1206 Statuunt
792 1148 830 1204 ut
852 1159 873 1202 x
896 1133 1000 1206 millia
1022 1135 1197 1204 hominum
1219 1134 1278 1204 de·

233 1247 316 1320 lecta
330 1275 371 1320 ex
390 1251 547 1322 omuibus
568 1251 672 1347 copiis
692 1253 727 1322 in
743 1233 905 1347 oppitlurn
927 1253 1194 1324 submittantur:
1216 1279 1277 1324 nec

232 1367 525 1466 solisBiturigibus
542 1396 755 1444 communem
767 1371 906 1445 sulutem
918 1373 1191 1452 committendam
1205 1397 1277 1442 cen·

232 1504 321 1576 sent;
337 1490 428 1582 quod
445 1513 631 1584 psaesens,
648 1493 675 1562 si
693 1491 726 1562 id
749 1492 910 1586 oppidum
930 1493 1160 1588 retinuissent,
1186 1516 1277 1564 sum·

233 1633 321 1680 maru
339 1607 486 1682 victoriae
498 1625 652 1682 constare
664 1609 904 1706 intelligebant.

281 1731 390 1800 xxlt.
419 1729 587 1826 Singulari
616 1730 760 1803 militurn
782 1747 974 1802 nostrorum
995 1733 1111 1800 virtuti
1140 1729 1276 1800 consilia

235 1849 395 1942 cujusque
412 1849 503 1918 rnodi
516 1849 691 1920 Gallorum
709 1850 945 1936 occurrebant,
962 1865 1000 1918 ut
1012 1863 1210 1920 estsummoe
1226 1875 1278 1945 ge-

235 1992 297 2038 nus
314 1967 470 2056 solertis,
490 1983 591 2062 atque
609 1967 781 2040 adomnia
800 1968 958 2042 imitanda
974 1983 1073 2062 atque
1088 1968 1277 2050 efficienda,

157 2183 162 2191 ι
233 2111 307 2181 quae
330 2089 372 2158 ab
394 2113 527 2183 quoque
550 2089 741 2176 tradantur,
759 2079 977 2183 aptissimum.
997 2091 1084 2160 Nam
1101 2103 1134 2159 et
1152 2087 1277 2183 laqueis

234 2207 334 2278 falces
353 2212 566 2298 avertebant,
590 2233 795 2304 quaequam
817 2209 1078 2297 destinaverant,
1104 2212 1278 2280 tormentis

235 2331 397 2402 introrsus
409 2330 837 2424 reducebeut3etaggerern
849 2326 1010 2398 cuniculis
1022 2327 1276 2414 subtrahebant,

235 2474 275 2518 eo
289 2451 460 2532 scientius,
478 2450 570 2543 quod
585 2449 674 2544 apud
688 2474 744 2518 eos
760 2473 888 2543 magnae
905 2463 983 2518 sunt
999 2449 1163 2537 ferrariae,
1178 2464 1277 2542 atque

236 2593 334 2638 omne
349 2593 454 2662 genus
470 2567 702 2640 cuniculorum
719 2581 836 2636 notum
852 2581 951 2660 atque
964 2569 1123 2636 usitatum
1140 2583 1199 2637 est.
1214 2571 1277 2636 To·

236 2704 433 2760 tumentem
447 2716 581 2763 murum
596 2717 635 2760 ex
653 2693 744 2762 omni
760 2705 854 2786 parte
877 2692 1025 2760 turribus
1044 2692 1276 2762 contabulave·
1344 2715 1345 2720 ¹
1393 2767 1401 2774 q

236 2825 328 2898 rant,
351 2824 450 2904 atque
472 2810 531 2880 bes
554 2812 651 2880 coriis
676 2811 869 2880 intexerent.
895 2814 980 2880 Turn
1003 2812 1127 2882 crebris
1148 2811 1276 2882 diurnis

237 2930 474 3023 nocturnisque
490 2930 719 3023 eruptionibus
739 2944 797 2999 aut
816 2931 929 3026 aggeri
947 2931 1058 3026 ignem
1076 2931 1277 3016 inferebant,

237 3065 296 3120 aut
316 3048 438 3122 milites
455 3065 634 3144 occupatos
652 3051 686 3118 in
704 3073 804 3144 opere
822 3049 1079 3135 adoriebantur3
1094 3066 1128 3120 et
1146 3067 1276 3122 nostra-

237 3195 312 3242 rum
329 3171 471 3242 turrium
487 3169 717 3258 altitudinem,
733 3183 893 3265 quantum
915 3170 975 3241 has
991 3170 1204 3264 quotidianus
1219 3197 1277 3266 ag·

239 3315 297 3384 ger
311 3305 534 3385 expresserat,
551 3290 735 3362 commissis
753 3313 886 3364 suarum
904 3291 1046 3390 turrium
1066 3291 1176 3380 malis,
1195 3291 1279 3362 adu

238 3409 400 3503 quabant3
422 3425 456 3482 et
476 3423 610 3508 apertos
624 3407 795 3484 cuniculos
813 3425 952 3503 praeusta
969 3435 1007 3479 ac
1023 3427 1187 3505 praeacuta
1208 3435 1279 3483 mc·

241 3532 337 3616 teria,
353 3544 387 3600 ct
402 3532 475 3624 pice
491 3529 683 3615 fervefacta,
699 3542 732 3598 et
748 3530 881 3598 maximi
897 3527 1053 3623 ponderis
1070 3531 1156 3599 saxis
1171 3555 1279 3598 mora·

239 3649 376 3736 bantur,
392 3649 621 3743 moenibusque
636 3649 905 3744 appropinquare
921 3647 1151 3743 prohibebant.

286 3771 409 3840 XXIII.
437 3771 545 3840 Muris
560 3783 671 3840 autern
687 3768 842 3838 omnibus
859 3766 985 3862 gallicis
1000 3769 1068 3842 hee
1085 3768 1153 3838 fere
1172 3769 1278 3839 forma

240 3903 298 3958 est.
315 3889 437 3964 Trabes
453 3889 600 3973 directe,
623 3901 790 3981 perpetuu
812 3889 845 3956 in
867 3885 1123 3982 longitudinem,
1146 3865 1279 3985 paribus
