3086 4766
281 347 337 412 aba
447 345 478 401 G.
501 344 604 404 suut.
618 345 781 406 OESARIS
801 347 1163 406 cotutuu'ramouum

278 486 350 557 tur,
368 494 511 564 quorum
524 469 568 540 ad
585 470 761 542 arbitrium
775 471 1007 568 judiciumque
1025 499 1155 544 summa
1171 477 1322 546 omnium

278 615 393 660 rerum
410 590 692 686 consiliorumque
711 590 834 664 redeat.
852 591 958 687 quue
974 596 1045 690 ejus
1060 595 1110 664 rei
1126 619 1224 666 causa
1240 598 1324 667 anti-

278 712 390 804 quitus
415 713 604 784 institutum
630 712 781 799 ridetur,
799 738 841 782 nc
863 713 938 807 quis
957 738 997 783 ex
1014 711 1111 808 plebe
1128 727 1245 784 contra
1260 739 1323 810 po·

279 835 457 918 tentionem
474 829 589 906 auxilii
605 849 719 930 egeret
737 859 746 901 ε
766 858 842 902 suos
860 835 952 904 enim
968 835 1109 928 quisque
1125 837 1270 929 opprimi
1289 851 1323 905 et

277 953 514 1022 circumveniri
527 977 597 1024 non
608 955 752 1049 patitur,
767 978 891 1049 neque,
907 953 1004 1024 aliter
1020 955 1048 1023 si
1066 955 1209 1043 faciant,
1220 953 1322 1025 ullam

278 1075 365 1142 inter
385 1098 462 1142 suos
480 1075 604 1144 habent
624 1076 867 1144 auctoritatem.
883 1077 961 1144 Haec
978 1072 1093 1144 eadem
1111 1076 1199 1143 ratio
1219 1077 1322 1146 estin

277 1217 407 1263 summa
420 1195 521 1264 totius
533 1192 651 1264 Gallia
668 1220 676 1263 ι
698 1219 841 1288 namque
857 1218 973 1264 omnes
992 1195 1142 1264 civitates
1161 1196 1195 1262 in
1211 1209 1323 1288 partes

275 1311 390 1383 divisa
404 1328 482 1385 sunt
504 1313 596 1397 duas.

326 1437 403 1504 XII.
418 1435 534 1523 Quum
554 1437 666 1506 Caesar
684 1435 718 1504 in
735 1433 879 1505 Galliam
895 1435 1001 1522 venit,
1016 1432 1152 1503 alterius
1170 1433 1322 1504 factionis

276 1555 446 1650 principes
466 1570 562 1624 erant
576 1554 689 1640 AEdui,
707 1553 843 1625 alterius
860 1555 1015 1648 Sequani.
1030 1555 1074 1621 Hi
1088 1577 1192 1648 quum
1212 1577 1272 1647 per
1288 1577 1322 1623 se

277 1678 389 1744 minus
407 1673 571 1761 valerent,
590 1672 681 1768 quod
701 1699 831 1743 summa
850 1675 1030 1744 auctoritas
1046 1673 1231 1767 antiquitus
1250 1689 1322 1770 erat

278 1795 313 1865 in
330 1793 461 1880 AEduis,
481 1818 673 1890 magnaque
690 1817 806 1866 eorum
825 1808 921 1864 erant
940 1791 1115 1882 clientelae,
1133 1796 1318 1864 Germanos

278 1931 379 2008 atque
392 1917 599 1990 Ariovistum
613 1915 676 1984 sibi
687 1913 924 2008 adjunxerant,
939 1939 1061 2008 eosque
1080 1913 1124 1984 ad
1142 1939 1177 1982 sc
1192 1913 1322 2007 magnis

274 2034 415 2127 jacturis
439 2033 801 2128 pollicitationibusque
822 2034 1055 2129 perduxerant.
1083 2032 1213 2102 Proeliis
1240 2055 1321 2101 vero

277 2153 506 2248 compluribus
518 2155 611 2224 sactis
623 2153 792 2242 secundis,
803 2169 905 2249 atque
915 2155 1007 2222 omni
1019 2152 1193 2222 nobilitate
1203 2151 1323 2222 AEduo·

277 2301 354 2344 rum
376 2275 720 2363 intersecta,.tantum
740 2277 888 2370 potentia
907 2287 1168 2360 antecesserant,
1190 2292 1225 2343 ut
1250 2297 1322 2342 ma·

276 2420 377 2491 gnam
397 2408 526 2490 partem
542 2393 713 2464 clientium
735 2396 777 2464 ab
795 2394 912 2465 AEduis
928 2393 972 2464 ad
990 2419 1025 2464 se
1045 2393 1320 2478 transducerent,

276 2515 473 2610 obsidesque
494 2516 534 2584 ab
552 2517 592 2585 iis
609 2516 799 2610 principum
816 2513 1121 2610 liliosacciperent,
1140 2529 1173 2584 et
1187 2514 1321 2609 publice

271 2638 386 2731 jurare
403 2648 579 2732 cogerent,
597 2634 680 2704 nihil
699 2661 734 2704 se
749 2650 866 2706 contra
884 2639 1054 2731 Sequanos
1075 2635 1204 2706 consilii
1224 2637 1322 2706 initu·

275 2783 345 2843 ros,
362 2771 395 2827 ct
411 2755 691 2852 partemfinitimi
712 2758 800 2852 agri,
818 2781 878 2850 per
898 2757 967 2826 vim
985 2772 1198 2852 occupatam,
1215 2757 1321 2851 possi·

275 2878 411 2964 darent,
433 2875 618 2969 Galliaque
643 2878 744 2946 totius
772 2879 996 2972 principatum
1021 2879 1219 2947 obtinerent.
1243 2879 1319 2967 Qua

275 3001 468 3068 necessitate
494 2999 656 3068 adductus
682 2998 884 3085 Divitiacus,
909 2997 1022 3068 auxilii
1045 2997 1182 3093 petendi
1208 3023 1321 3085 causa,

275 3124 416 3190 Romam
436 3119 479 3188 ad
499 3135 651 3190 senatum
671 3117 854 3213 profectus,
873 3119 995 3188 insecta
1019 3145 1055 3188 re
1075 3121 1229 3192 redierat.
1251 3122 1321 3191 Ad·

275 3240 1019 3326 ventuCaesarissaotacommutationererum,
1030 3239 1321 3310 obsidibusAEduis

275 3360 428 3444 redditis,
447 3359 615 3432 veteribus
638 3357 799 3430 clientelis
817 3361 996 3449 restitutis,
1018 3360 1113 3429 novis
1134 3384 1194 3454 per
1215 3367 1322 3430 tasa-

274 3507 347 3553 rem
375 3481 575 3576 comparatis
602 3478 711 3575 (quod
735 3481 771 3550 bi
795 3481 854 3575 qui
877 3505 912 3550 se
936 3479 979 3550 ad
1000 3504 1115 3550 eorum
1141 3479 1321 3555 amicitiam

275 3616 551 3700 aggregaverant,
565 3600 703 3671 meliore
721 3601 913 3676 conditione
930 3615 1031 3696 atque
1050 3603 1196 3698 aquiorc
1215 3603 1321 3696 impe·

274 3728 325 3794 rio
340 3723 444 3792 secuti
458 3719 651 3816 videbant),
665 3720 803 3816 reliquis
816 3721 916 3790 rebus
929 3747 1063 3810 eorum,
1076 3723 1199 3818 gratia,
1213 3723 1322 3818 digni-

275 3859 410 3940 tateque
426 3839 644 3936 amplificata,
660 3844 807 3938 ¹Sequani
819 3841 1046 3938 principatum
1063 3843 1270 3914 dimiserant.
1280 3846 1321 3912 In

273 3987 389 4034 mm
410 3962 524 4033 locum
540 3965 637 4036 Remi
657 3981 886 4036 successerant
907 3991 915 4034 ε
935 3989 1019 4060 quos
1039 3963 1130 4060 quod
1148 3965 1317 4061 adequare
