3014 4780
507 439 558 496 ua
579 436 705 493 sunno
726 419 935 492 srmcsuo'.
1187 437 1240 494 ψ
1339 428 1350 447 ·

249 571 357 639 XXX.
376 567 488 660 Scipio
507 565 640 632 interim
658 561 726 632 fere
742 559 893 654 quotidie
910 585 976 628 non
997 559 1160 657 longiusa
1177 569 1244 634 suis
1343 603 1347 610 ·

200 692 314 761 castris
325 687 478 782 passibus
491 709 552 756 occ
564 686 727 753 instruere
739 684 859 768 aciem,
874 704 912 749 ac
927 681 1053 774 majore
1068 682 1132 751 diei
1150 699 1244 778 parte

201 822 413 903 consumpte,
429 830 543 875 rursus
560 829 594 874 se
611 806 646 873 in
657 816 771 872 castra
784 803 940 894 recipere.
957 802 1059 890 Quod
1074 827 1177 895 quum
1191 829 1246 873 sae-

202 934 275 1024 pius
296 930 407 1016 fieret,
432 949 539 1019 neque
563 949 602 993 ex
631 925 769 994 Caesaris
798 924 914 991 castris
938 923 1111 1016 quisquam
1138 925 1246 1018 prodi-

201 1067 271 1133 ret,
292 1076 400 1144 neque
419 1051 554 1143 propius
571 1047 642 1139 ejus
664 1047 777 1140 copias
799 1043 985 1128 accederet,
1011 1043 1161 1138 despecta
1187 1071 1244 1140 pa-

203 1174 315 1242 tientia
333 1171 474 1241 Caesaris
498 1170 728 1258 exercitusque
744 1166 833 1258 ejus,
852 1165 1013 1235 universis
1034 1166 1137 1258 copiis
1168 1189 1245 1259 pro·

202 1294 328 1379 ductis,
344 1289 593 1386 elephantisque
610 1269 735 1362 turritis
754 1267 823 1353 xnx
842 1299 918 1354 aute
935 1287 1037 1354 aciem
1057 1285 1245 1371 instructis,

204 1438 305 1508 quam
338 1409 492 1480 latissime
521 1407 631 1503 potuit
662 1413 811 1500 porrecta
846 1407 994 1498 equitum
1030 1404 1245 1500 peditumque

202 1531 431 1616 multitudine,
463 1554 531 1597 uno
557 1541 704 1620 tempore
729 1549 938 1621 progressus,
964 1526 1053 1594 baud
1080 1527 1125 1594 ita
1148 1525 1245 1620 longe

202 1680 221 1722 a
237 1654 374 1750 Caesaris
391 1651 505 1718 castris
521 1648 670 1718 constitit
688 1647 721 1713 iu
740 1669 868 1739 campo.

250 1775 375 1842 xxxt.
397 1770 529 1858 Quibus
550 1767 647 1836 rebus
667 1767 829 1860 cognitis,
848 1769 956 1836 Caesar
981 1765 1076 1857 jubet
1105 1763 1244 1853 milites,

202 1895 259 1985 qui
280 1906 374 1959 extre
395 1889 595 1958 munitiones
621 1899 868 1981 processerant,
894 1885 1017 1979 quique
1043 1884 1245 1979 pabulandi,
1328 1901 1330 1906 '

203 2025 262 2079 aut
292 2008 462 2104 lignandi,
481 2023 539 2076 aut
558 2008 658 2076 etiam
679 2004 848 2073 muniendi
872 2006 979 2100 gratia
999 2003 1115 2073 vallem
1143 2007 1246 2100 petie·

203 2145 293 2212 rant,
311 2130 434 2223 quique
451 2129 492 2196 ad
512 2153 584 2196 eam
606 2151 675 2194 rem
695 2149 779 2219 opus
797 2140 914 2213 erant,
934 2150 1049 2194 omnes
1070 2127 1155 2195 iutra
1174 2151 1247 2196 mu·

205 2251 348 2318 ultiones
376 2249 562 2317 minutatim
590 2246 800 2340 modesteque
826 2247 896 2314 sine
924 2244 1152 2316 tumultuent
1181 2261 1245 2316 ter·

142 2371 146 2378 ’
203 2395 278 2440 rore
294 2395 328 2439 se
357 2371 518 2463 recipere,
547 2383 646 2461 atque
676 2369 710 2434 in
740 2388 838 2459 opere
872 2369 1051 2436 consistere
1084 2393 1091 2435 :
1127 2367 1246 2461 equiti-

204 2490 264 2558 bus
281 2503 407 2572 autem,
426 2489 537 2582 qui-in
556 2489 696 2557 statione
716 2485 863 2570 fuerant,
885 2487 1052 2580 praecipit,
1077 2501 1114 2555 ut
1140 2511 1245 2580 usque

202 2635 242 2679 eo
268 2609 376 2680 locum
395 2609 602 2693 obtinerent,
630 2609 664 2674 in
690 2630 757 2699 quo
782 2603 882 2700 paulo
904 2620 980 2673 ente
1003 2607 1246 2694 constitissent,

204 2731 308 2799 donec
324 2730 365 2797 ab
387 2729 480 2796 hoste
499 2729 633 2794 missum
658 2723 759 2793 telum
782 2725 880 2792 adse
906 2727 1092 2818 perveniret
1120 2751 1128 2792 ε
1153 2724 1245 2818 quod

203 2851 230 2918 si
249 2851 385 2942 propius
405 2845 635 2929 accederetur,
655 2869 754 2938 quam
773 2845 1003 2914 honestissime
1021 2868 1055 2913 se
1074 2846 1160 2913 iutra
1178 2869 1246 2912 mu·

204 2971 346 3037 ultiones
365 2969 557 3060 reciperent.
576 2965 641 3034 Alii
659 2989 791 3058 quoque
809 2966 969 3058 equitatui
988 2963 1102 3051 edicit,
1121 2965 1170 3032 uti
1184 2989 1245 3034 suo

204 3089 343 3180 quisque
360 3085 433 3155 loco
454 3099 587 3180 paratus
606 3098 818 3176 armatusque
838 3099 957 3178 praesto
976 3099 1069 3153 esset.
1099 3082 1151 3154 Ad
1177 3083 1245 3152 lraec

205 3232 273 3277 nou
291 3209 361 3302 ipse
379 3231 438 3301 per
456 3232 490 3276 se
509 3230 636 3293 coram,
652 3230 756 3298 quum
775 3205 815 3273 de
836 3204 923 3274 vallo
939 3204 1246 3300 prospecularetur,

204 3327 278 3415 sed,
298 3328 440 3396 mirabili
469 3328 594 3421 peritus
615 3325 749 3394 scientie
779 3323 937 3411 bellandi,
963 3327 998 3392 in
1021 3327 1177 3420 praetorio
1202 3349 1248 3393 se·

204 3449 300 3535 deus,
318 3471 377 3543 per
397 3444 619 3542 speculatores
637 3461 670 3514 et
694 3447 828 3514 nuntios
853 3435 1051 3538 imperabat,
1072 3470 1148 3539 quae
1176 3445 1247 3513 lieri

203 3567 359 3638 volebat:
377 3565 659 3637 animadvertebat
671 3568 776 3653 enim,
791 3589 979 3658 quanquam
998 3567 1127 3659 magnis
1139 3579 1248 3633 essent

204 3691 308 3782 copiis
328 3689 504 3758 adversarii
523 3686 618 3774 freti,
642 3700 753 3755 tamen
775 3708 860 3780 saepe
880 3709 900 3754 a
925 3709 959 3755 se
983 3683 1123 3779 lugetis,
1145 3681 1248 3778 pulsis

204 3809 466 3903 perterritisque,
488 3821 522 3876 et
541 3830 729 3876 concessam
750 3807 876 3891 vitam,
896 3819 929 3875 et
956 3807 1068 3900 ignota
1089 3816 1249 3898 peccata,

205 3927 326 4017 quibus
339 3929 436 3996 rebus
452 3950 622 4021 nunquam
641 3942 730 3998 tanta
747 3941 935 4023 suppeteret
950 3951 989 3996 ex
1003 3929 1149 4022 ipsorum
1162 3924 1249 3991 iner-

206 4046 252 4113 tia
273 4046 540 4137 conscientiaque
559 4047 661 4115 animi
683 4049 826 4117 victoriae
849 4048 990 4138 fiducia,
1010 4061 1047 4117 ut
1065 4061 1171 4116 castra
1189 4066 1249 4111 sua
