3014 4780
473 455 524 512 un
544 429 669 510 anuo
689 441 938 512 urseauumsr.
1166 454 1218 510 aar

193 600 276 655 esset
290 582 427 671 allatus,
443 605 518 652 cum
531 575 766 676 uilegionibus
784 593 832 648 est
851 579 1017 674 profectus
1033 593 1104 668 ret,
1118 603 1221 674 quum

194 704 236 773 ad
260 727 316 772 eos
336 702 650 796 appropinquasset,
671 700 748 795 liuga
769 701 937 794 perterriti
960 695 1056 769 multi
1076 715 1154 770 sunt
1171 701 1220 768 in-

194 821 338 908 terlecti,
357 820 542 915 complures
565 822 671 914 capti3
696 819 870 913 inquibus
896 819 963 888 duo
985 821 1219 889 centuriones:

193 941 291 1011 multi
319 955 473 1035 praeterea
503 941 601 1010 armis
629 941 717 1008 exuti
750 938 923 1033 fugerunt3
955 962 1097 1032 quorum
1128 953 1221 1010 scuta

195 1078 273 1131 sunt
291 1062 393 1132 relata
412 1085 511 1131 cxxx.

242 1186 285 1250 X.
301 1182 491 1275 Insequenti
512 1179 585 1250 luce
617 1182 795 1274 Arguetius
814 1205 854 1250 ex
869 1179 962 1250 Italia
982 1205 1057 1250 cum
1072 1181 1221 1275 equitatu

196 1303 295 1370 venit.
313 1304 346 1370 Is
358 1303 449 1395 signa
464 1301 723 1394 Saguntinorum
737 1298 897 1386 retulitv,
912 1323 984 1393 quar
997 1300 1038 1368 ab
1048 1299 1221 1394 oppidanis

195 1423 292 1515 cepit.
305 1422 372 1488 Suo
382 1419 454 1488 loco
464 1420 666 1513 preteritum
677 1433 741 1504 est,
751 1417 841 1511 quod
851 1421 976 1512 equites
988 1443 1028 1488 ex
1037 1417 1131 1489 Italia
1145 1445 1220 1490 curn

194 1543 373 1633 Asprenate
398 1539 439 1607 ad
471 1541 630 1608 Caesarem
660 1540 834 1607 venissent.
859 1541 905 1608 Ea
925 1553 1021 1609 nocte
1046 1543 1222 1633 Pompeius

195 1674 299 1729 castra
324 1683 383 1726 sua
402 1659 565 1746 incendit,
589 1672 622 1726 et
640 1657 682 1726 ad
698 1657 887 1726 Cordubam
903 1681 1017 1727 versus
1035 1659 1098 1726 iter
1116 1659 1221 1728 lacere
1297 1713 1304 1730 .

193 1781 301 1872 coepit.
316 1782 404 1862 Rex,
424 1779 557 1846 nomine
576 1776 675 1862 ludo,
696 1778 842 1869 quicum
859 1777 1005 1870 equitatu
1020 1801 1095 1847 suas
1111 1779 1222 1871 copias

194 1898 391 1980 adduxerat,
408 1897 488 1966 dum
509 1897 658 1991 cupidius
666 1918 783 1991 agmen
798 1895 1058 1965 adversariorum
1075 1897 1220 1990 insequi·

195 2031 266 2101 tur,
281 2041 300 2084 a
319 2015 501 2085 vernaculis
518 2014 703 2110 legionariis
722 2029 877 2108 exceptus
891 2030 958 2101 est,
977 2029 1010 2084 ct
1022 2015 1219 2086 interfectus.

241 2137 301 2204 XJ.
321 2138 456 2204 Postero
475 2135 528 2204 die
545 2136 670 2228 equites
693 2135 796 2203 nostri
817 2132 947 2230 longius
971 2133 1013 2204 ad
1032 2135 1221 2206 Cordubam

193 2281 306 2327 versus
333 2257 497 2350 prosecuti
522 2270 598 2325 suot
630 2279 701 2342 eos,
735 2255 792 2348 qui
826 2270 1024 2325 commeatus
1053 2255 1095 2324 ad
1114 2271 1221 2326 castra

196 2376 345 2470 Pompeii
363 2401 402 2445 err
425 2375 548 2471 oppido
570 2375 748 2470 portabant
768 2400 776 2442 ε
794 2399 834 2443 ex
859 2375 898 2444 iis
917 2377 1005 2471 capti
1030 2399 1142 2445 tcum
1165 2376 1219 2468 ju·

195 2497 314 2565 mentis
329 2496 369 2564 ad
383 2511 495 2565 nostra
506 2494 639 2564 adducti
658 2508 736 2562 suut
744 2506 861 2561 castra.
875 2494 1002 2564 Eodem
1011 2494 1064 2563 die
1076 2496 1120 2583 Q.
1131 2497 1221 2564 Mar·
1306 2477 1308 2484 ‚

194 2618 281 2704 cius,
297 2616 448 2684 tribunus
464 2613 672 2706 militumqui
688 2613 802 2680 luisset
815 2614 977 2706 Pompeii,
989 2613 1030 2681 ad
1044 2636 1104 2682 nos
1116 2628 1222 2682 trans·

193 2736 294 2828 sugit,
313 2747 346 2801 et
364 2735 469 2802 noctis
490 2733 586 2800 tertia
606 2715 717 2825 vigilia
730 2732 762 2798 in
779 2730 903 2825 oppido
917 2734 1075 2800 acerrime
1092 2755 1220 2826 pugna·

195 2869 266 2922 tum
279 2865 343 2938 est,
360 2853 533 2944 ignemque
549 2848 689 2919 multum
701 2851 876 2938 miserunt,
886 2851 932 2920 sic
942 2864 978 2919 ut
988 2873 1086 2920 omne
1100 2877 1221 2945 genus,

194 2971 314 3066 quibus
331 2973 415 3064 ignis
424 2994 483 3065 per
493 2972 601 3064 jactus
613 2968 727 3039 solitus
747 2985 796 3039 est
804 2971 910 3056 mitti,
922 2985 1137 3040 exerceretur.
1150 2975 1222 3042 Hoc

193 3091 361 3184 praeterito
386 3105 551 3184 tempore,
575 3093 613 3160 C.
643 3089 835 3160 Fundanius
856 3115 955 3184 eques
980 3115 1155 3180 romanus,
1181 3117 1220 3161 ex

192 3211 306 3279 castris
321 3210 582 3280 adversariorum
597 3209 638 3278 ad
654 3235 714 3279 uos
735 3209 918 3304 transfugit.

241 3332 317 3398 ΧΠ.
346 3333 480 3400 Postero
505 3330 560 3400 die
586 3355 624 3399 ex
654 3328 782 3425 legione
801 3330 976 3401 vernacula
1001 3329 1119 3401 milites
1144 3346 1222 3400 sunt

191 3451 281 3545 capti
298 3449 339 3518 ab
359 3449 525 3544 equitibus
544 3451 664 3520 nostris
684 3449 768 3538 duo,
786 3453 842 3544 qui
862 3451 1035 3536 dixerunt,
1058 3473 1092 3520 se
1110 3475 1221 3520 servos

190 3593 269 3639 esse.
281 3571 395 3658 Quum
412 3570 581 3658 venirent,
599 3571 723 3664 cogniti
732 3585 810 3639 sunt
827 3569 1041 3656 amilitibus,
1053 3569 1111 3662 qui
1126 3583 1221 3637 antea

190 3713 267 3758 curn
280 3689 382 3758 Fabio
410 3703 445 3757 et
467 3689 569 3760 Pedio
594 3691 741 3778 fuerant,
764 3705 797 3758 et
819 3715 836 3758 a
854 3691 1020 3759 Trebonio
1040 3689 1221 3784 transfuge-

190 3822 277 3875 rant.
296 3809 352 3877 Eis
371 3807 413 3876 ad
434 3809 669 3903 ignoscendum
689 3788 781 3879 nulla
799 3825 848 3878 est
866 3809 944 3878 data
962 3806 1100 3878 facultas
1111 3859 1120 3894 ,
1142 3821 1176 3876 et
1200 3831 1220 3876 a

190 3921 349 3994 militibus
367 3929 488 3996 nostris
504 3930 667 3999 interfecti
684 3944 771 3999 sunt.
790 3928 880 3998 Idem
901 3929 1056 4021 temporis
1075 3923 1160 4020 capti
1178 3939 1222 3995 ta·

191 4041 332 4130 bellerii,
350 4046 443 4136 quia
461 4045 618 4116 Corduba
636 4047 677 4116 ad
698 4049 889 4142 Pompeium
904 4047 994 4116 missi
1012 4059 1124 4134 erant,
1143 4069 1219 4138 per-
