3026 4768
417 293 468 351 DE
488 293 606 352 BELLO
628 293 791 352 cunco
812 294 881 352 uu.
897 295 945 350 vt.
1148 304 1199 366 ιω

171 419 226 511 qui
240 417 460 502 conveniunt,
476 431 524 505 et,
544 416 585 486 de
601 432 708 488 morte
728 420 756 488 si
780 443 831 490 res
848 421 883 488 ln
907 421 1126 514 suspicionem
1144 448 1202 493 vc·

167 538 229 615 nit,
246 535 287 605 de
303 537 462 606 uxoribus
474 535 510 604 in
522 535 674 606 servilem
685 538 821 607 modum
835 541 1048 632 quaestionem
1062 542 1201 628 babent,

166 671 214 742 et,
235 655 262 723 si
278 668 488 750 compertum
504 668 570 742 est,
585 656 656 751 igni
675 674 780 751 atque·
793 658 949 730 omnibus
964 661 1137 732 tormentis
1151 685 1202 732 ca·

166 775 329 844 cruciatus
352 773 562 844 interficiunt.
583 780 713 846 Funera
735 793 813 847 sunt
833 802 894 872 pro
913 778 1007 850 cultu
1026 779 1198 878 Gallorur

166 895 341 990 magnifica
352 909 384 964 et
397 911 606 989 sumptuosa3
617 899 807 992 omniaque,
820 901 986 991 quae'vivis
998 901 1091 970 cordi
1104 902 1203 973 brisce

166 1016 386 1102 arbitrantur,
399 1016 433 1083 in
449 1017 560 1109 ignem
575 1015 737 1105 inferunt,
751 1020 851 1090 etiam
861 1019 1037 1090 animalia:
1052 1046 1090 1091 ac
1102 1021 1204 1116 paulo

167 1157 268 1228 supra
286 1135 373 1204 banc
390 1137 586 1205 memoriam
604 1139 689 1208 servi
710 1153 743 1208 et
762 1139 915 1228 clientes,
938 1165 1023 1236 quos
1042 1142 1083 1210 ab
1101 1145 1141 1211 iis
1159 1142 1204 1211 di-

168 1251 270 1354 lectos
285 1279 353 1322 csse
368 1255 554 1344 constabat,
566 1257 665 1350 justis
680 1257 850 1329 funeribus
865 1259 1039 1347 confectis,
1054 1286 1119 1330 uua
1137 1286 1205 1331 cre·

169 1373 355 1442 mabuntur.
619 1357 625 1375 ⁸

218 1497 292 1564 XX.
309 1498 394 1585 Quae
409 1497 558 1566 civitates
572 1496 778 1568 commodius
791 1523 883 1570 suam
900 1497 1138 1593 rempublicam
1151 1501 1206 1568 ad·

172 1615 358 1686 ministrare
370 1617 616 1701 existimantur,
629 1617 752 1714 habent
764 1617 891 1714 legibus
904 1633 1072 1706 sanctum,
1088 1621 1117 1688 si
1131 1622 1205 1712 quis

172 1734 250 1828 quid
269 1734 312 1803 de
330 1734 500 1828 republica
515 1761 534 1804 a
549 1735 696 1806 finitimis
713 1761 847 1806 rumore
863 1761 902 1806 ac
920 1737 1008 1806 fama
1027 1740 1206 1830 acceperit,

169 1855 218 1922 uti
235 1855 278 1922 ad
294 1856 524 1950 magistratum
542 1855 682 1942 deferat,
702 1879 784 1924 neve
800 1880 875 1924 cum
892 1881 960 1949 quo
977 1853 1043 1924 alio
1058 1881 1206 1926 commu-

170 1976 275 2061 nicet;
296 1975 387 2068 quod
412 2000 498 2069 saepe
520 1975 671 2044 homines
696 1977 886 2044 temerarios
913 1990 1014 2069 atque
1037 1977 1207 2070 imperitos

171 2093 262 2164 falsis
271 2095 459 2165 rumoribus
476 2095 608 2182 terreri,
621 2108 656 2163 et
670 2094 712 2162 ad
724 2094 850 2166 facinus
863 2092 987 2188 impelli
998 2094 1053 2182 ,et
1066 2096 1108 2166 de
1120 2122 1208 2167 sum·

172 2217 236 2314 mis
255 2216 353 2285 rebus
371 2213 565 2302 consilium,
585 2239 702 2308 capere
719 2215 889 2309 cognitum
905 2229 964 2284 est.
979 2219 1209 2311 Magistratus,

171 2359 246 2429 quae
265 2337 334 2404 visa
356 2351 449 2424 sunt,
465 2332 649 2421 occultant3
666 2354 803 2428 qunque
821 2358 890 2403 esse
905 2359 945 2404 ex
962 2357 1024 2404 usu
1041 2336 1211 2429 judicave-

170 2457 256 2543 rint,
275 2453 480 2524 multitudini
497 2454 671 2548 produnt:
688 2453 729 2522 de
746 2453 931 2546 republica,
947 2455 1012 2523 nisi
1027 2480 1087 2548 per
1101 2455 1211 2524 conci·

171 2574 271 2660 lium,
286 2574 378 2667 loqui
395 2600 463 2643 non
480 2575 683 2643 conceditur.

222 2693 665 2764 >immanissimorum
693 2692 734 2760 ab
760 2692 822 2760 hac
849 2690 1090 2760 consuetudine
1118 2689 1211 2758 diffe-

172 2829 254 2888 runt
269 2839 276 2882 :
293 2839 371 2883 nam
386 2836 494 2905 neque
508 2810 642 2880 druides
655 2811 795 2898 habent,
807 2811 866 2904 qui
882 2810 979 2880 'rebus
996 2810 1116 2878 divinis
1131 2834 1208 2903 prae·

174 2936 256 3022 sint,
274 2958 381 3027 neque
394 2931 562 3001 sacrificiis
578 2929 723 2999 student.
739 2933 888 3000 Deorum
906 2953 1046 2999 numero
1054 2954 1109 2999 eos
1125 2927 1212 3000 solos

175 3054 321 3140 ducunt,
345 3074 429 3145 quos
443 3045 603 3136 cernunt,
623 3065 657 3118 ct
675 3073 818 3142 quorum
834 3063 947 3144 aperte
965 3048 1084 3142 opibus
1095 3051 1213 3143 juvan-

175 3188 246 3258 tur,
266 3170 393 3258 Solem,
412 3185 444 3239 et
462 3169 668 3255 Vulcanum,
686 3183 719 3237 et
736 3173 889 3238 Lunam:
905 3170 1048 3263 reliquos
1066 3193 1108 3238 ne
1126 3169 1214 3238 fama

175 3291 311 3385 quidem
327 3306 538 3385 acceperunt.
550 3291 629 3360 Vita
643 3291 751 3358 omnis
768 3292 802 3358 in
818 3290 1048 3388 venationibus
1063 3304 1162 3382 atquc
1178 3290 1213 3356 in

176 3411 294 3480 studiis
310 3413 358 3480 rei
378 3409 530 3480 militaris
546 3411 695 3479 consistit
715 3436 723 3478 :
744 3411 785 3480 ab
806 3411 952 3506 parvulis
974 3409 1079 3479 labori
1096 3433 1135 3478 ac
1154 3407 1215 3478 du·

177 3533 263 3600 ritiae
282 3531 426 3600 student.
448 3531 517 3618 Qui
537 3529 721 3600 diutissime
742 3533 928 3626 impuberes
948 3541 1214 3624 permanserunt,

179 3651 358 3721 maximam
379 3652 466 3720 inter
484 3674 559 3719 suos
576 3650 688 3720 ferunt
706 3649 838 3720 laudem
861 3677 869 3720 ε
889 3652 953 3719 boc
975 3649 1018 3718 ali
1038 3661 1214 3736 staturam,

180 3767 225 3838 ali
247 3770 310 3838 hoc
326 3772 427 3858 vires,
453 3793 640 3862 nervosque
661 3771 869 3858 confirmari,
889 3783 1017 3864 putant.
1044 3770 1138 3838 Intra
1159 3790 1216 3836 aur

181 3913 262 3960 num
282 3899 361 3960 vero
379 3892 571 3967 vicesimum
591 3887 721 3960 feminae
738 3893 887 3960 notitiam
908 3889 1074 3974 babuisse,
1092 3889 1126 3956 in
1147 3901 1216 3955 tur·

1018 4032 1070 4077 ro.
