3020 4768
483 400 534 456 DE
554 398 678 454 BELLO
698 398 815 452 CIVILI
835 397 904 452 LIB.
924 398 947 452 I.
1192 407 1224 464 tr

201 529 303 597 suerit
317 552 325 595 :
343 524 491 595 atlucem
504 521 645 592 multum
660 545 718 616 per
730 546 763 590 se
774 519 935 615 pudorem
949 523 1098 590 omnium
1112 523 1229 610 oculis,

201 643 341 714 multum
356 645 453 712 etiam
471 642 682 711 tribunorum
694 639 836 710 militum
854 655 888 708 et
901 642 1129 709 centurionum
1144 667 1229 736 proe·

201 765 337 832 sentiam
358 761 475 830 afferre
495 761 638 854 :quibus
655 759 754 828 rebus
769 760 911 828 coerceri
926 757 1062 843 milites,
1079 775 1111 830 et
1126 762 1160 828 in
1177 761 1229 829 ol-

201 881 277 951 licio
296 881 457 950 contineri
471 877 607 948 soleant
624 879 738 965 Quare
754 879 844 946 omni
861 879 988 947 ratione
1003 905 1072 948 esse
1086 879 1229 949 interdiu

201 999 479 1094 perrumpendum
500 1025 508 1066 t
528 1000 588 1068 etsi
606 996 718 1093 aliquo
737 1012 872 1091 accepto
891 997 1101 1086 detrimento,
1119 1015 1228 1069 tamen

201 1143 328 1188 summa
340 1120 499 1187 exercitus
508 1115 865 1211 salva,locum,quem
878 1124 1089 1211 petant‚capi
1100 1143 1227 1212 posse.»
1281 1147 1288 1162 ⁴

199 1241 277 1306 IIaec
295 1239 393 1306 evicit
412 1239 446 1305 in
461 1235 601 1306 concilio
618 1237 795 1324 sententia;
814 1251 847 1305 et
861 1239 965 1331 prima
987 1236 1059 1306 luce
1072 1239 1230 1332 postridie

200 1358 407 1428 constituunt
424 1356 597 1452 proficisci.

247 1479 397 1546 LXVIII.
420 1482 541 1563 Caesar,
561 1474 736 1568 exploratis
754 1475 961 1570 regionibus,
975 1476 1104 1546 albente
1128 1475 1228 1564 coelo,

200 1621 314 1666 omues
331 1599 443 1689 copias
474 1597 587 1666 castris
608 1595 735 1682 educit,
757 1618 942 1689 magnoque
966 1599 1120 1683 circuitu,
1139 1595 1229 1666 nullo

200 1732 290 1785 certo
302 1717 434 1802 itinere,
446 1715 623 1784 exercitum
634 1713 726 1782 ducit
745 1739 752 1781 :
773 1738 867 1801 nam,
883 1740 955 1808 quaa
971 1717 1087 1784 itinera
1100 1715 1142 1784 ad
1156 1717 1229 1786 Ibe-

200 1859 274 1904 rum
287 1849 385 1927 atque
394 1837 590 1927 Octogesam
601 1833 826 1927 pertinebant,
843 1835 957 1903 castris
966 1835 1108 1904 hostium
1122 1859 1228 1929 oppo-

200 1954 271 2022 sitis
281 1954 485 2022 tenebantur.
504 1954 572 2047 Ipsi
587 1967 681 2021 erant
698 1939 963 2022 transcendendae
973 1952 1074 2022 valles
1084 1955 1229 2022 maximae

199 2097 237 2142 ac
256 2071 471 2160 difficillimae3
489 2097 565 2142 saxa
586 2071 697 2142 multis
713 2070 792 2142 locis
809 2087 975 2167 praerupta
998 2074 1060 2142 iter
1075 2073 1229 2168 impedie-

198 2191 299 2278 bant,
319 2207 357 2261 ut
373 2217 464 2262 arma
483 2217 542 2287 per
563 2216 679 2275 manus
699 2193 880 2260 necessario
898 2191 1121 2277 traderentur,
1141 2191 1228 2260 mili·

198 2325 312 2406 tesque
331 2314 447 2380 inermi
466 2308 691 2405 sublevatique
709 2310 765 2380 alii
782 2313 824 2380 ab
844 2310 915 2382 aliis
933 2336 1087 2407 magnam
1103 2326 1227 2406 partem

200 2431 324 2500 itineris
341 2431 548 2500 conficerent.
567 2429 631 2500 Sed
647 2433 736 2501 hunc
756 2430 901 2500 laborem
920 2432 1092 2502 recusabat
1111 2455 1228 2514 nemo,

200 2550 379 2642 quodcum
397 2552 545 2618 omnium
564 2548 715 2618 laborum
733 2549 833 2618 finem
849 2549 919 2618 fore
940 2550 1185 2634 existimabant,
1202 2551 1228 2618 si

199 2667 326 2738 hostem
350 2671 446 2736 Ibero
475 2666 695 2735 intercludere
719 2681 752 2735 et
777 2666 942 2736 frumento
970 2668 1144 2760 probibere
1171 2693 1228 2762 po·

200 2789 348 2856 tuissent.

245 2909 367 2976 LXIX.
383 2909 430 2974 Ac
443 2906 551 2997 primo
567 2903 735 2974 Afraniani
748 2905 885 2993 milites,
898 2905 1024 2974 visendi
1035 2930 1149 2995 causa,
1164 2905 1228 2976 laeti
1249 2963 1254 2978 ,
1281 2971 1288 2984 ,

199 3051 239 3094 ex
259 3026 373 3094 castris
395 3023 650 3117 procurrebant,
667 3024 974 3119 contumeliosisque
994 3025 1128 3095 vocibus
1148 3051 1226 3120 pro·

200 3143 432 3235 sequebantur,
450 3172 467 3208 c
486 3167 546 3212 uos
564 3146 737 3212 necessarii
757 3146 861 3214 victus
887 3146 996 3239 iuopia
1022 3161 1151 3215 coactos
1175 3147 1225 3216 fu·

200 3286 290 3357 gere,
310 3276 407 3355 atque
424 3261 466 3331 ad
486 3261 626 3330 Ilerdam
645 3265 775 3332 reverti.
798 3267 912 3332 »Erat
929 3266 1016 3332 enim
1036 3265 1098 3334 iter
1114 3289 1132 3333 a
1147 3291 1227 3360 pro-

198 3383 305 3476 posito
322 3380 778 3477 diversum,contrariamque
793 3384 825 3452 iu
841 3399 965 3476 partem
983 3386 1022 3454 iri
1044 3384 1225 3456 videbatur.

198 3505 308 3572 Duces
322 3525 401 3572 vero
422 3527 537 3572 eorum
558 3527 652 3572 suum
680 3501 853 3571 consilium
880 3502 1031 3574 laudibus
1058 3503 1226 3588 ferebant,

199 3621 287 3714 quod
307 3646 341 3690 se
359 3624 473 3691 castris
498 3623 704 3690 tenuissent:
732 3621 938 3715 multumque
963 3647 1077 3692 eorum
1101 3623 1228 3715 opinio·

143 3759 146 3766 '
198 3765 273 3812 nem
304 3743 498 3835 adjuvabat,
532 3743 622 3836 quod
648 3744 717 3811 siue
741 3743 898 3837 jumentis
923 3743 1227 3836 impedimentisque

198 3859 238 3927 ad
261 3863 322 3930 iter
341 3863 502 3955 profectos
525 3863 697 3951 videbant,
720 3879 777 3951 ut,
801 3889 868 3934 uon
892 3887 987 3958 posse
1008 3862 1131 3930 diutius
1155 3863 1228 3929 ino·

197 3980 286 4074 piam
307 3983 484 4070 sustinere,
513 3982 724 4052 confiderent.
750 3984 829 4072 Sed,
859 3985 913 4054 ubi
939 3981 1097 4077 paulatim
1125 3996 1228 4050 retor-
