3060 4768
288 409 342 475 264
462 413 490 467 C.
508 411 606 467 IULII
625 410 787 466 CAESIRIS
809 409 1005 466 comitr.
1027 411 1137 466 LIBER

289 534 484 627 sagittariis,
502 533 722 604 funditoribus
740 535 775 602 in
795 535 942 626 utrisque
959 533 1114 602 cornibus
1130 531 1312 625 dispositis,

287 651 417 745 levique
442 667 608 722 armatura
628 653 714 723 inter
732 654 857 744 equites
877 653 1062 745 interjecta,
1088 653 1157 744 ipse
1173 651 1311 745 pedibus

284 772 409 840 nucum
438 769 558 840 milites
590 795 810 860 concursans,
846 773 1048 864 virtutesque
1080 784 1310 840 veteranorum

272 871 465 983 proeliaque
495 891 664 983 superiora
689 913 965 976 commemorans,
989 887 1177 982 ¹blandeque
1200 885 1313 982 appel·

284 1005 375 1095 lens,
395 987 521 1078 animos
536 1033 651 1078 eorum
672 1009 842 1078 excitabat
863 1009 1001 1077 Tirones
1016 1023 1139 1095 autem,
1152 1009 1210 1100 qui
1226 1032 1314 1077 nun-

283 1151 382 1218 quam
399 1129 433 1196 in
449 1128 519 1198 acie
531 1127 757 1215 dimicassent,
773 1125 978 1211 hortabatur,
994 1155 1012 1192 e
1022 1141 1060 1196 ut
1077 1140 1310 1194 veteranorum

283 1244 436 1338 virtutem
452 1243 712 1334 ‚aemularentum
738 1269 918 1338 eorumque
939 1245 1076 1331 lamam,
1100 1267 1238 1344 nomen,
1264 1241 1313 1312 lc-

283 1385 438 1456 cumque,
455 1363 594 1438 victoria
611 1378 722 1456 perta,
739 1378 896 1458 cuperent
909 1361 1111 1457 possidere.»

330 1483 502 1550 LXXXII.
525 1486 640 1574 Itaque
663 1485 697 1551 in
721 1481 955 1554 circumeundo
971 1483 1149 1551 exercitum
1164 1483 1313 1551 animad-

283 1602 400 1688 vertit,
416 1602 526 1670 hostes
544 1603 632 1672 circa
649 1600 770 1672 vallum
789 1601 971 1696 trepidare,
989 1617 1090 1695 atque
1107 1600 1196 1671 ultro
1214 1603 1313 1672 citro-

283 1745 348 1814 que
367 1721 503 1816 pavidos
520 1745 732 1808 concursare,
754 1735 787 1790 et
809 1719 909 1791 modo
928 1745 962 1790 sc
988 1721 1074 1792 intra
1098 1735 1211 1813 portas
1226 1722 1311 1790 reci-

282 1865 375 1934 pere,
386 1839 485 1910 modo
499 1841 724 1910 inconstanter
735 1837 1012 1932 immoderateque
1022 1835 1154 1933 prodire
1166 1865 1175 1910 ι
1188 1865 1312 1933 quum·

281 1983 345 2051 que
369 1959 456 2027 idem
474 1983 492 2028 a
507 1957 657 2053 pluribus
684 1958 898 2028 animadverti
917 1974 1059 2053 coeptum
1079 1973 1182 2047 esset,
1203 1960 1312 2028 subito

281 2076 379 2170 legati
397 2079 589 2172 evocatique
606 2080 779 2148 obsecrare
794 2082 972 2161 Caesarem,
994 2107 1012 2142 a
1026 2103 1067 2148 ne
1083 2057 1249 2149 dubitaret
1267 2081 1312 2148 si-

282 2219 384 2290 gnum
400 2193 505 2266 dare:
535 2199 705 2270 victoriam
726 2197 786 2264 sibi
806 2199 975 2291 propriam
995 2223 1014 2266 a
1033 2196 1094 2266 diis
1114 2198 1311 2267 immortuli-

281 2315 343 2384 bus
362 2313 525 2408 portendi.
546 2344 562 2379 u
581 2316 761 2384 Dubitante
781 2318 929 2400 Caesare,
950 2331 1048 2408 atque
1066 2341 1181 2386 eorum
1196 2311 1312 2387 ‘studio

281 2434 520 2528 cupiditatique
547 2437 738 2519 resistente,
775 2435 920 2527 sibique,
947 2437 1121 2528 eruptione
1152 2429 1312 2529 pugnari,

282 2580 351 2624 non
369 2553 499 2648 placere
512 2554 717 2638 clamitante,
733 2568 765 2623 et
779 2555 876 2624 etiem
890 2569 989 2648 atque
1007 2556 1107 2650 etiarn¹
1123 2556 1225 2626 aciem
1237 2579 1310 2624 sus·

282 2689 448 2763 tentante,
469 2677 578 2745 subito
594 2673 711 2746 dextro
727 2699 848 2756 cornu,
863 2676 987 2768 injussu
1006 2677 1157 2762 Caesaris,
1179 2674 1312 2744 tubicen

281 2818 301 2862 a
315 2794 473 2864 militibus
483 2787 621 2866 'coactus
637 2817 754 2862 canere
765 2795 872 2890 coepit.
886 2795 963 2882 Quo
980 2793 1133 2880 facto,ab
1149 2794 1312 2864 universis

283 2915 475 2984 cohortibus
495 2916 588 3008 sigua
608 2915 643 2981 in
663 2914 792 2982 hostem
812 2935 937 3005 coepere
962 2913 1093 2995 inferri,
1113 2937 1217 3006 quum
1235 2937 1312 2982 cen·
1389 2977 1393 2994 ,

283 3037 430 3104 turiones
450 3048 583 3126 pectore
603 3032 740 3101 adverso
761 3031 967 3119 resisterent,
988 3033 1087 3123 vique
1106 3035 1315 3102 continerent

283 3151 418 3240 milites,
440 3177 480 3221 ne
499 3153 624 3244 injussu
643 3151 848 3246 imperatoris
868 3162 1120 3238 concurrerent,
1141 3177 1200 3222 nec
1221 3152 1317 3245 quid·

283 3296 381 3365 quam
402 3270 608 3364 proficerent.

332 3392 517 3460 LXXXIII.
536 3388 637 3479 Quod
656 3405 830 3485 postquam
847 3393 957 3462 Cesar
976 3389 1153 3478 intellexit,
1172 3393 1317 3462 incitatis

284 3509 425 3579 militum
440 3511 558 3580 animis
576 3511 683 3580 resisti
699 3509 790 3580 nullo
810 3510 909 3580 modo
925 3533 1037 3604 posse,
1053 3513 1147 3606 signo
1157 3509 1316 3582 Fetr‘rrta-

284 3631 326 3700 ru
346 3629 444 3716 dato,
464 3655 550 3722 equo
571 3628 729 3712 admisso,
750 3633 782 3698 in
801 3631 929 3698 hostem
947 3643 1064 3698 contre
1082 3631 1247 3724 principes
1267 3631 1318 3697 ire

283 3749 463 3818 contendit.
484 3752 511 3817 A
535 3748 651 3818 dextro
667 3750 798 3818 interim
818 3771 921 3818 cornu
939 3731 1122 3819 funditores
1135 3749 1318 3844 sagittarii-

283 3891 349 3960 que
364 3869 493 3938 ccncita
511 3866 574 3936 tela
591 3869 624 3935 in
640 3865 831 3961 elephantos
846 3865 1033 3961 frequentes
1050 3869 1212 3961 injiciunt.
1235 3870 1317 3959 Quo

283 3985 386 4072 facto,
396 3987 525 4068 bestie,
535 3985 675 4056 stridore
689 3984 868 4056 fundarum
884 3986 1096 4082 lapidumque
1110 3988 1316 4084 perterritis,
