3048 4770
374 421 376 426 ,
463 375 514 432 nn
534 376 654 433 annno
673 365 838 456 caterno
861 365 929 434 nn.
946 370 997 432 111.
1211 371 1247 428 er
1278 460 1280 464 Α

208 523 314 595 quum
331 512 460 568 tantum
479 501 645 593 repentini
662 497 802 596 periculi
817 513 935 593 praeter
954 499 1146 593 opinionem
1164 500 1252 567 acci·

210 616 327 706 disset,
338 641 377 686 ac
391 619 461 711 jam
478 621 590 688 omnia
607 619 675 689 fere
690 621 862 714 superiora
878 617 951 687 loca
967 613 1183 686 multitudine
1197 605 1252 686 arss
1313 667 1315 672 η

211 753 378 808 matorum
399 738 565 832 completa
587 742 873 834 conspicerentur,
894 763 1004 831 neque
1029 736 1175 806 subsidio
1196 762 1254 806 ve·

211 859 298 946 niri,
311 883 418 952 neque
436 874 640 928 commeatus
661 860 850 953 supportari
870 856 1060 927 interclusis
1078 857 1253 926 itineribus

212 993 361 1070 possent,
388 1003 493 1073 prope
513 981 582 1072 jam
606 979 779 1073 desperata
801 977 919 1066 salute,
948 973 1118 1044 nonnullae
1138 977 1254 1069 hujus·

213 1095 303 1166 morsi
327 1099 501 1167 sententiae
522 1098 730 1185 dicebantur,
755 1112 810 1184 ut,
838 1094 1084 1191 impedimentis
1106 1093 1253 1184 relictis,

212 1218 387 1309 eruptione
407 1216 509 1306 facta,
530 1217 646 1286 iisdem
669 1218 859 1304 itineribus,
881 1216 1002 1309 quibus
1021 1239 1061 1283 eo
1083 1215 1254 1307 pervenis·

214 1349 304 1424 sent,
323 1335 521 1407 adsalutem
543 1337 793 1406 contenderent.
810 1336 931 1429 Majori
948 1321 1057 1402 tamen
1078 1333 1166 1427 parti
1183 1333 1255 1427 pla·

215 1456 301 1543 cuit,
317 1456 381 1524 hoc
404 1471 571 1525 reservato
592 1457 634 1524 ad
659 1463 850 1525 entremum·
867 1451 1023 1541 consilio,
1049 1454 1183 1522 interim
1204 1456 1253 1524 rei

214 1589 370 1644 eventum
388 1563 547 1670 experiri,
564 1591 599 1644 et
615 1591 722 1645 castra
739 1574 924 1644 defendere.

262 1695 321 1764 IV.
347 1695 445 1763 Brevi
467 1695 575 1788 spatio
603 1696 795 1788 interjecto,
819 1694 875 1762 vix
901 1707 938 1761 ut
962 1693 1014 1761 his
1035 1693 1149 1781 rebus,
1173 1717 1254 1785 quas

216 1815 480 1900 constituissent,
500 1811 702 1882 collocandis
721 1827 819 1907 atque
836 1811 1104 1884 administrandis
1122 1825 1254 1905 tempus

216 1932 365 2018 daretur,
385 1933 494 2001 hostes
510 1957 551 2002 ex
565 1933 721 2001 omnibus
735 1931 902 2026 partibus,
918 1933 1012 2025 signo
1028 1931 1120 2018 dato,
1136 1929 1254 2000 decur·
1371 1928 1373 1937 ’

216 2075 306 2139 rere,
323 2051 449 2145 lapides
464 2077 614 2147 gaesaque
634 2053 668 2119 in
683 2049 806 2120 vallum
823 2051 997 2145 conjicere.
1014 2051 1129 2121 Nostri
1145 2052 1253 2144 primo

217 2173 356 2267 integris
374 2172 502 2252 viribus
519 2172 648 2241 sortiter
665 2195 863 2265 repugnare,
883 2181 991 2266 neque
1006 2169 1254 2240 ullumfrustra

216 2289 321 2360 telum
338 2315 379 2359 ex
390 2289 465 2361 loco
480 2293 648 2384 superiore
662 2291 794 2358 mittere
810 2315 819 2359 z
836 2305 874 2359 ut
889 2314 1026 2383 quaeque
1042 2314 1117 2383 pars
1132 2306 1254 2360 castro·

164 2491 168 2500 ¹
217 2433 294 2478 rum
311 2410 435 2479 nudata
452 2409 679 2481 defensoribus
695 2412 803 2505 premi
815 2410 999 2495 videbatur,
1012 2435 1052 2479 eo
1065 2436 1253 2498 occurrere,

217 2543 253 2597 et
270 2527 429 2598 auxilium
449 2529 554 2618 ferre,
576 2530 633 2600 sed
653 2531 717 2601 hoc
738 2530 904 2624 superari,
925 2530 1016 2623 quod
1037 2523 1255 2600 diuturnitate

217 2669 340 2741 pugnae
354 2648 467 2717 hostes
480 2647 599 2718 defessi
612 2648 729 2744 proelio
744 2647 958 2737 excedebant,
976 2648 1032 2716 alii
1051 2649 1189 2741 integris
1205 2650 1255 2716 vi·

218 2767 313 2835 ribus
326 2767 559 2856 succedebant,
571 2792 713 2861 quarum
724 2793 836 2837 rerum
852 2767 1006 2836 anostris
1022 2779 1159 2859 propter
1173 2791 1254 2860 pau·

220 2886 352 2955 citatem
370 2885 443 2956 fieri
459 2885 544 2956 nihil
560 2895 707 2982 poterat,
726 2911 765 2955 ac
785 2912 853 2956 non
874 2885 974 2954 modo
993 2884 1118 2954 defesso
1135 2911 1175 2955 cx
1192 2912 1255 2981 pu-

218 3029 284 3098 gna
312 3005 512 3096 excedendi,
540 3006 598 3076 sed
624 3031 666 3075 ne
691 3007 803 3076 saucio
828 3005 961 3100 quidem
986 3006 1056 3098 ejus
1083 3004 1169 3094 loci,
1197 3009 1254 3077 ubi

221 3127 431 3215 constiterat,
447 3126 677 3220 relinquendi,
695 3151 734 3195 ae
750 3128 802 3195 sui
818 3125 999 3220 recipiendi
1017 3121 1176 3216 facultas,
1195 3127 1255 3196 da·

219 3241 328 3312 batur.
373 3221 377 3230 ¹

267 3366 309 3433 V.
335 3367 451 3454 Quum
469 3366 539 3459 jam
558 3365 700 3460 amplius
721 3365 812 3436 horis
829 3389 885 3434 sex
905 3367 1115 3434 continenter
1128 3389 1254 3459 pugna·

221 3495 329 3572 retur,
347 3508 386 3554 ac
403 3509 471 3554 non
488 3483 595 3554 solum
613 3485 715 3573 vires,
731 3485 788 3554 sed
804 3485 901 3553 etiam
918 3482 983 3553 tela
1000 3487 1121 3554 nostris
1137 3483 1256 3554 defice·

220 3616 310 3691 rent,
330 3619 430 3698 atque
454 3604 565 3674 hostes
589 3605 697 3674 aerim
721 3605 901 3693 instarent,
926 3602 1255 3700 languidioribusque

221 3724 340 3792 nostris
364 3721 488 3794 vallum
515 3723 666 3794 scindere
689 3737 723 3793 et
746 3723 848 3794 fossas
872 3722 1039 3819 complere
1061 3724 1254 3816 coepissent,

223 3863 337 3935 resque
352 3859 437 3912 esset
452 3843 521 3937 jam
535 3843 578 3912 ad
591 3857 776 3912 extremum
793 3841 955 3937 perducta
974 3865 1106 3927 casum,
1120 3845 1158 3910 Ρ.
1175 3843 1256 3911 Sex·

224 3959 287 4028 tius
307 3960 469 4048 Baculus,
488 3960 650 4055 primipili
672 3963 840 4051 centurio,
859 3985 956 4055 quem
977 3959 1121 4065 Nervico
1140 3959 1256 4056 praelio
