3020 4768
472 369 523 423 DE
543 367 665 422 BELLO
687 365 800 422 ClVlLl
822 365 890 422 Llll.
912 367 933 422 I.
1179 371 1213 428 31

237 497 389 565 XLVIII.
405 491 535 563 Accidit
554 490 653 558 etiam
671 491 882 582 repentinum
903 491 1147 562 incommodum
1166 496 1216 564 bi·

191 585 275 704 duo,
294 639 361 708 quo
379 613 447 680 haec
466 625 557 705 gesta
576 624 662 678 sunt.
681 611 787 678 Tanta
801 610 887 676 enim
914 623 1088 704 tempestas
1108 617 1215 683 coori-

193 752 263 822 tur,
289 751 327 802 ut
349 755 519 824 nunquam
547 729 610 798 illis
632 727 711 798 locis
734 731 873 823 majores
902 753 1004 822 aquas
1023 732 1121 802 fuisse
1140 758 1218 803 con·

191 868 302 923 staret.
318 856 403 921 Turn
422 865 530 918 autem
551 873 591 918 er
608 848 762 918 omnibus
781 851 947 919 montibus
965 852 1056 920 nives
1077 852 1217 946 proluit,

192 997 230 1041 ac
262 995 404 1040 summas
439 969 527 1061 ripas
560 967 703 1038 llnminis
730 971 911 1063 superavit,
941 986 1121 1065 pontesque
1149 997 1218 1040 arn·

193 1093 269 1179 bos,
294 1115 376 1184 quos
400 1091 438 1158 C.
458 1089 579 1157 Fabius
603 1089 741 1176 fecerat,
770 1113 837 1156 uno
854 1089 908 1158 die
933 1092 1117 1184 interrupit.
1136 1094 1219 1182 Quae

194 1235 244 1280 res
261 1233 398 1304 magnas
414 1206 623 1302 difficultates
639 1209 794 1277 exercitui
811 1211 949 1278 Caesaris
967 1210 1087 1279 attulit.
1104 1214 1219 1281 Castra

194 1333 300 1417 enim,
319 1343 358 1398 ut
382 1352 479 1422 supra
502 1327 763 1396 demonstratum
789 1343 855 1415 est,
875 1353 977 1422 quum
1005 1345 1113 1400 essent
1135 1332 1220 1398 inter

194 1448 329 1516 flumina
351 1446 434 1534 duo,
455 1447 594 1517 Sicorim
617 1461 650 1515 et
667 1448 824 1541 Cingam,
846 1448 951 1540 spatio
972 1447 1112 1518 millium
1131 1472 1220 1534 xxx,

195 1583 347 1638 neutrum
372 1569 492 1636 horum
513 1567 644 1635 transiri
664 1581 807 1660 poterat;
835 1570 1081 1661 necessarioque
1106 1593 1220 1638 omnes

195 1687 246 1756 lris
271 1688 429 1782 angustiis
459 1686 722 1755 continebantur.
746 1687 861 1779 Neque
888 1688 1052 1775 civitates,
1077 1711 1149 1780 quse
1179 1686 1221 1755 ad

196 1809 333 1876 Caesaris
359 1806 535 1874 amicitiam
547 1819 766 1893 accesserant,
789 1804 991 1874 frumentum
1012 1820 1221 1900 supportem

134 1991 139 1999 .
197 1951 303 2018 neque
320 1927 362 2012 ii,
376 1926 431 2018 qui
448 1923 638 2018 pabulatum
655 1923 786 2018 longius
808 1926 968 2018 progressi
986 1939 1097 2013 erant,
1122 1927 1223 1994 inter·

198 2044 279 2113 clusi
294 2041 625 2129 fluminibus,reverti
635 2067 646 2130 3
656 2065 763 2135 neque
772 2042 906 2111 maximi
913 2045 1104 2132 comitatus,
1113 2044 1172 2137 qui
1182 2069 1221 2112 ex

198 2160 291 2232 ltalia
305 2159 478 2254 Galliaque
494 2161 689 2248 veniebant,
705 2163 739 2229 in
750 2175 856 2230 castra
875 2164 1046 2255 pervenire
1059 2178 1221 2258 poterant.

198 2283 340 2374 Tempus
357 2294 425 2348 erat
440 2281 518 2348 anni
537 2279 780 2368 difficillimum,
792 2303 866 2374 ‘quo
883 2303 991 2373 neque
1010 2281 1173 2376 lrnrpenta
1188 2283 1222 2350 in

199 2399 343 2468 hibernis
359 2413 471 2486 erant,
490 2421 596 2491 neque
613 2396 752 2469 multum
771 2423 789 2466 a
805 2402 995 2470 maturitate
1015 2400 1167 2488 aberant3
1184 2424 1223 2470 ac

199 2517 344 2588 civitates
363 2519 552 2605 exinanitae,
570 2517 660 2614 quod
679 2517 832 2586 Afranius
851 2541 943 2612 paene
960 2544 1058 2588 omne
1076 2519 1223 2590 frumen·

200 2652 270 2705 tum
288 2639 511 2708 antecessoris
530 2636 707 2705 adventum
725 2635 865 2706 Ilerdam
880 2653 1091 2724 convexernt3
1105 2638 1223 2732 reliqui

201 2754 316 2848 siquid
332 2754 452 2841 luerat,
464 2757 573 2822 Caesar
589 2754 810 2846 superioribus
826 2753 939 2823 diebus
957 2772 1223 2850 consumpserat:

202 2897 335 2966 pecora,
353 2871 443 2966 quod
460 2870 638 2940 secundum
656 2886 787 2964 poterat
804 2895 872 2940 esse
890 2874 1009 2966 inopiae
1026 2875 1224 2965 subsidium,

201 3007 337 3087 propter
361 2989 499 3077 bellum,
523 2989 669 3058 finitimae
689 2991 833 3060 ciuitates
852 2990 982 3086 longius
1005 3011 1224 3068 removerant.

203 3111 272 3198 Qui
293 3125 387 3178 erant
405 3108 582 3203 pabulandi
601 3124 658 3178 aut
677 3109 898 3180 frumentandi
920 3134 1017 3181 cansa
1041 3119 1225 3210 progressi,

203 3227 264 3298 hos
283 3227 544 3298 levisnrmetnrae
560 3229 724 3318 Lusitani,
740 3231 902 3324 peritique
920 3255 1034 3300 earum
1054 3234 1225 3328 regionum

203 3351 315 3419 cetrati
333 3350 491 3418 citerioris
511 3350 689 3442 Hispaniae,
709 3351 994 3440 consectabantur,
1016 3354 1136 3446 quibus
1155 3369 1226 3424 erat

204 3467 348 3562 proclive
364 3483 535 3538 transnare
547 3467 682 3557 flumen,
700 3468 788 3563 quod
801 3471 1005 3541 consuetudo
1025 3495 1139 3540 eorum
1153 3497 1225 3540 om·

205 3588 297 3658 nium
315 3603 381 3674 est,
397 3603 436 3657 ut
454 3589 521 3658 sine
535 3589 665 3658 utribus
677 3588 719 3657 od
739 3591 917 3659 exercitum
933 3615 998 3659 non
1019 3606 1104 3660 eant.

250 3708 370 3776 XLIX.
390 3710 434 3778 At
450 3709 608 3777 exercitus
630 3709 757 3778 Afranii
776 3699 923 3778 oninium
947 3733 1057 3779 rerum
1080 3708 1227 3779 abnnda-

204 3821 260 3891 bat
283 3827 387 3920 copia.
413 3824 557 3896 Multum
573 3842 641 3896 erat
653 3826 856 3898 frumentum
873 3832 1041 3924 provisum
1058 3845 1091 3899 et
1108 3823 1227 3899 conve·

205 3951 292 4009 ctum
309 3945 530 4036 superioribus
546 3947 769 4040 temporibus:
784 3949 923 4020 multum
938 3953 1076 4020 exomni
1096 3951 1228 4044 provin·
