3020 4768
254 403 312 480 276
545 403 662 459 Noto:
685 404 727 459 IN
751 403 901 458 LIBRUM
923 402 1002 456 Vlll.

601 577 648 634 IN
666 576 841 634 LIBRUM
859 577 955 632 VIII.

292 730 356 786 o».
370 731 439 786 xu.
465 711 1083 806 rennco‚pn·ncpe‚0ouan..1u0pumi
1105 727 1231 796 codice„
1253 727 1299 783 nu

257 825 372 879 Vetucc'o
388 824 435 879 vel
456 823 575 879 Venetia.
596 822 650 879 llic
673 822 796 879 Vennco
812 820 885 878 mihi
901 822 1016 878 videtur
1034 820 1112 878 idem
1129 839 1162 876 ac
1182 820 1300 886 Vernio,
1365 879 1367 882 ,

253 933 359 970 nomen
375 915 457 988 hujus
473 915 574 972 Nervii
589 915 753 990 transfugae,
766 934 881 989 quoque
895 916 961 971 Ioco
977 914 1037 970 nati
1050 915 1187 982 honesto,
1201 930 1234 983 v,
1249 909 1301 983 453

253 1019 281 1064 et
298 1018 448 1082 utrumque
466 1009 618 1082 legendum
640 1009 760 1064 Venisco
777 1017 826 1062 aut
846 1007 972 1064 Vern'sto.
991 1006 1092 1062 Oritur
1109 1005 1219 1062 enim-a
1238 997 1300 1077 φὲρ·

252 1119 448 1170 ceetomone
466 1100 635 1157 diminutiva
654 1099 769 1172 φερτὸς,
782 1111 930 1174 prestans,
944 1099 1154 1167 excellens‚vel
1170 1117 1187 1154 a
1204 1115 1300 1171 super-

253 1195 339 1250 lntiva
357 1189 525 1266 φέρτιστος,
541 1193 799 1269 praestantissime,
816 1191 1075 1250 excellentissimus.

293 1311 358 1369 Cer.
376 1312 483 1367 XXVI.
502 1313 662 1366 Lemonnu
681 1311 725 1365 lu
741 1308 835 1365 nostri
852 1307 979 1378 codices3
993 1307 1042 1362 alii
1054 1307 1211 1362 Limonum
1229 1309 1299 1362 Pos-

252 1404 342 1461 terior
359 1403 444 1458 lectio
461 1401 636 1475 preferenda
658 1411 713 1472 est;
730 1402 786 1456 hoc
803 1399 881 1456 enim
901 1418 1008 1455 nomen
1030 1400 1182 1460 Ptolemaeo
1200 1398 1298 1472 Alpo-

253 1513 308 1567 m,
323 1516 339 1550 a
353 1512 445 1570 grueco
457 1490 582 1565 Aornin,
594 1505 719 1568 pratum,
733 1493 831 1548 oritur.
846 1495 882 1548 Et
898 1511 998 1549 revere
1010 1492 1041 1546 in
1059 1491 1147 1565 pratis
1160 1492 1219 1548 haeo
1231 1494 1298 1548 urbs

253 1607 316 1662 quse
330 1586 433 1643 diruitur
444 1587 532 1643 hodie
548 1588 663 1642 Poitiem
680 1604 781 1642 avoce
794 1586 915 1652 Pictavi,
934 1584 964 1640 in
981 1584 1070 1659 pratis
1083 1595 1138 1654 est,
1153 1585 1190 1640 ud
1206 1585 1298 1658 ripam

252 1679 333 1738 Cluui
350 1680 397 1735 vel
415 1679 510 1748 Cleni,
528 1681 557 1735 le
575 1677 667 1736 Cluen.
1188 1691 1190 1698 ·

291 1797 356 1852 Cur.
365 1795 458 1852 XXX.
467 1795 641 1869 Drappetem
661 1791 871 1866 «Manuscripti
888 1811 949 1847 non
965 1802 1062 1847 tumen
1081 1811 1193 1862 omues,
1211 1804 1242 1848 ut
1255 1813 1298 1849 as-

252 1887 322 1944 serit
332 1885 570 1960 Oudendorpius,
582 1886 690 1942 habent
707 1884 748 1940 itu
762 1905 769 1940 ι
784 1904 851 1940 num
868 1895 966 1940 noster
978 1883 1073 1958 regius
1089 1882 1180 1956 5763,
1197 1888 1297 1962 Drap-

250 1992 359 2056 petem,
374 1989 403 2034 et
421 1978 513 2034 codex
532 1975 622 2050 5764,
639 1979 779 2053 Drapten.
797 1977 900 2034 Melius
913 1987 1008 2034 temen
1021 1981 1188 2052 Drappetem
1193 2019 1203 2046 ,
1219 1979 1297 2052 cujus

251 2070 444 2126 nominativus
458 2079 500 2125 est
511 2070 654 2146 Dmppes.
663 2070 729 2125 Vox
737 2069 936 2126 hellenismum
949 2080 1040 2126 sonat.
1053 2093 1066 2120 »
1076 2072 1119 2124 Ita
1127 2071 1163 2124 D.
1173 2071 1297 2128 Achaio-
1364 2111 1367 2117 -

252 2173 303 2218 tre.
312 2163 416 2236 Reipsa
432 2162 464 2219 id
480 2179 587 2218 nomen
602 2181 721 2237 graectun
739 2173 781 2219 est
791 2183 797 2217 :
808 2161 948 2237 originem
966 2163 1043 2218 enim
1060 2161 1298 2236 ducitarpeaet‘u,

252 2273 321 2310 uvas
338 2255 430 2324 culco,
452 2249 616 2326 spectetis,
633 2273 750 2311 umrum
772 2256 907 2325 calcator,
924 2257 972 2311 vel
989 2275 1005 2310 a
1023 2251 1184 2327 spuerem,
1200 2277 1304 2315 senus*
1413 2322 1418 2328 ,

251 2345 401 2420 fugitiuis,
422 2341 519 2419 dpulu,
539 2345 674 2417 famulor,
694 2345 840 2417 ministro,
857 2346 948 2422 frigio3
966 2345 1144 2422 proindeque
1165 2351 1296 2406 scriben-

252 2436 319 2492 dnm
336 2440 497 2514 Drapeten,
521 2457 581 2496 non
598 2450 691 2496 nutem
707 2442 872 2515 Drappeten
889 2457 942 2513 pet·
958 2441 1101 2516 geminum
1121 2441 1244 2498 litteram
1252 2463 1294 2518 p,

251 2547 305 2586 nec
321 2531 450 2607 Drupten
468 2541 620 2588 contracte.

290 2657 355 2714 Cur.
369 2657 431 2713 XL.
454 2657 668 2712 Uxellodunum.
687 2657 774 2722 uIIoc
791 2675 912 2727 nomen,
928 2657 968 2713 nit
985 2657 1111 2715 eruditus
1130 2659 1294 2733 lebuinus,

250 2760 281 2806 ut
298 2752 433 2824 pleraque
451 2749 544 2805 solent
560 2749 678 2805 nomina
698 2749 830 2824 propriu,
847 2761 979 2824 corrupte
996 2751 1100 2826 legitm·
1116 2753 1193 2825 apud
1210 2755 1293 2809 codi-

249 2861 303 2898 ces.
323 2841 378 2898 Alii
394 2843 629 2909 Auciliodunum‚
644 2839 694 2897 alii
709 2843 907 2916 multoplures
923 2845 1129 2899 Uxelludonum
1141 2847 1187 2901 vel
1209 2847 1294 2902 Unel-

250 2935 391 2990 lodunum.
414 2937 517 2991 Noster
543 2933 634 2990 codex
655 2933 748 3010 regius
772 2932 848 3010 5794
874 2936 1060 3004 Velodunum,
1087 2937 1166 3011 quod
1186 2956 1291 2994 nomen

250 3027 352 3083 nullibi
370 3028 408 3083 itu
426 3027 560 3101 scriptum
578 3027 727 3082 invenio.»
753 3029 959 3082 Uxelludwzmn
981 3039 1023 3083 est
1044 3028 1132 3084 hodie
1153 3034 1181 3086 le
1197 3031 1293 3086 Puech

250 3135 288 3174 ou
306 3121 333 3174 le
351 3121 416 3192 Puy
431 3121 569 3188 d'Issolu,
595 3129 626 3174 ut
644 3119 674 3174 id
697 3119 738 3174 Cl.
756 3118 905 3174 D’Anrille
923 3118 1077 3176 certissime
1097 3121 1248 3192 stabilivit,
1265 3134 1293 3178 et

249 3210 374 3268 nominis
387 3211 543 3268 similitudo
558 3211 665 3281 innuit3
682 3230 843 3286 nomenque
860 3211 946 3284 hujus
959 3208 1061 3285 oppidi
1077 3213 1204 3288 undique
1222 3233 1293 3288 prae-

247 3303 339 3377 rupti,
361 3303 453 3360 adhuc
474 3321 593 3377 gmcum
615 3315 665 3360 est.
688 3303 846 3362 Avocibus
870 3303 947 3360 enim
964 3302 1010 3360 ein
1031 3307 1078 3361 vel
1100 3299 1153 3375 etv,
1172 3307 1291 3372 dunum,

247 3414 376 3465 acervos,
387 3397 526 3464 cumulus,
535 3397 617 3451 collis
626 3415 790 3466 mensuetus,
798 3408 826 3453 et
835 3387 1038 3475 idrtnicqoltus
1044 3439 1053 3468 ‚
1063 3399 1166 3468 editus,
1175 3417 1292 3472 compo-

247 3489 324 3544 nitur
339 3490 387 3545 vel
405 3479 557 3559 conflatum,
571 3501 707 3563 sonatque
716 3493 828 3546 Dunwn
841 3493 942 3558 altrum,
952 3491 999 3546 vel
1017 3489 1108 3546 arduo
1120 3502 1292 3560 oscensium

246 3581 286 3637 nit
303 3581 420 3637 Hirtius.
435 3583 546 3638 Nomen
564 3593 656 3638 nutem
673 3582 844 3638 hodiernum
861 3587 955 3640 Issolu
968 3602 984 3638 a
998 3583 1089 3656 priori
1102 3599 1173 3638 voce
1189 3584 1291 3640 Ucetia

247 3674 351 3744 oritnr;
365 3679 393 3730 le
408 3674 505 3731 Pueclt
521 3695 538 3730 a
550 3676 682 3750 podium,
702 3675 802 3732 eodem
820 3693 903 3732 sensu
925 3693 957 3731 ac
974 3678 1095 3732 nuum
1113 3675 1291 3732 Scriberetm

247 3767 333 3842 igitur
352 3767 454 3824 rectius
472 3770 720 3842 Hfflselloclunmn.

769 3844 772 3850 ’
806 3847 956 3904 ELIGIUS
975 3847 1208 3906 JOIIANNIIAU.

556 4021 642 4067 muts
662 4021 762 4068 Pntntt
784 4022 987 4072 VOLUMINIS.
