3050 4772
254 362 310 418 alo
410 362 440 417 C.
462 362 560 418 JULII
585 361 750 420 cmsnffls
770 359 1139 418 COMMENTARIORUM

253 485 427 554 dedemnt.
453 488 519 574 lta,
545 487 624 582 linga
643 487 773 556 timoris
794 482 892 554 simul
909 482 1164 576 calliditatisque
1186 480 1299 575 plena,

253 607 324 674 sine
343 602 412 674 ullo
429 605 632 675 detrimento
648 605 752 675 millia
765 631 834 674 non
850 603 993 699 anplius
1005 629 1029 672 x
1043 603 1210 698 progressi
1225 602 1300 670 lios·

254 739 318 811 tes,
332 725 406 795 loco
419 727 644 796 munitissimo
657 741 764 796 castra
778 737 972 820 posuerunt.
986 722 1084 810 Inde,
1098 727 1202 816 quum
1215 747 1300 815 saepe

254 846 287 912 in
305 844 433 916 insidiis
451 847 578 939 equites
596 845 790 940 peditesque
808 844 1040 940 disponerent,
1061 865 1182 937 magna
1201 841 1300 910 detri-

254 978 368 1033 menta
385 965 544 1034 Romanis
564 967 598 1034 iu
619 964 888 1061 pabulationibus
909 964 1105 1033 inferebant.

301 1085 409 1154 xvtl.
428 1085 531 1173 Quod
542 1110 646 1178 quum
659 1086 806 1156 crebrius
820 1084 1000 1168 accideret,
1014 1109 1054 1152 ex
1068 1085 1199 1178 captivo
1215 1108 1299 1177 quo·

253 1205 332 1274 dam
354 1206 518 1298 comperit
540 1208 652 1275 Caesar
678 1208 861 1293 Correum,
881 1203 1136 1274 Bellovacorum
1156 1203 1296 1291 ducem,

255 1325 512 1395 fortissimorum
527 1323 630 1394 millia
644 1349 679 1395 vr
696 1325 845 1418 peditum
857 1323 1031 1419 delegisse,
1047 1326 1241 1417 equitesque
1259 1348 1299 1392 ex

254 1445 346 1514 omni
369 1468 506 1514 numero
525 1442 630 1532 mille,
649 1470 732 1539 quos
754 1446 790 1513 in
815 1442 941 1513 insidiis
962 1469 1001 1512 eo
1029 1441 1103 1512 loco
1120 1440 1299 1512 collocarat

254 1589 355 1659 quem
372 1563 547 1649 inlocum,
564 1580 701 1658 propter
716 1565 845 1658 copiam
860 1563 1019 1632 frumenti
1036 1589 1075 1632 ac
1087 1562 1216 1656 pabuli,
1233 1567 1300 1632 Ro-

254 1709 371 1754 manos
381 1685 541 1753 missuros
549 1686 868 1778 suspicaretur.Quo
876 1685 1011 1779 cognito
1022 1683 1160 1753 consilio
1165 1737 1175 1772 ,
1189 1686 1299 1752 Caesar

255 1804 401 1900 legiones
414 1803 525 1898 plures
536 1829 635 1898 quam
647 1803 774 1874 solebat
785 1805 914 1891 educit;
924 1807 1189 1898 equitatumque,
1200 1829 1298 1896 quem

257 1925 409 2019 praesidio
417 1950 549 2023 semper
557 1924 808 2019 pabulatoribus
819 1926 950 1994 mittere
959 1924 1300 2018 consuerat,praemit·

256 2047 307 2113 tit.
325 2046 414 2112 Huic
435 2046 620 2140 interponit
636 2043 757 2115 auxilia
773 2042 854 2112 levis
870 2058 1053 2113 armaturae.
1070 2047 1145 2137 Ipse
1162 2068 1237 2112 cum
1258 2042 1300 2112 le·

256 2163 426 2257 giouibus,
440 2189 541 2257 quam
554 2165 830 2257 potestmaxime‚
845 2165 1102 2258 appropinquat.

303 2285 430 2352 XVIII.
447 2288 566 2352 Hostes
584 2285 618 2351 in
635 2283 760 2352 insidiis
776 2283 941 2376 dispositi,
959 2308 1063 2376 quum
1081 2284 1143 2351 sibi
1161 2282 1301 2377 delegis-

256 2418 332 2472 sent
349 2427 504 2496 campum
522 2402 565 2471 ad
585 2429 656 2472 rem
674 2403 854 2499 gerendam
878 2427 946 2472 non
967 2402 1109 2497 amplius
1130 2417 1299 2497 patentem

255 2525 292 2592 in
309 2547 423 2594 omnes
445 2537 557 2616 partes
577 2525 725 2618 passibus
744 2548 787 2610 u,
809 2521 898 2592 silvis
919 2522 1066 2616 undique
1087 2522 1299 2617 impeditissi-

256 2645 388 2713 misaut
403 2640 565 2712 altissimo
583 2642 721 2711 flumine
733 2644 915 2730 munitum,
933 2641 1027 2712 velut
1041 2640 1195 2737 indagine
1210 2643 1300 2711 hunc

258 2763 384 2833 insidiis
416 2761 719 2833 circumdederunt.
753 2761 933 2857 Explorato
969 2763 1114 2832 hostium
1148 2761 1299 2847 consilio,

259 2886 363 2952 nostri
376 2883 419 2952 ad
435 2881 657 2978 proeliandum
673 2884 785 2951 animo
802 2897 903 2976 atque
919 2883 1020 2952 armis
1039 2885 1161 2977 parati,
1180 2907 1300 2976 quum,

258 2999 533 3093 subsequentibus
550 3001 752 3096 legionibus,
768 3000 893 3070 nullam
909 3002 1156 3071 dimicationem
1170 3026 1301 3071 recusa-

259 3131 347 3204 rent,
364 3124 537 3191 turmatim
558 3125 591 3189 in
609 3147 687 3192 eum
704 3120 816 3190 locum
834 3120 1048 3190 devenerunt.
1070 3126 1224 3212 Quorum
1243 3121 1301 3190 ad-

259 3251 360 3307 ventu
385 3263 489 3331 quum
516 3241 579 3308 sibi
602 3243 746 3311 Correus
770 3241 916 3310 oblatam
940 3243 1146 3310 occasionem
1172 3243 1219 3310 rei
1245 3266 1301 3335 ge·

259 3359 368 3428 rendae
400 3359 622 3445 existimaret,
653 3361 798 3454 primum
829 3385 906 3430 cum
933 3361 1047 3454 paucis
1075 3386 1110 3429 se
1137 3361 1301 3447 ostendit,

258 3494 358 3573 atque
381 3479 415 3548 in
443 3479 611 3574 proximas
637 3493 762 3549 turmas
784 3483 945 3574 impetum
972 3481 1061 3550 facit.
1085 3483 1200 3550 Nostri
1222 3506 1302 3550 con·

258 3616 384 3671 stanter
399 3601 569 3670 incursum
584 3601 751 3669 sustinent
764 3601 1011 3686 insidiatorum3
1023 3627 1131 3694 neque
1143 3601 1255 3696 plures
1267 3604 1301 3670 in

258 3747 363 3790 unum
385 3720 496 3791 locum
515 3722 719 3790 conveniunt
738 3747 746 3789 :
767 3719 858 3813 quod
878 3719 1074 3814 plerumque
1093 3723 1301 3815 equestribus

258 3840 383 3934 proeliis
398 3865 502 3934 quum
512 3857 650 3936 propter
663 3838 808 3933 aliquem
819 3843 975 3910 timorem
984 3841 1120 3928 accidit,
1133 3857 1203 3911 tum
1214 3841 1302 3911 mul·

258 3959 401 4029 titudine
417 3961 564 4053 ipsorum
582 3962 818 4030 detrimentum
835 3963 1008 4057 accipitur.
