3020 4768
272 309 309 414 aa
346 323 349 338 '
422 331 459 413 'c
478 345 576 412 sunu
595 355 760 412 cessure
780 355 1145 411 commaramoauu

271 493 405 575 ponam
432 479 595 573 imperant
614 477 702 565 lieri,
730 478 939 572 legionesque
966 501 992 547 11
1013 477 1134 546 flumen
1160 477 1300 546 Sicorim

272 599 468 684 traducunt,
487 611 658 684 castraque
677 598 833 666 muniunt
850 594 937 665 vallo
955 595 1078 689 pedum
1095 619 1155 664 ιιιι.

319 719 423 786 LXII.
442 717 517 804 Qua
531 739 567 783 re
581 739 640 808 per
651 714 874 808 exploratores
885 715 1033 809 cognita,
1051 715 1180 784 summo
1189 713 1301 782 labore

271 835 416 906 militum
427 837 549 918 Caesar,
566 835 759 904 continuato
773 833 860 904 diem
877 847 1071 926 noctemque
1080 857 1181 927 opere
1192 836 1226 901 in
1238 833 1301 902 llu-

273 953 564 1042 mineavertando,
579 953 645 1023 huc
656 955 726 1046 jam
742 937 924 1021 deduxerat
934 977 1019 1039 rem,
1035 969 1073 1020 ut
1081 953 1227 1044 equites,
1240 955 1300 1020 etsi

273 1071 452 1144 difficulter
466 1089 565 1166 atque
583 1097 668 1168 aegre
681 1073 794 1162 fiebat,
810 1085 944 1168 possent
957 1085 1065 1141 tamen
1083 1086 1183 1165 atque
1203 1072 1302 1141 aude-

274 1207 350 1262 rent
361 1191 485 1261 flumen
500 1195 657 1281 transire,
673 1192 796 1286 pedites
813 1215 893 1259 vero
910 1189 1140 1260 tantummodo
1158 1191 1302 1260 humeris

275 1335 313 1380 ac
331 1335 458 1380 summo
467 1327 600 1404 pectore
616 1327 755 1399 exstare,
773 1326 807 1380 et
823 1326 895 1380 tum
911 1309 1082 1379 altitudine
1100 1335 1212 1404 aquas,
1229 1327 1300 1380 turn

275 1431 374 1499 etiam
383 1430 557 1523 rapiditate
566 1430 730 1519 fluminis,
745 1431 786 1500 ad
801 1429 1037 1499 transeundum
1053 1429 1302 1523 impedirentur.

276 1547 341 1618 Sed
358 1563 465 1618 tamen
482 1548 597 1618 eodem
615 1549 683 1618 fere
702 1563 848 1643 ternpore
864 1573 948 1641 pons
964 1549 1000 1616 in
1018 1547 1114 1616 Ibero
1135 1573 1236 1641 prope
1254 1548 1302 1617 ef·

275 1667 380 1739 fectus
401 1669 631 1758 nuntiabatur,
650 1684 683 1739 et
703 1669 738 1736 ia
758 1669 863 1739 Sicori
881 1668 1003 1738 vadum
1019 1667 1254 1762 reperiebatur.

325 1791 448 1857 LXIII.
475 1793 547 1858 Jam
567 1810 645 1858 vcro
662 1815 701 1858 eo
718 1793 822 1883 tnagis
839 1788 887 1857 illi
904 1788 1137 1858 maturandum
1155 1789 1217 1856 iter
1231 1791 1303 1858 exi·

278 1906 464 1976 stimabant.
479 1910 593 2000 Itaque
611 1908 738 1978 duabus
753 1906 965 1976 auxiliaribus
985 1906 1304 1977 cohortibusllerdae

276 2025 428 2118 prasidio
453 2026 589 2112 relictis,
611 2027 764 2097 omnibus
783 2029 886 2122 copiis
904 2028 1041 2096 Sicorim
1061 2041 1252 2114 transeunt,
1270 2041 1305 2095 et

278 2167 354 2214 cum
380 2143 507 2213 duabus
532 2143 731 2240 legionibus,
756 2171 837 2240 quas
855 2147 1078 2240 superioribus
1099 2145 1214 2214 diebus
1238 2161 1305 2214 tra-

278 2261 459 2347 duxerant,
478 2279 583 2332 castra
603 2266 820 2360 conjungunt.
838 2264 1099 2359 Relinquebatur
1115 2267 1236 2335 Caesari
1253 2267 1305 2333 ni-

278 2378 341 2466 hil,
358 2383 421 2450 nisi
434 2385 483 2451 uti
501 2385 650 2475 equitatu
667 2407 783 2478 agmen
800 2384 1061 2454 adversariorum
1076 2382 1306 2453 malehaberet

279 2515 313 2570 et
324 2516 482 2596 carperet.
502 2506 590 2572 Pons
608 2503 695 2571 enirn
717 2505 817 2598 ipsius
837 2527 994 2598 maguum
1011 2503 1185 2571 circuitum
1208 2503 1308 2573 babe-

278 2622 352 2709 bat,
371 2637 408 2690 ut
432 2621 538 2692 multo
557 2623 704 2691 breviore
725 2625 841 2692 itinere
858 2621 907 2691 illi
922 2622 965 2691 ad
987 2623 1120 2691 Iberum
1138 2623 1308 2715 pervenire

280 2755 421 2834 possent.
440 2743 576 2833 Equites
593 2741 636 2809 ab
650 2767 689 2811 eo
708 2744 798 2811 missi
815 2742 938 2811 flumen
957 2755 1142 2827 transeunt;
1160 2755 1192 2810 et
1204 2765 1306 2834 quarn

281 2859 322 2928 de
338 2863 435 2930 tertia
460 2860 570 2955 vigilia
590 2863 735 2930 Petreius
761 2877 861 2955 atque
883 2862 1036 2932 Afranius
1059 2876 1164 2930 castra
1187 2861 1308 2929 movis-

280 2992 367 3064 sent,
385 2996 519 3072 repente
537 3003 605 3048 sese
621 2979 663 3048 ad
680 2981 893 3049 novissimum
911 3004 1027 3074 agmen
1045 2979 1237 3068 ostendunt,
1255 2995 1308 3070 et,

280 3115 400 3191 magna
415 3097 625 3169 multitudine
641 3101 854 3188 circumfusa,
868 3101 990 3169 morari
1008 3115 1107 3193 atque
1126 3101 1190 3170 iter
1209 3102 1310 3195 impe·

280 3216 351 3284 dire
373 3219 542 3312 incipiunt.

330 3337 451 3406 LXIV.
468 3340 577 3406 Prima
592 3337 663 3408 luce
680 3365 719 3409 es
732 3343 953 3435 superioribus
966 3341 1061 3428 locis,
1081 3364 1153 3432 quae
1168 3340 1309 3410 Caesaris

285 3459 396 3526 castris
420 3471 515 3526 eraut
542 3461 733 3553 conjuncta,
765 3462 976 3549 cernebatur,
1007 3459 1170 3554 equitatus
1203 3461 1309 3526 nostri

285 3575 399 3670 proelio
416 3579 608 3647 novissimos
633 3577 765 3647 illoram
793 3581 896 3671 premi
918 3581 1139 3661 vehementer,
1161 3599 1199 3643 ac
1223 3600 1310 3647 nou-

285 3721 452 3790 nunquam
470 3700 630 3768 sustinere
645 3713 827 3766 extremum
841 3723 957 3792 agmen
974 3715 1072 3792 atque
1090 3699 1310 3792 interrumpi;

286 3814 362 3884 alias
373 3819 484 3886 inferri
495 3821 585 3912 signa
597 3867 607 3904 ,
618 3832 652 3887 et
665 3819 891 3887 universarum
902 3821 1087 3890 cohortium
1098 3819 1222 3910 impetu
1237 3843 1312 3888 nos·

285 3951 351 4005 tros
362 3933 500 4030 propelli
510 3961 520 4024 3
530 3935 648 4005 deinde
658 3961 771 4006 rursus
787 3961 960 4010 corrversos
975 3941 1111 4034 insequi.
1126 3940 1219 4008 Totis
1231 3963 1309 4008 vero
