3096 4762
259 398 286 468 jv
577 397 729 452 rorarii
751 397 995 453 tirrannum.
1021 433 1027 444 .

262 515 395 606 quidem
428 515 558 604 accidit,
582 530 620 583 ut
633 514 847 584 alexandrino
869 529 968 608 atque
991 510 1138 580 africano
1152 508 1239 578 bello
1253 509 1303 576 in·

263 649 437 702 teressem:
463 659 536 728 qnae
553 633 638 704 bella
661 658 851 728 quanquam
868 659 908 702 ex
933 647 1026 728 parte
1050 631 1144 700 nobis
1167 632 1302 700 Caesaris

263 777 412 823 sermone
435 769 514 824 sunt
527 749 736 842 nota,tamen
749 753 844 822 aliter
861 753 1013 826 audimus
1037 775 1086 835 ca,
1108 775 1180 842 quae
1190 776 1300 820 rerum

264 873 409 942 novitate
434 882 493 937 ant
517 871 734 941 admiratione
756 897 816 941 nos
838 874 1003 968 capiunt:
1027 868 1133 956 aliter,
1157 897 1229 962 quae
1241 896 1302 965 pro

260 1007 451 1077 testimonio
473 1032 586 1077 sumus
609 1007 775 1078 dicturi.»
795 1009 940 1079 Videtur
957 1024 1066 1078 tamen
1088 1008 1217 1076 Hirtius
1235 1032 1304 1076 non

260 1144 319 1211 ista
336 1139 447 1212 solum
462 1145 647 1236 scripsisse,
662 1142 719 1212 sed
733 1168 940 1244 quaecunque
956 1146 1068 1212 Caesar
1084 1157 1159 1236 post
1179 1139 1305 1210 bellum

219 1350 221 1354 ,
260 1273 416 1368 gallicum
435 1276 586 1369 gessisset
606 1301 710 1370 usque
731 1277 773 1346 ad
792 1277 890 1347 finem
910 1278 995 1345 viter.
1012 1277 1099 1346 Nam
1118 1273 1243 1342 ibidem
1262 1271 1306 1340 le·

260 1432 318 1501 gas
332 1432 341 1476 τ
355 1435 372 1504 a
386 1408 573 1478 Novissime
591 1411 781 1505 imperfecta
797 1411 840 1479 ab
861 1411 961 1479 rebus
978 1409 1078 1503 gestis
1098 1404 1307 1477 Alexandriae

194 1529 197 1536 ⁴
261 1541 403 1632 confeci,
422 1566 526 1636 usque
543 1542 742 1631 aderitum,
758 1569 826 1612 non
845 1541 980 1644 quidem
999 1540 1106 1612 civilis
1129 1540 1306 1610 dissensio÷
1325 1528 1330 1536 ⁶

261 1675 433 1770 nis,quus
457 1675 557 1744 finem
585 1675 715 1746 nullum
744 1676 907 1762 videmus,
934 1675 991 1744 sed
1017 1677 1092 1744 vitae
1117 1675 1267 1751 casaris.
1290 1704 1307 1738 a

266 1814 387 1880 Verum
401 1824 501 1904 puto,
517 1813 544 1879 si
562 1809 638 1878 libri
653 1807 694 1878 de
711 1808 802 1884 Bello
817 1808 1183 1906 Hispaniensiejusdem
1200 1824 1308 1878 essent

262 1943 422 2028 auctoris,
442 1944 491 2011 uti
511 1942 650 2032 Gallici,
669 1942 901 2035 Alexandrini,
922 1959 956 2014 et
973 1943 1122 2024 Africani
1144 1941 1239 2029 belli,
1261 1945 1308 2012 ite

263 2076 488 2170 Hispaniensis
498 2077 596 2145 etiam
606 2076 755 2145 disertim
769 2078 980 2145 meminisset.
994 2077 1064 2145 Nec
1078 2074 1164 2143 liber
1176 2077 1203 2142 is
1215 2075 1307 2144 aliud

264 2208 416 2296 videtur,
434 2233 535 2303 quam
551 2209 768 2303 Epliemeris:
791 2223 828 2276 ut
846 2224 924 2277 sunt
946 2223 1146 2305 argumenta¹
1162 2208 1233 2297 illa,
1253 2234 1307 2279 eo·

263 2343 339 2414 dem
353 2358 516 2440 tempore,
535 2342 682 2435 eJ‘usdem
698 2343 768 2414 diei
777 2355 938 2438 tempore,
955 2339 1160 2441 similiaque,
1174 2365 1248 2435 qnae
1262 2341 1309 2409 ibi

264 2490 456 2546 occurrunt.
474 2477 628 2546 Fortasse
646 2490 696 2546 est
713 2474 819 2554 Balbi.
847 2441 851 2450 .

311 2614 399 2681 Sane
427 2609 574 2681 Cornelii
601 2609 694 2680 Balbi
726 2609 980 2706 Ephemeridem
1012 2611 1127 2681 laudat
1153 2609 1310 2688 Sidonius

265 2744 351 2815 libro
368 2769 419 2834 1x,
446 2743 586 2840 epistola
603 2767 670 2816 xrv.
698 2775 715 2810 a
739 2747 843 2838 Quis,
868 2744 995 2839 inquit,
1016 2743 1119 2814 Balbi
1138 2746 1310 2842 preme·

265 2880 369 2950 rr'dem
385 2879 500 2964 faudo
519 2881 775 2977 adaequaverat?
790 2909 807 2944 a
825 2879 905 2972 Ejus
930 2893 1042 2948 autem
1061 2893 1152 2974 gesta
1172 2880 1311 2948 Caesaris

266 3014 426 3110 signasse,
442 3014 566 3084 indicat
580 3014 759 3084 Suetonius
773 3013 808 3081 in
822 3010 900 3081 Julii
914 3013 997 3100 vita,
1012 3037 1082 3107 cap.
1099 3011 1140 3082 81
1158 3037 1165 3080 :
1178 3013 1312 3106 «Cujus

267 3150 331 3232 rei,
355 3150 490 3242 nequis
508 3145 694 3217 fabulosam
711 3162 770 3216 aut
788 3147 1048 3216 commentitiam
1065 3159 1176 3239 putet,
1195 3159 1313 3215 auctor

266 3297 317 3352 est
326 3279 500 3354 Cornelius
510 3279 632 3351 Balbus
642 3279 915 3351 familiarissimus
924 3280 1099 3350 Caesaris.»
1112 3283 1221 3372 Atque
1231 3277 1311 3348 olim

266 3418 421 3486 exstitere
437 3418 576 3487 Caesaris
591 3415 634 3486 ad
651 3414 742 3488 hunc
757 3416 896 3485 Balbum
917 3411 1134 3510 epistolarum
1154 3412 1249 3500 libri,
1263 3413 1312 3482 fa·

268 3547 466 3620 miliaritatis
481 3551 575 3621 istius
592 3549 732 3639 indices,
752 3565 835 3620 teste
849 3547 978 3620 Gellio.
992 3547 1049 3618 lib.
1065 3573 1156 3631 xvir,
1171 3572 1242 3641 cap.
1261 3571 1295 3642 9.

318 3685 384 3756 Sed
400 3686 427 3755 si
442 3684 537 3756 Balbi
557 3686 750 3780 Ephemeris
764 3709 833 3753 non
852 3686 913 3770 sit,
932 3682 1071 3751 omnino
1089 3696 1207 3751 auctor
1225 3678 1314 3749 illius

269 3821 368 3890 luerit
381 3825 419 3896 G.
435 3825 582 3909 Oratus,
596 3821 637 3889 ab
653 3817 822 3890 nonnullis
831 3816 1036 3886 existimatus
1049 3831 1167 3886 auctor
1180 3840 1313 3903 eorum,

268 3982 341 4054 quae
357 3957 467 4028 Hirtio
482 3957 524 4028 ab
541 3954 613 4025 aliis
633 3954 875 4040 tribuerentur,
894 3949 1174 4044 quemadmodum
1195 3953 1314 4020 Sueto·
