3014 4780
501 399 551 456 DE
573 399 694 455 BELLO
716 400 964 458 HISPANIENSI.
1187 421 1240 476 ²77

208 551 302 596 versa
330 524 582 617 vehementique
607 539 706 593 vento
724 523 938 593 afflictaretur
959 549 1083 617 :quem
1100 527 1147 593 vis
1163 541 1243 594 tem·

207 643 340 736 pestatis
369 644 415 711 ita
440 642 652 728 obscurabat,
685 659 722 710 ut
753 645 807 710 rix
840 645 1027 735 proximum
1063 668 1241 737 agnoscere

206 778 325 856 posset.¹
358 764 464 856 Cujus
494 763 739 833 incommodum
768 789 930 833 summam
961 763 1135 832 utilitatem
1161 765 1240 858 ipsis

206 882 624 975 praebebat.1ta,quumad
635 909 708 952 eum
725 882 833 952 locum
847 898 1025 967 venerunt,
1035 882 1132 975 jubet
1143 883 1239 952 binos

205 1002 331 1094 equites
349 1000 515 1086 incedere,
530 1015 563 1070 et
580 1015 667 1070 rocta
679 1026 740 1096 per
752 1003 1015 1070 adversariorum
1030 1000 1181 1095 praesidia
1197 1002 1240 1071 ad

205 1119 365 1212 oppidum
381 1119 579 1190 contendere
598 1145 607 1188 τ
627 1120 809 1213 mediisque
828 1145 942 1189 eorum
960 1121 1119 1214 praesidiis
1136 1146 1238 1215 quum

205 1253 421 1330 quaereretur,
438 1241 494 1333 qui
517 1239 645 1307 essent?
663 1263 747 1307 unus
763 1264 802 1307 ex
820 1243 941 1309 nostris
961 1238 1148 1334 respondit,
1168 1269 1184 1303 α
1202 1255 1240 1308 nt

205 1355 298 1426 sileat
313 1359 452 1428 verbum
467 1357 597 1428 lacere:
617 1382 692 1425 nam
708 1358 742 1425 id
754 1360 911 1452 temporis
924 1360 1036 1427 conari
1049 1360 1090 1427 ad
1105 1384 1237 1464 murum

203 1476 373 1566 accedere,
392 1492 429 1546 ut
449 1476 610 1570 oppidum
637 1478 781 1569 capiant3
804 1507 820 1542 n
846 1491 878 1545 et
904 1480 1025 1571 partim
1047 1492 1238 1571 tempestate

203 1597 351 1689 impediti
368 1595 480 1692 vigiles
500 1623 568 1666 non
585 1610 738 1690 poterant
757 1595 960 1690 diligentiam
979 1611 1148 1689 praestare,
1165 1622 1239 1689 pnr-

203 1716 262 1783 tim
282 1713 339 1785 illo
354 1740 513 1810 responso
530 1715 791 1785 deterrebantur.
819 1715 931 1802 Quum
950 1714 993 1782 ad
1019 1730 1148 1807 portam
1176 1740 1237 1808 ap·

203 1835 497 1928 propinquassent,
517 1837 612 1929 signo
634 1833 732 1920 dato,
752 1835 793 1902 ab
811 1833 984 1927 oppidanis
1002 1847 1080 1900 sunt
1095 1835 1235 1926 recepti,

203 1967 236 2020 et
256 1952 378 2047 pedites
399 1955 605 2047 equitesque,
625 1951 768 2022 clamore
785 1953 890 2037 lacto,
907 1951 1073 2045 dispositis
1097 1953 1141 2020 ibi
1166 1978 1238 2044 par·

203 2074 282 2159 tim,
297 2074 354 2167 qui
366 2074 785 2166 remansere,eruptiouem
802 2073 836 2140 in
848 2072 1108 2140 adversariorum
1129 2087 1236 2141 castra

202 2191 361 2262 lecerunt.
379 2195 432 2262 Sic
449 2191 531 2261 illud
550 2217 652 2286 quum
672 2191 885 2261 inscientibus
910 2191 1095 2278 accidisset,
1124 2192 1234 2260 existi-

202 2311 314 2382 mabat
334 2337 452 2407 magna
474 2337 550 2406 pers
566 2311 755 2399 hominum,
772 2312 879 2405 quiin
896 2312 935 2379 iis
951 2312 1064 2380 castris
1084 2311 1234 2395 luissent,

202 2455 237 2500 se
256 2457 359 2526 prope
375 2448 489 2526 captos
508 2457 588 2506 esse.

249 2555 309 2622 lv.
330 2557 402 2622 Hoc
418 2554 519 2622 misso
535 2552 578 2622 ad
606 2549 718 2620 Uliam
748 2551 914 2645 praesidio,
933 2555 1051 2636 Caesar,
1079 2566 1115 2620 ut
1133 2555 1233 2620 Porn-

198 2673 311 2764 peium
324 2671 366 2739 ab
379 2696 417 2739 en
426 2674 675 2765 oppugnatione
688 2668 861 2738 deduceret
874 2719 884 2756 ,
898 2669 941 2737 ad
953 2669 1141 2738 Cordubam
1152 2693 1233 2738 con·

199 2788 304 2857 tendit
317 2813 326 2877 ;
344 2813 383 2856 ex
402 2813 469 2880 quo
480 2789 597 2857 itinere
610 2787 761 2857 loricatos
774 2790 863 2858 viros
876 2787 974 2856 fortes
994 2813 1068 2857 curu
1084 2790 1233 2881 equitatu

197 2921 275 2978 ante
294 2909 472 3002 praemisit:
487 2909 544 3001 qui
562 2907 660 2978 simul
676 2885 710 2976 in
725 2923 938 3003 conspectum
956 2907 1071 3002 oppidi
1089 2933 1122 2977 se
1140 2907 1233 2978 dede·

198 3042 295 3113 runt,
310 3027 344 3095 in
360 3027 452 3119 equis
469 3029 681 3121 recipiuntur.
700 3033 771 3098 Hoc
785 3053 805 3098 a
821 3027 1090 3099 Cordubensibus
1111 3051 1233 3120 nequa·

196 3169 296 3239 quam
318 3160 447 3239 poterat
465 3147 692 3216 animadverti.
712 3147 1089 3242 Appropinquantibus,
1109 3171 1149 3215 ex
1173 3171 1233 3240 op·

198 3265 278 3362 pido
296 3267 380 3334 bene
395 3290 515 3360 magna
532 3264 709 3336 multitudo
725 3264 768 3336 ad
787 3256 970 3360 equitatum
988 3264 1231 3335 concidendum

196 3412 299 3482 quum
318 3387 476 3471 exissent,
491 3385 640 3472 loricati,
658 3400 695 3455 ut
715 3409 815 3482 supra
840 3387 1044 3479 scripsimus,
1070 3411 1111 3454 ex
1139 3387 1234 3478 equis

197 3506 451 3594 descenderunt,
470 3522 504 3576 et
520 3530 676 3601 magnum
694 3505 846 3599 proelium
865 3505 1031 3592 fecerunt,
1060 3507 1105 3574 sic
1126 3506 1174 3572 uti
1191 3527 1233 3572 ex

196 3628 325 3698 infinita
341 3627 513 3696 bominum
534 3625 747 3695 multitudine
763 3625 858 3720 pauci
876 3627 910 3692 in
927 3624 1084 3718 oppidum
1104 3647 1138 3691 se
1155 3623 1234 3691 reci·

196 3760 321 3840 pereut.
340 3748 413 3816 Hoc
430 3749 548 3816 timore
566 3746 729 3816 adductus
742 3748 830 3814 Sext.
843 3746 1020 3837 Pompeius
1034 3740 1159 3810 litteras
1170 3741 1233 3810 sre-

200 3866 240 3934 tri
261 3869 369 3954 misit,
385 3884 422 3938 ut
437 3867 589 3937 celeriter
609 3869 671 3937 sibi
688 3864 834 3936 subsidio
850 3866 993 3952 veniret,
1004 3889 1046 3932 ne
1055 3863 1146 3957 prius
1158 3863 1230 3931 Cre·

200 4009 250 4053 sar
270 3985 459 4056 Cordubam
475 4001 625 4080 caperet,
645 4011 744 4079 quam
762 3988 833 4079 ipse
850 3983 907 4053 illo
925 3985 1074 4052 venisset.
1093 3985 1145 4050 Ita
1168 3985 1228 4052 Cn.
