3042 4772
467 425 519 482 un
538 425 660 482 senso
681 425 967 480 maraunamo.
1184 423 1236 492 173
1329 505 1330 510 Ν

204 550 436 636 communivit,
469 564 581 644 atque.
597 549 642 617 ibi
670 546 857 642 praesidium
887 548 1007 641 posuit.
1032 550 1130 618 Hunc
1161 547 1239 642 fuga

204 671 344 738 Pharitae
361 667 577 763 reliquerant;
595 668 763 738 fortiorem
790 665 882 736 illum
902 666 1161 761 propioremque
1176 690 1239 761 op·

205 786 284 881 pido
303 784 514 856 Alexandrini
534 788 722 857 tuebantur.
743 786 810 858 Sed
824 811 900 855 eum
918 801 1051 881 postero
1072 786 1124 855 die
1140 785 1238 854 simili

205 906 331 975 ratione
351 902 560 1001 aggreditur,
577 903 688 999 quod,
706 905 757 974 his
776 905 921 974 obtentis
939 904 1084 993 duobus,
1105 928 1237 973 omnem

205 1017 410 1119 navigiorum
434 1049 606 1096 excursum
627 1040 660 1094 et
678 1026 851 1118 repentina
876 1020 1047 1092 latrocinia
1072 1021 1239 1093 sublatum

206 1145 246 1212 iri
265 1144 448 1213 videbatur.
467 1148 606 1237 Jamque
622 1169 696 1231 eos,
717 1145 774 1237 qui
795 1142 945 1236 praesidio
963 1167 1040 1212 eum
1061 1141 1170 1213 locum
1188 1158 1238 1216 te·

206 1263 347 1348 nebant,
368 1265 538 1334 tormentis
552 1287 592 1332 ex
609 1261 748 1332 navibus
765 1263 959 1358 sagittisque
979 1260 1173 1358 depulerat,
1191 1276 1241 1334 at·

206 1408 269 1477 que
298 1385 332 1453 in
356 1382 515 1478 oppidum
538 1382 725 1479 redegeram
752 1394 786 1452 et
804 1381 991 1452 cohortium
1017 1383 1117 1452 trium
1137 1383 1242 1452 instar

206 1503 378 1572 interram
402 1517 598 1597 exposuerat
627 1525 636 1569 t
657 1525 724 1570 non
743 1503 831 1570 enim
849 1499 959 1595 plures
981 1502 1158 1572 consistere
1175 1527 1236 1571 an·

207 1625 322 1715 gustiae
348 1620 411 1692 loci
439 1622 671 1717 patiebantur:
691 1618 824 1715 reliquas
843 1622 945 1714 copia·
967 1621 1001 1688 in
1020 1621 1159 1690 navibus
1172 1636 1239 1690 sta·

207 1743 328 1811 tionem
344 1741 548 1811 obtinebant.
566 1742 644 1828 Quo
662 1740 748 1810 lacto
765 1741 921 1834 imperat,
937 1753 1070 1832 pontem
1083 1737 1241 1809 adversus

206 1859 332 1930 bostem
350 1859 551 1955 praevallari,
571 1875 621 1948 et,
643 1883 708 1953 qua
727 1859 833 1928 esitus
855 1857 994 1927 navibus
1011 1873 1096 1945 erat,
1117 1857 1242 1928 fornice

206 1993 387 2066 exstructo,
406 2003 473 2074 quo
490 2002 571 2074 pons
584 1979 816 2064 sustinebatur,
826 1975 992 2070 lapidibus
1004 1975 1130 2070 oppleri
1142 1991 1242 2072 atque
1260 2067 1262 2073 A

206 2099 332 2167 obstrui
352 2123 517 2192 :quorum
537 2097 642 2169 altero
660 2122 759 2192 opere
777 2096 914 2184 effecto,
934 2111 972 2164 ut
992 2094 1084 2166 nulla
1100 2098 1240 2165 omnino

206 2217 326 2310 scapha
348 2217 459 2312 egredi
491 2227 618 2311 posset,
647 2216 750 2286 altero
772 2216 940 2299 instituto,
958 2239 1073 2283 omnes
1098 2214 1242 2284 Alexan·

207 2334 378 2407 drinorum
401 2337 504 2431 copiae
523 2361 562 2406 ex
582 2334 707 2431 oppido
726 2359 760 2403 se
778 2335 965 2427 ejecerunt,
984 2349 1017 2402 ot
1035 2347 1150 2403 contra
1168 2358 1242 2403 mu-

207 2454 347 2524 nitiones
362 2458 473 2551 pontis
486 2455 602 2525 latiore
620 2454 693 2525 loco
708 2453 944 2538 constiterunt;
962 2451 1142 2546 eodemque
1156 2465 1240 2521 tem·

207 2597 305 2667 pore,
321 2598 394 2669 quae
419 2590 657 2643 consueverant
674 2574 804 2666 navigia
822 2593 882 2666 per
895 2586 1011 2666 pontes
1029 2570 1071 2640 ad
1089 2571 1241 2642 incendia

206 2694 432 2763 onerariarum
453 2691 621 2778 emittere,
637 2693 678 2761 ad
698 2691 818 2760 molem
836 2693 1091 2760 constituerunt.
1108 2695 1242 2786 Pugna·

207 2814 305 2884 batur
330 2837 349 2884 a
372 2817 491 2883 nostris
517 2837 557 2884 ex
586 2827 703 2907 ponte,
724 2837 764 2881 ex
787 2793 872 2882 mole
892 2839 900 2880 :
924 2811 965 2880 ab
992 2810 1055 2880 illis
1076 2835 1116 2881 ex
1140 2836 1240 2899 area,

206 2957 279 3026 qua
296 2949 368 3002 erat
384 2930 539 3002 adversus
558 2947 707 3026 pontem,
723 2950 756 3001 et
770 2957 809 3000 ex
823 2931 961 3000 navibus
975 2945 1092 3000 contra
1108 2929 1238 3001 molem.

231 3105 234 3114 i
253 3056 328 3121 XX.
347 3051 455 3121 Inhis
472 3053 571 3122 rebus
595 3065 758 3145 occupato
774 3054 919 3134 Caesare,
948 3048 1133 3144 militesque
1162 3051 1240 3120 bor·

207 3184 314 3257 tante,
347 3172 507 3266 remigum
535 3194 675 3265 magnus
702 3191 857 3240 numerus
881 3183 914 3238 et
942 3167 1182 3238 classiariorum
1200 3195 1241 3239 ex

206 3289 313 3385 longis
334 3291 472 3359 navibus
499 3291 619 3360 nostris
639 3291 672 3359 in
693 3288 813 3358 molem
842 3313 876 3358 se
902 3289 1008 3381 ejecit.
1025 3292 1107 3358 Pars
1126 3315 1241 3360 eorum

206 3410 315 3480 studio
340 3409 509 3503 spectandi
538 3409 720 3495 ferebatur,
751 3433 826 3502 pars
854 3407 952 3475 etiam
977 3406 1157 3502 cupiditate
1181 3434 1242 3503 pu-

206 3530 339 3623 gnandi.
359 3531 400 3598 Hi
418 3531 561 3623 primum
578 3528 709 3622 navigia
724 3527 870 3596 bostium
892 3525 1056 3620 lapidibus
1073 3551 1112 3594 ac
1129 3526 1239 3599 fundis

206 3673 224 3716 a
253 3648 339 3718 mole
367 3647 580 3742 repellebant,
608 3671 646 3716 ac
674 3644 815 3716 multum
844 3644 1004 3738 prolicere
1026 3644 1240 3714 multitudine

206 3763 346 3834 telorum
362 3766 567 3838 videbantur.
588 3765 650 3835 Sed
657 3780 837 3862 postquam
858 3761 945 3832 ultra
962 3787 1037 3832 eum
1057 3761 1184 3850 locum,
1198 3765 1240 3834 ab

207 3879 307 3952 latere
317 3909 431 3953 eorum
443 3901 574 3979 aperto,
592 3887 663 3955 ausi
680 3900 757 3954 sunt
774 3882 884 3978 egredi
897 3907 936 3952 ex
949 3881 1086 3951 naribus
1100 3881 1240 3953 Alexan·

206 3997 294 4068 drini
315 4003 428 4095 pauci3
447 4019 484 4072 ut
501 4006 570 4072 sine
587 4007 689 4097 signis
709 4005 872 4097 certisque
892 4000 1085 4088 ordinibus,
1101 4004 1172 4072 sine
1191 4027 1242 4070 ra·
