3088 4766
318 343 354 412 78
473 347 503 400 C.
521 345 538 398 J
542 345 619 400 utu
640 345 801 402 CAESlllllS
822 344 1185 403 connaturatuffltuu

317 484 405 538 stero
421 467 475 538 dre
487 468 681 563 productos
691 469 807 540 eodem
815 469 888 541 loco
895 495 986 564 quo
995 469 1218 564 superioribus
1227 469 1344 540 diebus

316 589 527 677 constiterat,
541 589 576 657 in
588 591 657 658 acie
672 586 821 660 collocat.
837 590 888 660 Ne
900 593 1008 660 Varus
1024 587 1158 682 quidem
1166 589 1275 662 Attius
1287 587 1344 657 du·

315 708 399 778 bitat
408 710 520 803 copias
529 709 807 803 producere‚sive
816 708 1012 781 sollicitandi
1023 708 1240 798 milites,sive
1248 729 1341 802 aquo

261 839 262 842 ’
318 826 391 898 loco
400 828 579 900 dimicandi
591 827 689 898 detur
699 830 898 919 occasio,ne
907 828 1094 900 facultatem
1102 829 1341 923 praetermittat.

318 948 320 956 ’
363 949 520 1018 XXXIV.
547 951 627 1018 Erat
649 947 743 1018 vallis
768 949 854 1020 inter
875 948 956 1018 duas
986 950 1091 1036 acies,
1118 961 1157 1016 ut
1177 971 1276 1040 supra
1289 947 1342 1017 de·

317 1078 537 1136 monstratum
548 1080 613 1155 est,
629 1092 696 1137 non
712 1069 758 1136 ita
772 1091 911 1161 magno,
925 1081 983 1138 aut
998 1063 1123 1136 difficili
1134 1080 1168 1135 et
1180 1065 1285 1134 arduo
1293 1091 1342 1136 as·

208 1196 213 1204 ’
314 1208 423 1254 censu.
440 1189 533 1254 blanc
549 1201 688 1279 uterquc
703 1189 731 1256 si
748 1185 1011 1259 adversariorum
1021 1186 1123 1280 copiae
1136 1186 1276 1254 transire
1289 1209 1341 1256 co·

315 1318 472 1374 narentur
490 1307 717 1400 exspectabat,
738 1332 805 1401 quo
823 1307 966 1400 aequiore
983 1305 1056 1376 loco
1077 1306 1228 1400 proelium
1254 1331 1341 1377 coru·

314 1425 469 1494 mitteret.
481 1424 893 1497 Simulabsinistrocornu
901 1429 938 1495 P.
948 1426 1031 1496 attii
1041 1426 1206 1519 equitatus
1215 1427 1340 1514 omnis,

313 1559 348 1614 et
364 1569 430 1616 una
447 1544 529 1614 levis
541 1559 715 1616 armaturae
733 1547 893 1641 interjecti
913 1543 1119 1640 complures,
1136 1569 1238 1638 quum
1258 1569 1293 1616 se
1304 1548 1340 1616 in

314 1663 433 1735 vallam
455 1663 684 1752 demitterent,
703 1667 934 1738 cernebantur.
953 1664 1003 1737 lld
1020 1689 1077 1737 eos
1094 1666 1196 1736 Curio
1215 1666 1343 1758 equita·

252 1763 254 1766 ¹
314 1797 405 1874 tum,
425 1799 459 1854 et
482 1784 563 1856 duas
583 1785 848 1857 Marrucinorum
873 1785 1023 1856 cohortes
1051 1785 1179 1854 mittit:
1199 1807 1341 1876 quorum

314 1905 458 1997 primum
480 1907 639 1999 impetum
662 1905 787 1998 equites
815 1905 958 1974 hostiurn
979 1929 1046 1974 non
1076 1903 1244 1992 tulerunt,
1266 1903 1339 1991 sed,

313 2021 463 2098 admissis
487 2025 596 2116 equis,
615 2022 655 2092 ad
677 2049 753 2094 suos
772 2023 963 2118 refugerunt
982 2023 1111 2093 :relicti
1132 2025 1172 2092 ab
1192 2025 1259 2109 his,
1282 2027 1340 2118 qui

314 2166 381 2212 una
402 2157 651 2237 procurrerant,
678 2141 758 2216 levis
799 2158 971 2214 armaturae
1000 2144 1340 2216 circumveniebantur

313 2279 412 2358 atque
423 2263 703 2334 interficiebantur
710 2265 751 2333 ab
767 2266 897 2334 nostris.
915 2270 990 2335 Huc
1005 2277 1074 2335 tota
1087 2265 1167 2336 Vari
1182 2289 1340 2334 conversa

312 2386 398 2453 acies
409 2407 485 2452 suos
495 2383 649 2477 lugercet
658 2383 787 2454 concidi
804 2384 946 2453 videbat.
959 2387 1044 2454 Turn
1054 2382 1203 2471 Rebilus,
1214 2383 1339 2478 legatus

312 2504 575 2596 Caesaris,quem
584 2504 687 2574 Curio
700 2527 810 2573 secum
829 2529 869 2572 ex
882 2503 992 2574 Sicilia
1007 2503 1159 2593 duxerat,
1169 2505 1259 2597 quod
1271 2530 1338 2578 ma·

311 2647 414 2717 guum
430 2623 551 2692 habere
565 2647 660 2694 usum
677 2626 712 2693 in
722 2649 758 2694 re
773 2624 907 2694 militari
923 2624 1066 2694 sciebat:
1081 2627 1340 2712 «Perterritum,

313 2743 437 2836 inquit,
455 2745 584 2813 hostem
599 2743 709 2832 vides,
726 2746 854 2814 Curio:
871 2743 952 2839 quid
967 2742 1097 2814 dubitas
1113 2746 1162 2814 uti
1182 2748 1338 2839 temporis

86 2852 91 2860 ’
208 2855 211 2864 ¹
311 2863 676 2958 opportunitateiollle
686 2889 789 2936 unum
798 2863 1013 2955 elocutus,ut
1022 2866 1179 2935 memoria
1189 2879 1338 2934 tenerent

312 2983 430 3054 milites
445 3009 501 3071 ea,
515 3008 589 3078 qua
605 2983 712 3076 pridie
731 2984 793 3054 sibi
810 2985 1077 3074 confirmassent,
1094 2986 1183 3080 sequi
1203 3007 1271 3055 sese
1285 2984 1339 3077 ju·

311 3103 382 3188 bet,
408 3116 442 3170 et
460 3103 631 3196 praecurrit
655 3117 732 3172 ante
759 3127 874 3174 omnes
897 3102 1069 3198 :adeoque
1094 3119 1164 3172 erat
1184 3101 1338 3199 impedita

311 3219 421 3309 vallis,
444 3235 481 3289 ut
505 3222 539 3290 in
556 3245 710 3306 ascensu,
730 3225 793 3292 nisi
819 3221 978 3294 sublevati
1002 3225 1124 3312 esuis,
1147 3226 1244 3317 primi
1270 3248 1337 3292 uon

311 3337 406 3408 boile
419 3341 631 3410 eniterentur.
644 3341 709 3411 Sed
722 3357 966 3436 preoccupatus
978 3321 1106 3414 animus
1121 3345 1337 3412 Attianorum

311 3457 453 3530 militum
471 3461 605 3546 timore,
625 3475 659 3530 et
675 3462 770 3556 suga,
790 3477 823 3532 et
841 3462 929 3532 caede
948 3447 1103 3548 suorum,
1123 3459 1203 3530 nibil
1223 3459 1264 3528 de
1282 3485 1335 3530 re·

311 3579 456 3650 sistendo
471 3581 652 3676 cogitabat,
665 3607 841 3674 omnesque
852 3583 920 3675 jam
934 3606 968 3650 se
979 3580 1022 3650 ab
1035 3581 1180 3672 equitatu
1194 3579 1337 3648 circum·

310 3701 415 3770 veniri
434 3693 696 3770 arbitrabantur.
722 3703 836 3792 ltaque
858 3699 966 3792 prius,
992 3723 1091 3792 quam
1118 3697 1220 3767 telum
1240 3697 1337 3792 adjici

312 3835 438 3914 posset,
457 3836 515 3891 aut
530 3821 634 3890 nostri
652 3821 789 3914 propius
805 3818 1009 3904 accederent,
1028 3819 1135 3890 omnis
1153 3821 1232 3890 Vari
1254 3820 1339 3890 acies

313 3943 537 4034 larguerat,
553 3963 652 4034 seque
669 3940 704 4008 in
724 3951 829 4008 castra
847 3939 978 4031 recepit.
