3050 4772
235 413 291 473 ²¹4
391 407 421 466 ὓ
443 396 540 462 suun
561 401 729 461 cAEsAms
751 401 1116 460 conotnNTnmortUM

233 544 323 598 cunt.
337 534 419 599 Erat
431 555 450 600 a
464 529 756 624 septemtrionibus
769 526 989 715 cottpuem,
1004 541 1140 620 propter
1152 527 1280 620 magni·
1331 509 1337 520 ’

235 649 387 719 tudinem
398 648 572 738 circuitus,
582 675 684 745 opere
696 649 846 742 circump
859 648 923 715 ecti
937 671 1004 714 non
1019 659 1199 740 potuerant
1208 670 1282 714 nos·

235 771 294 858 tri3
323 772 575 866 necessarioque
599 795 691 867 paene
716 770 832 864 iniquo
854 765 928 836 loco
955 783 988 836 et
1019 765 1137 836 leniter
1161 765 1281 835 declivi

235 907 343 963 castra
367 892 525 962 fecerant.
546 897 625 963 Haec
649 893 688 962 C.
715 891 878 962 Antistius
896 889 1044 983 Reginus
1068 903 1103 956 et
1121 889 1160 956 C.
1180 888 1281 956 Cani-

237 1013 312 1080 nius
331 1011 485 1097 Rebilus,
503 1013 618 1109 legati,
636 1037 712 1082 cum
731 1010 858 1080 duabus
873 1009 1060 1103 legionibus
1077 1008 1281 1077 obtinebant.

238 1134 389 1227 Cognitis
406 1158 466 1227 per
486 1132 711 1229 exploratores
727 1131 933 1227 regionibus,
949 1129 1051 1198 duces
1074 1129 1221 1199 hostium
1241 1154 1287 1198 nx

154 1303 155 1306 ,
239 1250 344 1320 millia
366 1277 406 1320 ex
433 1254 525 1322 omni
546 1279 687 1324 numero
706 1251 858 1348 deligunt
876 1275 990 1320 earum
1009 1251 1185 1320 'civitatum
1213 1273 1286 1342 quae

239 1373 417 1442 maximam
447 1375 579 1442 virtutis
605 1375 797 1468 opinionem
825 1372 1005 1459 habebant;
1030 1369 1126 1464 quid,
1153 1394 1286 1464 quoque

240 1506 338 1587 pacto
356 1495 409 1588 agi
426 1493 570 1588 placeat,
596 1492 724 1564 occulte
742 1496 828 1562 inter
848 1517 882 1561 se
897 1493 1119 1578 constituunt3
1143 1488 1285 1559 adeundi

242 1625 373 1705 tempus
393 1611 571 1700 definiunt,
593 1639 697 1708 quum
719 1611 873 1682 meridies
891 1635 961 1680 esse
985 1612 1146 1679 videatur.
1168 1611 1212 1678 Iis
1234 1635 1288 1680 co-

242 1731 305 1824 piis
319 1731 610 1827 Vergasillaunnm
632 1735 840 1816 Arvernum,
858 1755 963 1806 unum,
980 1757 1020 1799 ex
1035 1745 1179 1824 quatuor
1198 1727 1289 1798 duci·

243 1851 319 1939 bus,
347 1854 575 1947 propinquum
601 1853 902 1948 Vercingetorigis,
926 1852 1122 1948 praeficiunt.
1149 1850 1226 1938 Ille,
1249 1877 1289 1919 ex

243 1972 359 2040 castris
376 1974 487 2067 prima
500 1973 612 2069 vigilia
629 1999 793 2068 egressus,
811 1998 915 2068 prope
935 1973 1087 2042 confecto
1103 1969 1289 2041 sub'lucem

244 2092 376 2181 itinere,
400 2107 476 2188 post
492 2107 640 2162 montem
663 2119 697 2162 se
722 2087 914 2174 occultavit,
936 2091 1123 2185 militesque
1145 2117 1185 2160 ex
1207 2118 1288 2162 noc-

245 2228 348 2282 turno
364 2211 477 2284 labore
493 2237 564 2285 sese
581 2212 716 2282 reficere
729 2214 837 2306 jussit.
853 2213 968 2300 Quum
979 2213 1049 2305 jam
1066 2213 1220 2281 meridies
1236 2238 1292 2306 ap·

247 2335 473 2428 propinquare
489 2333 676 2422 videretur,
697 2333 739 2402 ad
756 2358 793 2402 ea
810 2346 914 2402 castra
933 2357 1006 2424 quae
1021 2355 1122 2425 supra
1139 2332 1293 2402 demons-

248 2455 408 2522 travimus
437 2452 627 2539 contendit;
658 2451 841 2546 eodemque
875 2467 1024 2546 tempore
1054 2451 1219 2546 equitatus
1248 2455 1291 2522 ad

248 2587 448 2669 campestres
466 2575 667 2642 munitiones
693 2573 871 2662 accedere,
892 2585 925 2640 et
943 2570 1078 2665 reliquae
1099 2573 1203 2667 copiae
1224 2599 1292 2642 sese

249 2718 312 2788 pro
327 2695 443 2762 castris
460 2693 633 2762 ostendere
649 2708 829 2788 coeperunt.

298 2815 487 2884 LXXXIV.
504 2813 774 2907 Vercingetorix,
794 2839 834 2882 ex
849 2839 925 2884 arce
943 2813 1060 2885 Alesiae
1073 2839 1149 2884 suos
1165 2816 1294 2908 conspi-

251 2947 359 3020 catus,
379 2961 417 3004 ex
436 2933 560 3030 oppido
577 2934 762 3029 egreditur3
779 2959 797 3002 a
816 2936 931 3004 castris
954 2933 1146 3031 longurios,
1159 2959 1293 3003 muscu-

252 3050 317 3141 los,
339 3053 454 3143 falces,
474 3053 667 3148 reliquaque
689 3077 762 3147 quae
776 3053 961 3149 eruptionis
983 3079 1080 3124 causa
1105 3068 1294 3149 paraverat,

253 3175 389 3269 profert.
405 3178 588 3270 ¹Pugnatur
611 3199 679 3243 uno
705 3190 855 3269 tempore
878 3174 1033 3244 omnibus
1054 3174 1135 3244 locis
1158 3175 1295 3261 acriter,

253 3310 352 3388 atque
367 3295 479 3364 omnia
498 3308 678 3364 tentantur.
693 3295 770 3384 Qua
783 3295 921 3364 minime
937 3295 1006 3362 visa
1024 3319 1099 3387 pars
1117 3293 1215 3364 firma
1230 3309 1296 3382 est,

255 3418 320 3485 huc
339 3417 560 3484 concurritur.
586 3419 816 3485 Romanorum
842 3439 960 3484 manus
987 3416 1084 3483 tantis
1108 3415 1298 3484 munitioni·

255 3534 317 3604 bus
333 3535 526 3620 distinetur,
536 3559 598 3603 nec
610 3533 705 3604 facile
717 3531 868 3629 pluribus
881 3533 960 3604 locis
975 3536 1132 3604 occurrit.
1150 3534 1296 3606 Multum

255 3653 297 3722 ad
329 3653 500 3723 terrendos
532 3668 662 3723 nostros
693 3654 796 3723 valuit
822 3653 947 3723 clamor
976 3655 1033 3747 qui
1064 3670 1140 3749 post
1168 3670 1297 3751 tergum

257 3774 483 3868 pugnantibus
508 3775 648 3860 exstitit,
674 3774 763 3868 quod
791 3798 887 3843 suum
913 3773 1099 3868 periculum
1125 3777 1160 3843 in
1192 3773 1299 3844 aliena

256 3891 370 3961 vident
410 3894 534 3962 virtute
565 3895 743 3964 consistere
776 3919 783 3960 τ
822 3896 934 3962 omnia
975 3896 1064 3962 enim
1103 3893 1299 3990 plerumque

258 4035 330 4104 quae
355 4014 477 4082 absunt
496 4014 724 4084 vehementius
743 4015 918 4083 hominurn
946 4030 1072 4084 mentes
1094 4016 1297 4109 perturbant.
