3038 4766
302 379 338 443 'ti
453 376 484 430 (ὲ
504 375 603 430 suun
624 373 786 430 GAESABJS
807 373 1174 430 commentorium

301 499 393 566 nium
411 499 541 569 incessit
556 499 670 581 timor3
688 521 764 566 nam
781 498 807 566 is
819 498 918 566 variis
932 498 1105 568 bominum
1121 495 1329 564 sermonibus

299 614 448 686 celeriter
461 629 610 710 augetur.
624 617 860 709 Unusquisque
877 617 965 688 enim
985 617 1157 709 opiniones
1170 614 1328 708 fingebat,

299 750 332 804 et
350 734 392 803 ad
410 735 460 820 id,
479 734 569 829 quod
584 735 625 804 ab
647 733 712 803 alio
729 735 895 824 audierat,
916 735 965 805 sui
992 732 1119 829 aliquid
1130 735 1259 804 timoris
1274 735 1329 804 ad·

301 855 408 925 debat.
438 859 510 925 Hoc
531 855 589 924 ubi
612 879 679 922 uno
696 868 830 924 auctore
858 854 900 923 ad
926 852 1036 949 plures
1059 868 1327 948 permanaverat,

302 989 400 1067 atque
418 972 502 1043 alius
518 972 573 1042 alii
603 971 799 1060 tradiderat,
820 972 931 1068 plures
950 987 1100 1044 auctores
1122 974 1192 1066 ejus
1209 975 1256 1043 rei
1283 975 1328 1042 vi·

301 1092 474 1162 dabantur.
484 1091 762 1177 «Civilebellum3
775 1116 878 1185 genus
894 1091 1080 1180 bominum,
1094 1092 1184 1186 quod
1198 1089 1327 1182 liceret,

300 1210 402 1299 libere
422 1210 546 1300 faeere3
561 1228 595 1282 et
611 1213 719 1305 sequi,
736 1211 825 1305 quod
841 1209 947 1280 veliet
967 1241 984 1275 u
999 1212 1160 1305 Legiones
1176 1236 1236 1300 eae,
1255 1237 1329 1305 quae

300 1328 400 1424 paulo
426 1346 503 1400 ante
527 1330 615 1425 apud
638 1331 842 1400 adversarios
867 1329 1029 1426 fuerant(
1049 1331 1243 1401 nemetiam
1261 1334 1328 1401 Cae·

301 1450 380 1518 saris
397 1449 594 1518 bneficium
612 1464 797 1518 mutaverat
813 1448 1036 1535 consuetudo,
1050 1473 1115 1543 qua
1127 1448 1328 1518 offerrentur

301 1569 520 1662 municipia),
534 1571 631 1638 etiam
651 1567 786 1638 diversis
805 1567 953 1661 partibus
969 1569 1151 1661 conjuncte
1169 1567 1328 1661 (nemque

300 1689 386 1757 euim
405 1713 446 1758 ex
462 1690 582 1758 Marsis
598 1687 806 1784 Peliguisque
823 1687 1016 1772 veniebant,
1034 1687 1143 1780 utqui
1160 1689 1327 1780 superiore

300 1822 397 1877 nocte
416 1810 449 1876 in
473 1809 729 1903 contuberniis),
754 1805 1057 1899 commilitonesque
1084 1802 1235 1875 nonnulli
1256 1832 1328 1902 gra·

300 1905 406 1996 viores
422 1953 586 1998 sermones
603 1926 746 1997 miiitum
763 1925 862 2021 vulgo
880 1925 993 1994 durius
1007 1926 1233 2019 accipiebant:
1250 1951 1328 1994 non·

300 2045 390 2114 nulla
405 2046 502 2114 etiam
519 2047 560 2114 ab
580 2047 635 2134 iis,
651 2047 708 2139 qui
726 2044 949 2140 diligentiores
965 2043 1069 2114 videri
1082 2043 1253 2134 volebant,
1266 2045 1327 2116 iiu-

300 2164 470 2258 gebautur.

345 2285 451 2352 XXX.
469 2283 600 2373 Quibus
612 2284 654 2353 de
669 2285 776 2354 musis
787 2281 924 2353 consilio
939 2298 1135 2372 convocato,
1147 2281 1187 2352 de
1201 2309 1326 2354 summa

299 2427 409 2472 rerum
428 2401 609 2472 deliberare
627 2403 752 2495 incipit
771 2405 874 2472 Eram
897 2403 1084 2486 sententiae,
1112 2426 1185 2495 quae
1206 2428 1328 2473 conan-

298 2520 377 2590 dmn
391 2522 545 2592 omnibus
563 2521 687 2610 modu,
703 2536 874 2614 castraque
889 2523 968 2590 Vari
981 2522 1204 2616 oppugnanda
1218 2547 1328 2592 cense-

298 2657 387 2730 rent3
410 2642 500 2736 quod
523 2641 712 2736 hujusmodi
735 2639 877 2710 militum
896 2639 1040 2712 consiliis
1063 2640 1168 2710 otium
1190 2643 1328 2710 maxime

299 2762 502 2832 contrarium
520 2787 590 2831 esse
607 2761 867 2831 arbitrarentur:
888 2775 1052 2854 postremo
1068 2775 1222 2854 praestare
1238 2759 1327 2828 dice·

298 2882 396 2969 bant,
416 2906 500 2976 oper
519 2883 677 2951 virtmem
697 2881 731 2949 in
754 2905 865 2974 pugna
883 2877 960 2949 beili
977 2879 1143 2951 fortunam
1167 2877 1326 2970 experiri,

298 3025 410 3093 quem,
442 3001 586 3070 desertos
601 3013 634 3068 et
663 3001 902 3068 circumventos
925 2997 967 3066 ab
994 2999 1074 3086 suis,
1100 2998 1327 3093 gravissimum

299 3117 495 3212 supplicium
508 3120 588 3212 pati.
606 3147 623 3184 a
643 3119 747 3186 Porro
767 3129 877 3204 erant,
897 3118 953 3210 qui
972 3130 1159 3203 censerent,
1173 3116 1213 3186 de
1233 3115 1328 3186 tertia

298 3236 411 3330 vigilia
438 3238 471 3306 in
513 3251 621 3305 eastra
658 3233 813 3306 Cornelia
850 3234 1085 3321 recedendum,
1114 3249 1169 3318 ut,
1204 3236 1328 3329 majore

299 3357 405 3450 spatio
425 3355 582 3449 temporis
601 3356 791 3448 interjecto,
809 3351 952 3423 miiitum
973 3367 1096 3422 mentes
1113 3367 1329 3436 sanarentur;

298 3473 415 3564 simul,
444 3475 471 3544 si
495 3473 576 3568 quid
595 3475 728 3568 gravius
751 3471 939 3557 accidisset,
966 3493 1086 3565 magna
1115 3467 1329 3537 multitudine

298 3597 432 3665 navium
444 3609 478 3664 et
492 3596 596 3663 tutius
612 3608 646 3662 et
658 3591 785 3662 facilius
803 3594 837 3662 in
854 3589 998 3661 Siciliam
1014 3604 1165 3682 receptus
1181 3586 1327 3657 deretur.

346 3717 471 3784 xxxt.
484 3714 602 3802 Curio,
621 3725 797 3802 utrumque
813 3709 1002 3803 improbans
1017 3704 1206 3791 consilium,
1221 3729 1328 3798 quan·

299 3847 369 3902 tum
385 3832 480 3902 alteri
498 3833 667 3904 sententia
683 3831 809 3899 deesset
826 3829 945 3915 animi,
963 3840 1091 3896 tantum
1107 3821 1201 3894 alteri
1220 3850 1331 3920 super*-

299 3975 369 4024 esse
397 3951 528 4022 dicebat
552 3978 560 4021 :
582 3953 641 4022 bos
663 3949 856 4044 turpissimae
889 3947 1156 4042 superationem
1190 3945 1327 4045 habere,
