<?xml version="1.0" encoding="UTF-8"?>
<!DOCTYPE html PUBLIC "-//W3C//DTD XHTML 1.0 Transitional//EN"
    "http://www.w3.org/TR/xhtml1/DTD/xhtml1-transitional.dtd">
<html xmlns="http://www.w3.org/1999/xhtml" xml:lang="en" lang="en">
 <head>
  <title>
</title>
<meta http-equiv="Content-Type" content="text/html;charset=utf-8" />
  <meta name='ocr-system' content='tesseract 3.04.00' />
  <meta name='ocr-capabilities' content='ocr_page ocr_carea ocr_par ocr_line ocrx_word'/>
</head>
<body>
  <div class='ocr_page' id='page_1' title='image "./cjcaesarisopera00caesgoog_0394.png"; bbox 0 0 3038 4766; ppageno 0'>
   <div class='ocr_carea' id='block_1_1' title="bbox 165 347 1172 412">
    <p class='ocr_par' dir='ltr' id='par_1_1' title="bbox 165 347 1172 412">
     <span class='ocr_line' id='line_1_1' title="bbox 165 347 1172 412; baseline 0.002 -5"><span class='ocrx_word' id='word_1_1' title='bbox 165 375 167 382; x_wconf 61' lang='grc'>’</span> <span class='ocrx_word' id='word_1_2' title='bbox 269 350 307 407; x_wconf 85' lang='grc'><strong>88</strong></span> <span class='ocrx_word' id='word_1_3' title='bbox 425 355 455 409; x_wconf 74' lang='lat' dir='ltr'><strong>C„</strong></span> <span class='ocrx_word' id='word_1_4' title='bbox 474 353 572 410; x_wconf 84' lang='lat' dir='ltr'>JULII</span> <span class='ocrx_word' id='word_1_5' title='bbox 593 347 755 412; x_wconf 76' lang='lat' dir='ltr'>CAESARIS</span> <span class='ocrx_word' id='word_1_6' title='bbox 776 351 1172 410; x_wconf 67' lang='lat' dir='ltr'><strong>dommulum·</strong></span> 
     </span>
    </p>
   </div>
   <div class='ocr_carea' id='block_1_2' title="bbox 232 475 1296 931">
    <p class='ocr_par' dir='ltr' id='par_1_2' title="bbox 232 475 1296 931">
     <span class='ocr_line' id='line_1_2' title="bbox 269 475 1294 574; baseline 0 -28"><span class='ocrx_word' id='word_1_7' title='bbox 269 480 303 546; x_wconf 91' lang='lat' dir='ltr'><strong>in</strong></span> <span class='ocrx_word' id='word_1_8' title='bbox 322 479 490 572; x_wconf 83' lang='lat' dir='ltr'><strong>integrum</strong></span> <span class='ocrx_word' id='word_1_9' title='bbox 506 479 666 565; x_wconf 84' lang='lat' dir='ltr'><strong>restituit3</strong></span> <span class='ocrx_word' id='word_1_10' title='bbox 682 480 740 574; x_wconf 92' lang='lat' dir='ltr'><strong>qui</strong></span> <span class='ocrx_word' id='word_1_11' title='bbox 758 503 793 549; x_wconf 92' lang='lat' dir='ltr'><strong>se</strong></span> <span class='ocrx_word' id='word_1_12' title='bbox 808 477 857 548; x_wconf 94' lang='lat' dir='ltr'><strong>illi</strong></span> <span class='ocrx_word' id='word_1_13' title='bbox 874 479 970 550; x_wconf 89' lang='lat' dir='ltr'><strong>initio</strong></span> <span class='ocrx_word' id='word_1_14' title='bbox 988 477 1093 553; x_wconf 81' lang='lat' dir='ltr'><strong>civilis</strong></span> <span class='ocrx_word' id='word_1_15' title='bbox 1105 475 1183 553; x_wconf 85' lang='lat' dir='ltr'><strong>belli</strong></span> <span class='ocrx_word' id='word_1_16' title='bbox 1199 477 1294 547; x_wconf 86' lang='lat' dir='ltr'><strong>obtu-</strong></span> 
     </span>
     <span class='ocr_line' id='line_1_3' title="bbox 268 595 1296 694; baseline -0.001 -28"><span class='ocrx_word' id='word_1_17' title='bbox 268 597 392 683; x_wconf 81' lang='lat' dir='ltr'><strong>lerant,</strong></span> <span class='ocrx_word' id='word_1_18' title='bbox 416 600 442 666; x_wconf 88' lang='lat' dir='ltr'><strong>si</strong></span> <span class='ocrx_word' id='word_1_19' title='bbox 464 621 525 668; x_wconf 86' lang='lat' dir='ltr'><strong>sua</strong></span> <span class='ocrx_word' id='word_1_20' title='bbox 543 621 642 694; x_wconf 88' lang='lat' dir='ltr'><strong>opera</strong></span> <span class='ocrx_word' id='word_1_21' title='bbox 663 599 698 667; x_wconf 91' lang='lat' dir='ltr'><strong>in</strong></span> <span class='ocrx_word' id='word_1_22' title='bbox 723 596 809 667; x_wconf 92' lang='lat' dir='ltr'><strong>bello</strong></span> <span class='ocrx_word' id='word_1_23' title='bbox 833 599 883 667; x_wconf 89' lang='lat' dir='ltr'><strong>uti</strong></span> <span class='ocrx_word' id='word_1_24' title='bbox 905 596 1021 686; x_wconf 82' lang='lat' dir='ltr'><strong>vellet,</strong></span> <span class='ocrx_word' id='word_1_25' title='bbox 1047 595 1187 692; x_wconf 81' lang='lat' dir='ltr'>proinde</span> <span class='ocrx_word' id='word_1_26' title='bbox 1213 599 1296 665; x_wconf 77' lang='lat' dir='ltr'><strong>esti·</strong></span> 
     </span>
     <span class='ocr_line' id='line_1_4' title="bbox 267 715 1295 811; baseline -0.002 -25"><span class='ocrx_word' id='word_1_27' title='bbox 267 742 380 804; x_wconf 88' lang='lat' dir='ltr'><strong>mans,</strong></span> <span class='ocrx_word' id='word_1_28' title='bbox 404 717 490 786; x_wconf 87' lang='lat' dir='ltr'><strong>acsi</strong></span> <span class='ocrx_word' id='word_1_29' title='bbox 512 741 592 786; x_wconf 89' lang='lat' dir='ltr'><strong>usus</strong></span> <span class='ocrx_word' id='word_1_30' title='bbox 613 731 716 806; x_wconf 88' lang='lat' dir='ltr'><strong>esset,</strong></span> <span class='ocrx_word' id='word_1_31' title='bbox 735 717 893 811; x_wconf 84' lang='lat' dir='ltr'><strong>quoniam</strong></span> <span class='ocrx_word' id='word_1_32' title='bbox 915 718 965 786; x_wconf 90' lang='lat' dir='ltr'><strong>sui</strong></span> <span class='ocrx_word' id='word_1_33' title='bbox 987 715 1137 786; x_wconf 76' lang='lat' dir='ltr'><strong>fecissent</strong></span> <span class='ocrx_word' id='word_1_34' title='bbox 1156 727 1295 810; x_wconf 81' lang='lat' dir='ltr'><strong>potesta·</strong></span> 
     </span>
     <span class='ocr_line' id='line_1_5' title="bbox 232 831 1294 931; baseline 0.001 -28"><span class='ocrx_word' id='word_1_35' title='bbox 232 916 239 930; x_wconf 32' lang='lat'><em>⁶</em></span> <span class='ocrx_word' id='word_1_36' title='bbox 267 848 344 904; x_wconf 90' lang='lat' dir='ltr'><strong>tem.</strong></span> <span class='ocrx_word' id='word_1_37' title='bbox 369 838 537 906; x_wconf 78' lang='lat' dir='ltr'><strong>Statuerat</strong></span> <span class='ocrx_word' id='word_1_38' title='bbox 559 838 665 920; x_wconf 86' lang='lat' dir='ltr'><strong>enim,</strong></span> <span class='ocrx_word' id='word_1_39' title='bbox 686 836 748 904; x_wconf 88' lang='lat' dir='ltr'><strong>bos</strong></span> <span class='ocrx_word' id='word_1_40' title='bbox 772 836 867 931; x_wconf 87' lang='lat' dir='ltr'><strong>prius</strong></span> <span class='ocrx_word' id='word_1_41' title='bbox 885 835 1011 930; x_wconf 87' lang='lat' dir='ltr'><strong>judicio</strong></span> <span class='ocrx_word' id='word_1_42' title='bbox 1038 831 1154 929; x_wconf 92' lang='lat' dir='ltr'><strong>populi</strong></span> <span class='ocrx_word' id='word_1_43' title='bbox 1179 831 1294 904; x_wconf 79' lang='lat' dir='ltr'><strong>debete</strong></span> 
     </span>
    </p>
   </div>
   <div class='ocr_carea' id='block_1_3' title="bbox 180 953 1298 4031">
    <p class='ocr_par' dir='ltr' id='par_1_3' title="bbox 180 953 1298 1286">
     <span class='ocr_line' id='line_1_6' title="bbox 258 953 1298 1048; baseline -0.004 -24"><span class='ocrx_word' id='word_1_44' title='bbox 258 956 414 1039; x_wconf 77' lang='lat' dir='ltr'><strong>restitui,</strong></span> <span class='ocrx_word' id='word_1_45' title='bbox 430 979 529 1048; x_wconf 90' lang='lat' dir='ltr'><strong>quam</strong></span> <span class='ocrx_word' id='word_1_46' title='bbox 548 981 609 1026; x_wconf 90' lang='lat' dir='ltr'><strong>suo</strong></span> <span class='ocrx_word' id='word_1_47' title='bbox 627 954 787 1024; x_wconf 83' lang='lat' dir='ltr'><strong>beneficio</strong></span> <span class='ocrx_word' id='word_1_48' title='bbox 803 953 906 1024; x_wconf 85' lang='lat' dir='ltr'><strong>videri</strong></span> <span class='ocrx_word' id='word_1_49' title='bbox 925 967 1093 1047; x_wconf 87' lang='lat' dir='ltr'><strong>receptos,</strong></span> <span class='ocrx_word' id='word_1_50' title='bbox 1114 977 1156 1022; x_wconf 88' lang='lat' dir='ltr'><strong>no</strong></span> <span class='ocrx_word' id='word_1_51' title='bbox 1172 965 1230 1024; x_wconf 92' lang='lat' dir='ltr'><strong>aut</strong></span> <span class='ocrx_word' id='word_1_52' title='bbox 1247 953 1298 1021; x_wconf 87' lang='lat' dir='ltr'><strong>in-</strong></span> 
     </span>
     <span class='ocr_line' id='line_1_7' title="bbox 180 1062 1295 1170; baseline -0.002 -28"><span class='ocrx_word' id='word_1_53' title='bbox 180 1062 184 1071; x_wconf 52' lang='grc'><em>’</em></span> <span class='ocrx_word' id='word_1_54' title='bbox 267 1087 379 1170; x_wconf 80' lang='lat' dir='ltr'><strong>gratus</strong></span> <span class='ocrx_word' id='word_1_55' title='bbox 395 1074 429 1142; x_wconf 89' lang='lat' dir='ltr'><strong>in</strong></span> <span class='ocrx_word' id='word_1_56' title='bbox 446 1073 614 1143; x_wconf 85' lang='lat' dir='ltr'><strong>referenda</strong></span> <span class='ocrx_word' id='word_1_57' title='bbox 632 1075 754 1168; x_wconf 89' lang='lat' dir='ltr'><strong>gratia,</strong></span> <span class='ocrx_word' id='word_1_58' title='bbox 772 1090 830 1142; x_wconf 90' lang='lat' dir='ltr'><strong>aut</strong></span> <span class='ocrx_word' id='word_1_59' title='bbox 850 1096 1007 1168; x_wconf 86' lang='lat' dir='ltr'><strong>arrogans</strong></span> <span class='ocrx_word' id='word_1_60' title='bbox 1026 1075 1061 1142; x_wconf 94' lang='lat' dir='ltr'><strong>in</strong></span> <span class='ocrx_word' id='word_1_61' title='bbox 1077 1070 1295 1167; x_wconf 77' lang='lat' dir='ltr'><strong>praeripiendo</strong></span> 
     </span>
     <span class='ocr_line' id='line_1_8' title="bbox 268 1190 749 1286; baseline -0.002 -24"><span class='ocrx_word' id='word_1_62' title='bbox 268 1190 381 1286; x_wconf 89' lang='lat' dir='ltr'><strong>populi</strong></span> <span class='ocrx_word' id='word_1_63' title='bbox 398 1193 555 1262; x_wconf 89' lang='lat' dir='ltr'><strong>beneficio</strong></span> <span class='ocrx_word' id='word_1_64' title='bbox 573 1192 749 1262; x_wconf 81' lang='lat' dir='ltr'><strong>videretur.</strong></span> 
     </span>
    </p>

    <p class='ocr_par' dir='ltr' id='par_1_4' title="bbox 264 1309 1296 2811">
     <span class='ocr_line' id='line_1_9' title="bbox 314 1309 1294 1404; baseline 0.001 -27"><span class='ocrx_word' id='word_1_65' title='bbox 314 1313 356 1378; x_wconf 90' lang='grc' dir='ltr'><strong>ΙΙ.</strong></span> <span class='ocrx_word' id='word_1_66' title='bbox 387 1311 446 1378; x_wconf 86' lang='lat' dir='ltr'><strong>His</strong></span> <span class='ocrx_word' id='word_1_67' title='bbox 465 1312 587 1398; x_wconf 90' lang='lat' dir='ltr'><strong>rebus,</strong></span> <span class='ocrx_word' id='word_1_68' title='bbox 606 1326 639 1381; x_wconf 90' lang='lat' dir='ltr'><strong>et</strong></span> <span class='ocrx_word' id='word_1_69' title='bbox 661 1313 749 1382; x_wconf 81' lang='lat' dir='ltr'><strong>seriis</strong></span> <span class='ocrx_word' id='word_1_70' title='bbox 769 1311 894 1399; x_wconf 84' lang='lat' dir='ltr'><strong>latinis,</strong></span> <span class='ocrx_word' id='word_1_71' title='bbox 917 1311 1122 1404; x_wconf 83' lang='lat' dir='ltr'><strong>comitiisque</strong></span> <span class='ocrx_word' id='word_1_72' title='bbox 1141 1309 1294 1379; x_wconf 90' lang='lat' dir='ltr'><strong>omnibns</strong></span> 
     </span>
     <span class='ocr_line' id='line_1_10' title="bbox 267 1428 1295 1522; baseline 0.001 -25"><span class='ocrx_word' id='word_1_73' title='bbox 267 1428 471 1522; x_wconf 87' lang='lat' dir='ltr'><strong>perficiendis</strong></span> <span class='ocrx_word' id='word_1_74' title='bbox 490 1455 527 1500; x_wconf 82' lang='lat' dir='ltr'><strong>xi</strong></span> <span class='ocrx_word' id='word_1_75' title='bbox 552 1432 621 1501; x_wconf 90' lang='lat' dir='ltr'><strong>dies</strong></span> <span class='ocrx_word' id='word_1_76' title='bbox 641 1431 776 1520; x_wconf 87' lang='lat' dir='ltr'><strong>tribuit,</strong></span> <span class='ocrx_word' id='word_1_77' title='bbox 795 1431 1026 1522; x_wconf 83' lang='lat' dir='ltr'><strong>dictaturaque</strong></span> <span class='ocrx_word' id='word_1_78' title='bbox 1043 1454 1078 1498; x_wconf 90' lang='lat' dir='ltr'><strong>se</strong></span> <span class='ocrx_word' id='word_1_79' title='bbox 1093 1428 1241 1518; x_wconf 89' lang='lat' dir='ltr'><strong>abdicat,</strong></span> <span class='ocrx_word' id='word_1_80' title='bbox 1261 1445 1295 1498; x_wconf 90' lang='lat' dir='ltr'><strong>et</strong></span> 
     </span>
     <span class='ocr_line' id='line_1_11' title="bbox 267 1546 1294 1644; baseline 0.001 -28"><span class='ocrx_word' id='word_1_81' title='bbox 267 1548 308 1616; x_wconf 94' lang='lat' dir='ltr'><strong>ab</strong></span> <span class='ocrx_word' id='word_1_82' title='bbox 326 1549 417 1618; x_wconf 84' lang='lat' dir='ltr'><strong>Urbe</strong></span> <span class='ocrx_word' id='word_1_83' title='bbox 436 1550 667 1644; x_wconf 88' lang='lat' dir='ltr'><strong>proficiscitur,</strong></span> <span class='ocrx_word' id='word_1_84' title='bbox 689 1550 967 1643; x_wconf 79' lang='lat' dir='ltr'><strong>Brundisiumque</strong></span> <span class='ocrx_word' id='word_1_85' title='bbox 984 1550 1137 1643; x_wconf 88' lang='lat' dir='ltr'><strong>pervenit</strong></span> <span class='ocrx_word' id='word_1_86' title='bbox 1163 1574 1171 1617; x_wconf 81' lang='lat' dir='ltr'><strong>s</strong></span> <span class='ocrx_word' id='word_1_87' title='bbox 1193 1573 1233 1620; x_wconf 86' lang='lat' dir='ltr'><strong>eo</strong></span> <span class='ocrx_word' id='word_1_88' title='bbox 1250 1546 1294 1617; x_wconf 91' lang='lat' dir='ltr'><strong>le-</strong></span> 
     </span>
     <span class='ocr_line' id='line_1_12' title="bbox 267 1667 1296 1764; baseline -0.001 -26"><span class='ocrx_word' id='word_1_89' title='bbox 267 1670 380 1763; x_wconf 89' lang='lat' dir='ltr'><strong>giones</strong></span> <span class='ocrx_word' id='word_1_90' title='bbox 396 1693 448 1739; x_wconf 73' lang='grc' dir='ltr'><strong>ιιι</strong></span> <span class='ocrx_word' id='word_1_91' title='bbox 462 1683 493 1739; x_wconf 88' lang='lat' dir='ltr'><strong>et</strong></span> <span class='ocrx_word' id='word_1_92' title='bbox 509 1671 690 1764; x_wconf 86' lang='lat' dir='ltr'><strong>equitatum</strong></span> <span class='ocrx_word' id='word_1_93' title='bbox 710 1695 840 1740; x_wconf 86' lang='lat' dir='ltr'><strong>omnem</strong></span> <span class='ocrx_word' id='word_1_94' title='bbox 859 1671 969 1740; x_wconf 85' lang='lat' dir='ltr'><strong>venire</strong></span> <span class='ocrx_word' id='word_1_95' title='bbox 981 1669 1134 1761; x_wconf 86' lang='lat' dir='ltr'><strong>jusserat.</strong></span> <span class='ocrx_word' id='word_1_96' title='bbox 1148 1667 1214 1738; x_wconf 86' lang='lat' dir='ltr'><strong>Sed</strong></span> <span class='ocrx_word' id='word_1_97' title='bbox 1225 1681 1296 1737; x_wconf 88' lang='lat' dir='ltr'><strong>tan·</strong></span> 
     </span>
     <span class='ocr_line' id='line_1_13' title="bbox 268 1786 1292 1884; baseline 0 -28"><span class='ocrx_word' id='word_1_98' title='bbox 268 1803 338 1856; x_wconf 92' lang='lat' dir='ltr'><strong>tum</strong></span> <span class='ocrx_word' id='word_1_99' title='bbox 354 1791 487 1858; x_wconf 89' lang='lat' dir='ltr'><strong>navium</strong></span> <span class='ocrx_word' id='word_1_100' title='bbox 504 1792 644 1884; x_wconf 88' lang='lat' dir='ltr'><strong>reperit,</strong></span> <span class='ocrx_word' id='word_1_101' title='bbox 659 1804 843 1884; x_wconf 85' lang='lat' dir='ltr'><strong>ntanguste</strong></span> <span class='ocrx_word' id='word_1_102' title='bbox 856 1812 902 1858; x_wconf 85' lang='lat' dir='ltr'><strong>xv</strong></span> <span class='ocrx_word' id='word_1_103' title='bbox 916 1786 1017 1857; x_wconf 88' lang='lat' dir='ltr'><strong>millia</strong></span> <span class='ocrx_word' id='word_1_104' title='bbox 1038 1787 1292 1881; x_wconf 84' lang='lat' dir='ltr'><strong>legionariorum</strong></span> 
     </span>
     <span class='ocr_line' id='line_1_14' title="bbox 266 1905 1292 2003; baseline 0 -29"><span class='ocrx_word' id='word_1_105' title='bbox 266 1905 428 1995; x_wconf 87' lang='lat' dir='ltr'><strong>militum,</strong></span> <span class='ocrx_word' id='word_1_106' title='bbox 459 1933 484 1978; x_wconf 78' lang='grc' dir='ltr'><strong>ι)</strong></span> <span class='ocrx_word' id='word_1_107' title='bbox 512 1910 637 2002; x_wconf 84' lang='lat' dir='ltr'><strong>equites</strong></span> <span class='ocrx_word' id='word_1_108' title='bbox 663 1923 889 2003; x_wconf 86' lang='lat' dir='ltr'><strong>transportare</strong></span> <span class='ocrx_word' id='word_1_109' title='bbox 915 1920 1066 2002; x_wconf 58' lang='lat' dir='ltr'><strong>possent„</strong></span> <span class='ocrx_word' id='word_1_110' title='bbox 1086 1909 1158 1976; x_wconf 91' lang='lat' dir='ltr'><strong>Hoc</strong></span> <span class='ocrx_word' id='word_1_111' title='bbox 1187 1929 1292 2002; x_wconf 87' lang='lat' dir='ltr'><strong>unum</strong></span> 
     </span>
     <span class='ocr_line' id='line_1_15' title="bbox 266 2023 1291 2121; baseline 0.001 -28"><span class='ocrx_word' id='word_1_112' title='bbox 266 2026 398 2120; x_wconf 90' lang='lat' dir='ltr'><strong>(inopia</strong></span> <span class='ocrx_word' id='word_1_113' title='bbox 413 2027 561 2121; x_wconf 86' lang='lat' dir='ltr'><strong>navium)</strong></span> <span class='ocrx_word' id='word_1_114' title='bbox 578 2030 699 2097; x_wconf 80' lang='lat' dir='ltr'><strong>Caesari</strong></span> <span class='ocrx_word' id='word_1_115' title='bbox 719 2026 759 2096; x_wconf 92' lang='lat' dir='ltr'><strong>ad</strong></span> <span class='ocrx_word' id='word_1_116' title='bbox 781 2025 975 2100; x_wconf 88' lang='lat' dir='ltr'><strong>conficiendi</strong></span> <span class='ocrx_word' id='word_1_117' title='bbox 992 2023 1070 2095; x_wconf 93' lang='lat' dir='ltr'><strong>belli</strong></span> <span class='ocrx_word' id='word_1_118' title='bbox 1093 2023 1291 2094; x_wconf 80' lang='lat' dir='ltr'><strong>celeritatem</strong></span> 
     </span>
     <span class='ocr_line' id='line_1_16' title="bbox 266 2143 1295 2240; baseline 0 -28"><span class='ocrx_word' id='word_1_119' title='bbox 266 2143 379 2213; x_wconf 84' lang='lat' dir='ltr'><strong>defuit.</strong></span> <span class='ocrx_word' id='word_1_120' title='bbox 399 2147 508 2237; x_wconf 83' lang='lat' dir='ltr'><strong>Atque</strong></span> <span class='ocrx_word' id='word_1_121' title='bbox 527 2170 573 2217; x_wconf 79' lang='lat' dir='ltr'><strong>eae</strong></span> <span class='ocrx_word' id='word_1_122' title='bbox 595 2149 697 2240; x_wconf 74' lang='lat' dir='ltr'><strong>copiae</strong></span> <span class='ocrx_word' id='word_1_123' title='bbox 714 2147 790 2240; x_wconf 79' lang='lat' dir='ltr'><strong>ipsae</strong></span> <span class='ocrx_word' id='word_1_124' title='bbox 807 2146 871 2214; x_wconf 89' lang='lat' dir='ltr'><strong>boc</strong></span> <span class='ocrx_word' id='word_1_125' title='bbox 893 2144 1170 2237; x_wconf 82' lang='lat' dir='ltr'><strong>infrequentiores</strong></span> <span class='ocrx_word' id='word_1_126' title='bbox 1190 2146 1295 2238; x_wconf 80' lang='lat' dir='ltr'><strong>impo-</strong></span> 
     </span>
     <span class='ocr_line' id='line_1_17' title="bbox 265 2261 1294 2359; baseline 0.002 -28"><span class='ocrx_word' id='word_1_127' title='bbox 265 2278 403 2352; x_wconf 88' lang='lat' dir='ltr'><strong>nuntur,</strong></span> <span class='ocrx_word' id='word_1_128' title='bbox 420 2262 510 2356; x_wconf 92' lang='lat' dir='ltr'><strong>quod</strong></span> <span class='ocrx_word' id='word_1_129' title='bbox 529 2261 626 2337; x_wconf 89' lang='lat' dir='ltr'><strong>multi</strong></span> <span class='ocrx_word' id='word_1_130' title='bbox 648 2261 774 2359; x_wconf 90' lang='lat' dir='ltr'><strong>gallicis</strong></span> <span class='ocrx_word' id='word_1_131' title='bbox 797 2278 849 2332; x_wconf 89' lang='lat' dir='ltr'><strong>tot</strong></span> <span class='ocrx_word' id='word_1_132' title='bbox 872 2262 968 2332; x_wconf 92' lang='lat' dir='ltr'><strong>bellis</strong></span> <span class='ocrx_word' id='word_1_133' title='bbox 992 2261 1199 2350; x_wconf 84' lang='lat' dir='ltr'><strong>defecerant,</strong></span> <span class='ocrx_word' id='word_1_134' title='bbox 1221 2261 1294 2333; x_wconf 93' lang='lat' dir='ltr'><strong>lon·</strong></span> 
     </span>
     <span class='ocr_line' id='line_1_18' title="bbox 266 2381 1294 2478; baseline -0.002 -26"><span class='ocrx_word' id='word_1_135' title='bbox 266 2407 411 2478; x_wconf 91' lang='lat' dir='ltr'><strong>gumque</strong></span> <span class='ocrx_word' id='word_1_136' title='bbox 430 2385 494 2456; x_wconf 93' lang='lat' dir='ltr'><strong>iter</strong></span> <span class='ocrx_word' id='word_1_137' title='bbox 514 2407 552 2452; x_wconf 85' lang='lat' dir='ltr'><strong>er</strong></span> <span class='ocrx_word' id='word_1_138' title='bbox 572 2382 730 2477; x_wconf 88' lang='lat' dir='ltr'><strong>Hispania</strong></span> <span class='ocrx_word' id='word_1_139' title='bbox 751 2406 908 2478; x_wconf 87' lang='lat' dir='ltr'><strong>magnum</strong></span> <span class='ocrx_word' id='word_1_140' title='bbox 931 2402 1108 2452; x_wconf 89' lang='lat' dir='ltr'><strong>numerum</strong></span> <span class='ocrx_word' id='word_1_141' title='bbox 1127 2381 1294 2452; x_wconf 87' lang='lat' dir='ltr'><strong>deminue-</strong></span> 
     </span>
     <span class='ocr_line' id='line_1_19' title="bbox 264 2498 1293 2596; baseline -0.001 -25"><span class='ocrx_word' id='word_1_142' title='bbox 264 2515 336 2588; x_wconf 88' lang='lat' dir='ltr'><strong>rat,</strong></span> <span class='ocrx_word' id='word_1_143' title='bbox 357 2517 390 2570; x_wconf 92' lang='lat' dir='ltr'><strong>et</strong></span> <span class='ocrx_word' id='word_1_144' title='bbox 413 2503 521 2596; x_wconf 86' lang='lat' dir='ltr'><strong>gravis</strong></span> <span class='ocrx_word' id='word_1_145' title='bbox 544 2517 723 2572; x_wconf 87' lang='lat' dir='ltr'><strong>autumnus</strong></span> <span class='ocrx_word' id='word_1_146' title='bbox 744 2502 778 2569; x_wconf 93' lang='lat' dir='ltr'><strong>in</strong></span> <span class='ocrx_word' id='word_1_147' title='bbox 798 2498 918 2595; x_wconf 84' lang='lat' dir='ltr'><strong>Apulia</strong></span> <span class='ocrx_word' id='word_1_148' title='bbox 943 2502 1132 2594; x_wconf 88' lang='lat' dir='ltr'><strong>circumque</strong></span> <span class='ocrx_word' id='word_1_149' title='bbox 1152 2499 1293 2570; x_wconf 87' lang='lat' dir='ltr'><strong>Brundi·</strong></span> 
     </span>
     <span class='ocr_line' id='line_1_20' title="bbox 265 2607 1291 2716; baseline -0.002 -25"><span class='ocrx_word' id='word_1_150' title='bbox 265 2625 369 2711; x_wconf 89' lang='lat' dir='ltr'><strong>sium,</strong></span> <span class='ocrx_word' id='word_1_151' title='bbox 391 2647 432 2692; x_wconf 83' lang='lat' dir='ltr'><strong>ex</strong></span> <span class='ocrx_word' id='word_1_152' title='bbox 458 2619 683 2691; x_wconf 87' lang='lat' dir='ltr'><strong>saluberrimis</strong></span> <span class='ocrx_word' id='word_1_153' title='bbox 704 2619 821 2692; x_wconf 76' lang='lat' dir='ltr'><strong>Gallias</strong></span> <span class='ocrx_word' id='word_1_154' title='bbox 841 2635 876 2690; x_wconf 89' lang='lat' dir='ltr'><strong>et</strong></span> <span class='ocrx_word' id='word_1_155' title='bbox 895 2622 1062 2715; x_wconf 72' lang='lat' dir='ltr'><strong>Hispaniae</strong></span> <span class='ocrx_word' id='word_1_156' title='bbox 1081 2607 1291 2716; x_wconf 84' lang='lat' dir='ltr'><strong>regionibus,</strong></span> 
     </span>
     <span class='ocr_line' id='line_1_21' title="bbox 265 2738 1001 2811; baseline -0.001 0"><span class='ocrx_word' id='word_1_157' title='bbox 265 2765 394 2811; x_wconf 90' lang='lat' dir='ltr'><strong>omnem</strong></span> <span class='ocrx_word' id='word_1_158' title='bbox 413 2738 797 2811; x_wconf 73' lang='lat' dir='ltr'><strong>exercitum&#39;valetudine</strong></span> <span class='ocrx_word' id='word_1_159' title='bbox 811 2755 1001 2811; x_wconf 82' lang='lat' dir='ltr'><strong>tentaverat.</strong></span> 
     </span>
    </p>

    <p class='ocr_par' dir='ltr' id='par_1_5' title="bbox 262 2859 1290 4031">
     <span class='ocr_line' id='line_1_22' title="bbox 312 2859 1290 2956; baseline 0 -26"><span class='ocrx_word' id='word_1_160' title='bbox 312 2863 370 2930; x_wconf 93' lang='lat' dir='ltr'><strong>lII.</strong></span> <span class='ocrx_word' id='word_1_161' title='bbox 390 2862 587 2955; x_wconf 87' lang='lat' dir='ltr'><strong>Pompeius,</strong></span> <span class='ocrx_word' id='word_1_162' title='bbox 604 2883 752 2929; x_wconf 89' lang='lat' dir='ltr'><strong>annuum</strong></span> <span class='ocrx_word' id='word_1_163' title='bbox 771 2863 916 2954; x_wconf 76' lang='lat' dir='ltr'><strong>spat&#39;mm</strong></span> <span class='ocrx_word' id='word_1_164' title='bbox 930 2859 974 2929; x_wconf 86' lang='lat' dir='ltr'><strong>ad</strong></span> <span class='ocrx_word' id='word_1_165' title='bbox 987 2859 1223 2956; x_wconf 73' lang='lat' dir='ltr'><strong>comparandus</strong></span> <span class='ocrx_word' id='word_1_166' title='bbox 1237 2883 1290 2930; x_wconf 91' lang='lat' dir='ltr'><strong>co·</strong></span> 
     </span>
     <span class='ocr_line' id='line_1_23' title="bbox 263 2977 1290 3074; baseline -0.001 -26"><span class='ocrx_word' id='word_1_167' title='bbox 263 2983 334 3073; x_wconf 90' lang='lat' dir='ltr'><strong>pias</strong></span> <span class='ocrx_word' id='word_1_168' title='bbox 352 2996 486 3067; x_wconf 89' lang='lat' dir='ltr'><strong>nactus,</strong></span> <span class='ocrx_word' id='word_1_169' title='bbox 507 2978 597 3073; x_wconf 92' lang='lat' dir='ltr'><strong>quod</strong></span> <span class='ocrx_word' id='word_1_170' title='bbox 617 3003 794 3049; x_wconf 81' lang='lat' dir='ltr'><strong>vacuuma</strong></span> <span class='ocrx_word' id='word_1_171' title='bbox 816 2977 903 3049; x_wconf 91' lang='lat' dir='ltr'><strong>bello</strong></span> <span class='ocrx_word' id='word_1_172' title='bbox 921 2995 1020 3074; x_wconf 90' lang='lat' dir='ltr'><strong>atque</strong></span> <span class='ocrx_word' id='word_1_173' title='bbox 1037 2981 1079 3049; x_wconf 88' lang='lat' dir='ltr'><strong>ab</strong></span> <span class='ocrx_word' id='word_1_174' title='bbox 1099 2981 1193 3051; x_wconf 88' lang='lat' dir='ltr'><strong>hoste</strong></span> <span class='ocrx_word' id='word_1_175' title='bbox 1208 2981 1290 3048; x_wconf 90' lang='lat' dir='ltr'><strong>otio·</strong></span> 
     </span>
     <span class='ocr_line' id='line_1_24' title="bbox 264 3095 1290 3192; baseline 0.006 -28"><span class='ocrx_word' id='word_1_176' title='bbox 264 3121 338 3166; x_wconf 87' lang='lat' dir='ltr'><strong>sum</strong></span> <span class='ocrx_word' id='word_1_177' title='bbox 365 3098 494 3184; x_wconf 79' lang='lat' dir='ltr'><strong>luerat,</strong></span> <span class='ocrx_word' id='word_1_178' title='bbox 518 3122 671 3192; x_wconf 86' lang='lat' dir='ltr'><strong>magnam</strong></span> <span class='ocrx_word' id='word_1_179' title='bbox 695 3123 736 3168; x_wconf 80' lang='lat' dir='ltr'><strong>ex</strong></span> <span class='ocrx_word' id='word_1_180' title='bbox 759 3099 837 3166; x_wconf 83' lang='lat' dir='ltr'><strong>Asia</strong></span> <span class='ocrx_word' id='word_1_181' title='bbox 861 3095 1126 3192; x_wconf 83' lang='lat' dir='ltr'><strong>Cycladibusque</strong></span> <span class='ocrx_word' id='word_1_182' title='bbox 1157 3097 1290 3186; x_wconf 80' lang='lat' dir='ltr'><strong>insulis,</strong></span> 
     </span>
     <span class='ocr_line' id='line_1_25' title="bbox 264 3216 1290 3312; baseline -0.001 -25"><span class='ocrx_word' id='word_1_183' title='bbox 264 3219 427 3310; x_wconf 76' lang='lat' dir='ltr'><strong>Corcyra,</strong></span> <span class='ocrx_word' id='word_1_184' title='bbox 457 3216 613 3301; x_wconf 81' lang='lat' dir='ltr'><strong>Athenis,</strong></span> <span class='ocrx_word' id='word_1_185' title='bbox 645 3219 773 3306; x_wconf 90' lang='lat' dir='ltr'><strong>Ponto,</strong></span> <span class='ocrx_word' id='word_1_186' title='bbox 804 3217 976 3310; x_wconf 83' lang='lat' dir='ltr'><strong>Bithynia,</strong></span> <span class='ocrx_word' id='word_1_187' title='bbox 1005 3219 1117 3312; x_wconf 88' lang='lat' dir='ltr'><strong>Syria,</strong></span> <span class='ocrx_word' id='word_1_188' title='bbox 1151 3216 1290 3304; x_wconf 90' lang='lat' dir='ltr'><strong>Cilicia,</strong></span> 
     </span>
     <span class='ocr_line' id='line_1_26' title="bbox 263 3337 1288 3432; baseline -0.003 -26"><span class='ocrx_word' id='word_1_189' title='bbox 263 3338 415 3406; x_wconf 79' lang='lat' dir='ltr'><strong>Phoenice</strong></span> <span class='ocrx_word' id='word_1_190' title='bbox 430 3351 463 3406; x_wconf 91' lang='lat' dir='ltr'><strong>et</strong></span> <span class='ocrx_word' id='word_1_191' title='bbox 475 3339 616 3431; x_wconf 82' lang='lat' dir='ltr'><strong>AEgypto</strong></span> <span class='ocrx_word' id='word_1_192' title='bbox 633 3337 771 3407; x_wconf 85' lang='lat' dir='ltr'><strong>classem</strong></span> <span class='ocrx_word' id='word_1_193' title='bbox 787 3351 952 3432; x_wconf 88' lang='lat' dir='ltr'><strong>coegerat;</strong></span> <span class='ocrx_word' id='word_1_194' title='bbox 972 3361 1124 3431; x_wconf 85' lang='lat' dir='ltr'><strong>magnam</strong></span> <span class='ocrx_word' id='word_1_195' title='bbox 1134 3337 1288 3405; x_wconf 86' lang='lat' dir='ltr'><strong>omnibus</strong></span> 
     </span>
     <span class='ocr_line' id='line_1_27' title="bbox 264 3455 1286 3551; baseline -0.003 -26"><span class='ocrx_word' id='word_1_196' title='bbox 264 3457 343 3545; x_wconf 90' lang='lat' dir='ltr'><strong>locis</strong></span> <span class='ocrx_word' id='word_1_197' title='bbox 357 3455 582 3526; x_wconf 80' lang='lat' dir='ltr'><strong>aedificandam</strong></span> <span class='ocrx_word' id='word_1_198' title='bbox 597 3471 788 3546; x_wconf 84' lang='lat' dir='ltr'><strong>curaverat;</strong></span> <span class='ocrx_word' id='word_1_199' title='bbox 802 3480 955 3551; x_wconf 88' lang='lat' dir='ltr'><strong>magnam</strong></span> <span class='ocrx_word' id='word_1_200' title='bbox 973 3457 1167 3548; x_wconf 86' lang='lat' dir='ltr'><strong>imperatam</strong></span> <span class='ocrx_word' id='word_1_201' title='bbox 1182 3455 1286 3532; x_wconf 72' lang='lat' dir='ltr'><strong>usic,</strong></span> 
     </span>
     <span class='ocr_line' id='line_1_28' title="bbox 262 3563 1289 3672; baseline -0.006 -28"><span class='ocrx_word' id='word_1_202' title='bbox 262 3579 378 3668; x_wconf 74' lang='lat' dir='ltr'><strong>Syriae,</strong></span> <span class='ocrx_word' id='word_1_203' title='bbox 400 3563 598 3672; x_wconf 80' lang='lat' dir='ltr'><strong>regibusque</strong></span> <span class='ocrx_word' id='word_1_204' title='bbox 617 3576 787 3662; x_wconf 88' lang='lat' dir='ltr'><strong>omnibus,</strong></span> <span class='ocrx_word' id='word_1_205' title='bbox 805 3588 838 3643; x_wconf 90' lang='lat' dir='ltr'><strong>et</strong></span> <span class='ocrx_word' id='word_1_206' title='bbox 862 3572 1024 3666; x_wconf 88' lang='lat' dir='ltr'><strong>dynastis,</strong></span> <span class='ocrx_word' id='word_1_207' title='bbox 1043 3587 1077 3641; x_wconf 89' lang='lat' dir='ltr'><strong>et</strong></span> <span class='ocrx_word' id='word_1_208' title='bbox 1098 3569 1289 3654; x_wconf 84' lang='lat' dir='ltr'><strong>tetrarchis,</strong></span> 
     </span>
     <span class='ocr_line' id='line_1_29' title="bbox 262 3694 1289 3790; baseline -0.003 -27"><span class='ocrx_word' id='word_1_209' title='bbox 262 3711 296 3764; x_wconf 90' lang='lat' dir='ltr'><strong>et</strong></span> <span class='ocrx_word' id='word_1_210' title='bbox 315 3695 424 3766; x_wconf 92' lang='lat' dir='ltr'><strong>liberis</strong></span> <span class='ocrx_word' id='word_1_211' title='bbox 447 3697 579 3767; x_wconf 72' lang='lat' dir='ltr'><strong>Achaiae</strong></span> <span class='ocrx_word' id='word_1_212' title='bbox 596 3695 727 3790; x_wconf 92' lang='lat' dir='ltr'><strong>populis</strong></span> <span class='ocrx_word' id='word_1_213' title='bbox 749 3694 921 3788; x_wconf 87' lang='lat' dir='ltr'><strong>pecuniam</strong></span> <span class='ocrx_word' id='word_1_214' title='bbox 945 3705 1115 3785; x_wconf 82' lang='lat' dir='ltr'><strong>exegerat3</strong></span> <span class='ocrx_word' id='word_1_215' title='bbox 1136 3713 1289 3786; x_wconf 85' lang='lat' dir='ltr'><strong>magnam</strong></span> 
     </span>
     <span class='ocr_line' id='line_1_30' title="bbox 263 3809 1290 3912; baseline -0.006 -28"><span class='ocrx_word' id='word_1_216' title='bbox 263 3818 431 3912; x_wconf 80' lang='lat' dir='ltr'><strong>societates</strong></span> <span class='ocrx_word' id='word_1_217' title='bbox 442 3841 556 3886; x_wconf 90' lang='lat' dir='ltr'><strong>earum</strong></span> <span class='ocrx_word' id='word_1_218' title='bbox 573 3815 836 3910; x_wconf 86' lang='lat' dir='ltr'><strong>provinciarum,</strong></span> <span class='ocrx_word' id='word_1_219' title='bbox 848 3835 928 3906; x_wconf 89' lang='lat' dir='ltr'><strong>quas</strong></span> <span class='ocrx_word' id='word_1_220' title='bbox 944 3813 1015 3905; x_wconf 84' lang='lat' dir='ltr'><strong>ipse</strong></span> <span class='ocrx_word' id='word_1_221' title='bbox 1028 3810 1214 3898; x_wconf 87' lang='lat' dir='ltr'><strong>obtinebat,</strong></span> <span class='ocrx_word' id='word_1_222' title='bbox 1227 3809 1290 3880; x_wconf 87' lang='lat' dir='ltr'><strong>sibi</strong></span> 
     </span>
     <span class='ocr_line' id='line_1_31' title="bbox 264 3950 610 4031; baseline 0 -29"><span class='ocrx_word' id='word_1_223' title='bbox 264 3958 436 4006; x_wconf 88' lang='lat' dir='ltr'><strong>numerare</strong></span> <span class='ocrx_word' id='word_1_224' title='bbox 452 3950 610 4031; x_wconf 83' lang='lat' dir='ltr'><strong>coegerat.</strong></span> 
     </span>
    </p>
   </div>
   <div class='ocr_carea' id='block_1_4' title="bbox 0 0 1524 4766">
    <p class='ocr_par' dir='ltr' id='par_1_6' title="bbox 0 0 1524 4766">
     <span class='ocr_line' id='line_1_32' title="bbox 0 0 1524 4766; baseline 0 2"><span class='ocrx_word' id='word_1_225' title='bbox 0 0 1524 4766; x_wconf 95' lang='lat' dir='ltr'><strong> </strong></span> 
     </span>
    </p>
   </div>
  </div>
 </body>
</html>
