3060 4768
547 423 599 478 DE
623 421 746 478 BELLO
765 422 970 482 usmetun.
1221 425 1276 492 aas

237 551 399 620 instructa
410 521 476 616 'sub
494 547 590 618 hoste
609 546 726 616 stabat.
743 549 880 640 Equites
895 549 1048 634 barbari,
1069 547 1215 643 levisque
1231 576 1278 620 ar·

236 687 393 760 matura,
414 669 536 765 proeliis
554 672 690 742 minutis
707 674 858 742 cominus
878 672 1089 742 dimicabant.

284 801 355 867 LII.
382 799 493 867 Caesar
508 798 550 865 ab
568 819 608 866 co
628 821 727 893 opere
743 821 845 891 quum
863 799 933 891 jam
949 797 1011 866 sub
1030 821 1203 892 vesperum
1220 824 1277 868 co-

201 997 203 1004 ,
237 921 309 1015 pias
319 923 352 988 in
363 935 470 990 castra
483 919 669 1008 reduceret,
685 945 807 1015 magno
822 923 974 1007 incursu,
988 943 1066 990 oum
1080 943 1133 987 om
1139 923 1171 990 ni
1185 925 1277 1016 equi·

238 1058 311 1113 tatu
326 1043 454 1138 levique
469 1059 656 1131 armatura,
672 1043 774 1130 Juba,
789 1043 921 1138 Scipio,
937 1043 1119 1131 Labienus,
1135 1045 1170 1112 in
1185 1041 1281 1138 legio·

236 1167 348 1236 uarios
362 1167 523 1260 impetum
538 1165 694 1235 fecerunt.
709 1165 843 1258 Equites
858 1166 1054 1253 Caesariani,
1068 1167 1100 1233 vi
1118 1166 1277 1236 universa

238 1290 421 1384 subitaeque
438 1289 583 1358 hostiurn
602 1287 822 1357 multitudinis
842 1288 951 1384 pulsi,
973 1311 1152 1383 parumper
1171 1313 1275 1358 cesse·

237 1428 326 1487 runt.
346 1415 430 1501 Quae
444 1434 497 1482 res
511 1411 607 1482 aliter
623 1411 820 1482 adversariis
836 1411 977 1481 cecidit:
993 1435 1136 1505 namque
1148 1415 1275 1500 Caesar,

181 1575 186 1582 ·
237 1561 277 1606 ex
294 1536 401 1606 medio
419 1537 536 1605 itinere
553 1536 657 1629 copiis
672 1533 835 1623 reductis,
849 1531 1015 1628 equitibus
1030 1536 1097 1604 suis
1112 1533 1274 1604 auxilium

237 1658 333 1746 tulit3
350 1661 477 1754 equites
494 1674 627 1745 autem,
645 1657 786 1726 adventu
815 1655 983 1751 legionum
1002 1658 1114 1725 animo
1141 1656 1274 1747 addito,
1312 1692 1318 1702 v

236 1786 401 1854 conversis
421 1784 514 1876 equis
535 1784 570 1851 in
589 1781 766 1868 Numidas,
785 1779 906 1874 cupide
922 1781 1130 1874 insequentes
1148 1778 1274 1873 disper·

236 1930 371 2000 sosque,
387 1907 546 2000 impetum
565 1903 734 1992 lecerunt,
751 1919 849 1998 atque
867 1927 923 1972 eos
941 1901 1196 1972 convulneratus
1218 1927 1273 1972 us·

227 2053 301 2120 que
320 2030 355 2096 in
371 2043 476 2098 castra
495 2029 586 2123 regia
604 2027 814 2123 repulerunt,
833 2026 1020 2120 multosque
1034 2051 1074 2096 ex
1090 2028 1130 2095 iis
1146 2027 1275 2096 interfe-

237 2167 364 2222 cerunt.
384 2153 486 2242 Quod
513 2153 549 2222 ui
567 2153 606 2221 in
633 2167 765 2222 noctem
790 2149 945 2245 proelium
964 2165 1046 2220 asset
1071 2152 1273 2244 conjectum,

237 2275 412 2372 pulvisque
426 2292 526 2347 vento
539 2277 637 2346 flatus
647 2279 794 2349 omniurn
808 2290 987 2370 prospectu
998 2273 1176 2363 offecisset,
1188 2279 1208 2345 J
1210 2276 1274 2344 uba

236 2425 313 2469 cum
327 2401 475 2472 Labieno
487 2403 575 2494 capti
589 2403 622 2470 in
635 2413 830 2496 potestatem
839 2401 976 2470 Caesaris
984 2399 1166 2488 venissent,
1177 2401 1271 2492 equi-

237 2540 391 2621 tatusque
416 2551 490 2596 cum
512 2522 577 2594 levi
597 2541 765 2594 armatura
785 2521 933 2591 funditus
954 2521 995 2591 ad
1016 2524 1273 2593 internecionem

236 2649 364 2718 deletus
380 2663 474 2717 esset.
493 2648 630 2717 Interim
646 2641 883 2716 incredibiliter
894 2670 934 2713 ex
945 2643 1130 2738 legionibus
1142 2667 1179 2712 tv
1191 2661 1224 2714 et
1237 2670 1272 2717 vr

238 2772 402 2864 Scipionis
429 2767 552 2839 milites
572 2765 751 2864 diffugere,
777 2769 897 2862 partim
928 2769 963 2835 in
986 2783 1090 2836 castra
1117 2769 1273 2854 Caesaris,

235 2896 355 2987 partim
373 2894 406 2961 iu
419 2915 501 2986 quas
509 2893 649 2986 quisque
663 2907 792 2986 poterut
806 2891 956 2988 regiones
968 2891 1141 2984 pervenire
1155 2919 1163 2960 ι
1180 2894 1273 2962 item·

237 3039 301 3111 que
322 3020 450 3111 equites
469 3017 690 3103 Curioniani,
707 3015 805 3086 diffisi
824 3016 971 3110 Scipioni
989 3017 1126 3110 ejusque
1143 3018 1271 3111 copiis,

234 3139 418 3233 complures
435 3165 471 3210 se
486 3139 602 3212 eodem
614 3141 835 3210 mulctabant.

284 3269 372 3334 Llll.
396 3269 486 3336 Dum
508 3266 577 3334 haec
602 3266 727 3335 circum
746 3267 876 3366 Uzitam
901 3265 942 3334 ab
963 3268 1111 3362 utrisque
1131 3267 1271 3338 ducibus

235 3389 521 3479 administrantur,
531 3388 677 3484 legiones
692 3386 783 3476 dure,
800 3401 837 3458 rx
851 3403 885 3458 et
898 3415 935 3477 x,
949 3413 991 3460 ex
1003 3390 1116 3460 Sicilia
1132 3394 1271 3463 navibus

236 3517 395 3585 onerariis
411 3514 582 3610 profectae,
599 3539 703 3608 quum
721 3515 791 3607 jam
813 3537 881 3582 non
903 3513 1001 3608 longe
1027 3539 1046 3582 a
1066 3530 1165 3608 portu
1184 3519 1271 3586 Rus·

236 3639 323 3732 pinos
337 3639 504 3724 abessent,
518 3640 712 3733 conspicata
725 3661 825 3708 naves
835 3639 1050 3726 Quanta,
1064 3663 1136 3732 que
1153 3641 1187 3707 in
1206 3655 1272 3710 sta·

235 3765 326 3833 tione
352 3761 441 3858 apud
456 3761 625 3855 Thapsum
645 3762 791 3848 stabant,
815 3762 929 3849 veriti,
950 3786 992 3831 ne
1004 3762 1047 3831 'iu
1065 3763 1271 3833 adversario·

236 3907 328 3973 rum,
347 3901 384 3956 ut
409 3885 586 3956 insidiandi
609 3885 716 3980 gratia
738 3885 784 3954 ibi
810 3887 1110 3972 commorantium,
1133 3886 1270 3958 classem

237 4007 435 4099 inciderent,
457 4008 680 4104 imprudentes
692 4009 763 4079 vela
782 4011 816 4078 in
834 4009 937 4078 altum
955 4007 1138 4119 dederunt!
1153 4035 1191 4081 ac
1211 4011 1268 4080 diu
