3026 4768
423 381 476 438 DE
494 380 618 437 natm
638 381 805 438 GALLICO
826 382 896 437 Lus.
913 383 964 438 Vl.
1159 381 1214 453 139

175 504 317 576 timebat.
343 506 537 602 Augebatur
549 504 758 576 “auxiliorum
777 506 927 601 quotidie
945 531 1029 601 spes.
1047 505 1214 598 Loquitur

173 626 208 694 in
234 625 378 696 concilio
403 625 563 720 palam,a
585 629 742 720 quoniam
764 629 923 699 Germani
946 623 1213 726 appropinquare

173 742 343 833 dicantur,
359 771 429 816 sese
444 769 519 816 suas
537 748 764 840 exercitusque
779 746 929 816 fortunas
942 748 976 816 iu
992 745 1131 814 dubium
1145 769 1213 812 uon

171 861 428 956 devocaturum,
449 883 483 936 et
507 882 641 962 postero
666 866 721 938 die
741 868 849 962 prima
869 866 944 939 luce
969 882 1077 938 castra
1106 879 1215 935 motu-

171 1011 260 1055 rum.
277 1017 295 1052 s
311 986 472 1058 Celeriter
487 989 558 1058 haec
574 988 617 1058 ad
630 989 741 1059 hostes
755 989 965 1077 deferuntur,
982 1003 1021 1058 ut
1037 1007 1076 1056 ex
1091 1011 1213 1081 magno

172 1103 350 1176 Gallorum
365 1109 531 1202 equitatus
547 1133 688 1178 numero
706 1107 884 1180 nonnullos
900 1107 1037 1179 Gallicis
1053 1107 1152 1176 rebus
1168 1109 1215 1175 fa·

172 1250 251 1295 vere
271 1240 392 1298 natura
407 1228 556 1325 cogebat.
578 1229 745 1300 Labienus
765 1244 886 1317 noctu,
906 1228 1047 1298 tribunis
1066 1225 1213 1297 militum

173 1347 356 1443 primisque
373 1347 547 1419 ordinibus
565 1350 704 1437 coactis,
722 1349 802 1445 quid
820 1351 887 1420 suis
905 1349 949 1418 sit
967 1346 1112 1436 consilii,
1133 1373 1214 1443 pro·

174 1465 282 1561 ponit,
304 1483 337 1537 et
353 1493 421 1562 quo
439 1468 567 1540 facilius
586 1469 737 1540 hostibus
753 1469 882 1539 timoris
898 1468 956 1539 det
970 1468 1212 1564 suspicionem,

176 1589 300 1683 majore
320 1590 461 1684 strepitu
476 1603 513 1659 et
539 1588 701 1678 tumultu,
724 1614 824 1684 quam
850 1586 965 1684 populi
992 1589 1123 1659 romani
1147 1588 1212 1657 sert

172 1708 395 1799 consuetudo,
406 1725 515 1780 castra
528 1712 655 1781 moveri
667 1710 771 1804 jubet.
787 1710 847 1782 His
860 1709 958 1780 rebus
974 1708 1059 1804 firgae
1072 1706 1212 1776 similem

172 1829 413 1924 prosectionem
436 1830 546 1901 efficit
564 1835 642 1900 Hoec
658 1855 791 1925 quoque
811 1854 872 1926 per
890 1827 1115 1923 exploratores
1135 1841 1213 1896 ante

172 1947 304 2039 lucem,
321 1952 356 2020 in
375 1965 467 2022 tanta
487 1953 736 2046 propinquitate
751 1961 950 2037 castrorum,
966 1948 1009 2018 ad
1027 1948 1137 2018 hostes
1157 1946 1213 2018 dc·

173 2068 335 2141 feruntur.

222 2193 313 2261 VIII.
333 2191 401 2262 Vix
423 2219 542 2290 agmen
566 2197 782 2265 novissimum
799 2209 891 2264 extra
911 2195 1115 2264 munitiones
1135 2217 1213 2288 pro-

172 2326 330 2400 cesserat,
350 2337 454 2407 quum
471 2314 577 2404 Galli,
600 2315 765 2386 cohortati
785 2317 872 2386 inter
888 2340 938 2402 se,
956 2338 1027 2383 «ne
1047 2329 1212 2408 speratam

172 2432 319 2526 predam
333 2459 374 2504 ex
389 2437 543 2506 manibus
559 2435 785 2524 dimitterent;
799 2435 937 2532 longum
954 2460 1041 2524 esse,
1057 2434 1214 2529 perterri-

173 2554 217 2622 tis
239 2555 412 2640 Romanis,
432 2559 678 2626 Germanorum
702 2555 863 2628 auxilium
878 2571 1087 2650 exspectarc3
1106 2577 1214 2644 neque

172 2697 267 2742 suam
286 2676 355 2769 pati
375 2675 588 2770 dignitatem,
601 2691 641 2748 ut
656 2679 755 2746 tantis
769 2678 874 2771 copiis
889 2689 957 2745 tam
974 2677 1127 2770 exiguam
1145 2695 1210 2739 ma·

172 2817 270 2880 num,
283 2797 466 2887 prasertim
478 2795 661 2891 lugientem
676 2812 778 2892 atque
790 2795 1000 2890 impeditam,
1012 2793 1136 2862 adoriri
1145 2815 1214 2860 non

170 2913 497 3002 audeant3aflumeu
513 2919 668 3006 transire,
685 2935 719 2987 et
737 2918 853 3012 iniquo
868 2913 941 2986 loco
956 2912 1111 3010 proelium
1127 2937 1214 2983 com·

171 3035 305 3106 mittere
321 3061 389 3106 non
408 3036 572 3108 dubitant.
589 3039 674 3127 Quae
693 3038 765 3110 fore
779 3039 963 3132 suspicatus
980 3035 1162 3123 Labienus,
1177 3049 1214 3104 ut

171 3179 288 3226 omnes
304 3157 387 3229 citra
404 3157 527 3228 flumen
542 3158 692 3244 eliceret,
709 3157 823 3228 eadem
839 3181 918 3227 usus
933 3153 1146 3227 simulatione
1162 3157 1214 3225 iti·

171 3279 276 3365 neris,
294 3275 425 3372 placide
447 3278 730 3375 progrediebatur.
750 3282 852 3367 Tum,
875 3279 1051 3374 premissis
1075 3275 1214 3372 paulum

171 3397 431 3491 impedimentis,
445 3414 546 3492 atque
559 3400 595 3469 in
610 3399 740 3469 tumulo
752 3400 898 3494 quodam
913 3396 1084 3469 collocatis
1097 3423 1105 3465 :
1116 3426 1133 3462 a
1145 3400 1213 3465 Ha·

171 3515 276 3605 betis,
292 3518 421 3613 inquit,
434 3517 574 3606 milites,
590 3543 689 3613 quam
704 3522 851 3614 petistis,
865 3519 1075 3601 facultatem
1085 3519 1213 3587 hostem

173 3635 333 3730 impedito
347 3652 447 3731 atque
457 3638 574 3732 iniquo
587 3638 661 3707 loco
676 3644 793 3710 tenetis
809 3667 817 3709 ε
831 3655 983 3736 praestate
995 3637 1146 3709 eamdem
1158 3662 1215 3706 no·

172 3756 222 3825 bis
233 3755 370 3826 ducibus
384 3759 564 3848 virtutem,
576 3783 676 3854 quam
689 3785 915 3854 sepenumero
927 3760 1121 3854 imperatori
1133 3781 1214 3852 pra·

172 3877 299 3946 stitistis
314 3901 322 3944 :
336 3878 450 3950 adesse
462 3905 554 3966 eum,
569 3895 603 3949 et
616 3879 686 3950 hec
698 3906 810 3952 coram
823 3907 973 3968 cernere,
987 3879 1182 3950 existimate.
1195 3907 1213 3942 a

173 3996 276 4066 Simul
292 3999 384 4094 signa
405 4001 448 4070 ad
468 4001 597 4070 hostem
616 4002 766 4072 converti
783 4003 954 4098 aciemque
976 4001 1075 4096 dirigi
1089 3999 1205 4096 jubet:
