3014 4780
323 381 379 438 288
495 383 526 440 C.
546 383 644 440 suun
665 385 830 442 CAESARIS
851 385 1047 442 GOMMENT.
1072 387 1201 442 LIBER

323 509 426 578 saucii
442 506 568 602 aliquot
583 509 772 580 occiderunt
787 533 826 578 ex
840 507 902 579 levi
914 525 1097 580 armatura.
1111 514 1170 579 Ea
1189 525 1293 580 noete
1307 535 1370 604 spe·

322 627 484 697 culatores
494 629 645 724 prehensi
653 629 737 696 servi
748 642 813 696 tres
823 645 966 714 ‚etunus
977 653 1016 700 ex
1027 629 1175 724 legione
1184 627 1371 699 vernacula.

224 758 232 768 '
323 749 415 818 Servi
433 749 560 816 suntin
579 772 707 817 crucem
724 747 858 836 sublati,
881 748 974 817 militi
993 751 1146 818 cervices
1165 751 1337 818 abscissae.

370 870 461 936 xxl.
477 872 613 937 Postero
623 867 676 936 die
685 869 810 960 equites
824 889 900 936 cum
914 867 978 937 levi
994 884 1180 938 armatura
1199 895 1245 938 ex
1264 867 1375 938 adver·

323 989 484 1058 sariorum
511 989 626 1056 castris
651 988 692 1056 ad
718 1013 777 1057 nos
796 987 1052 1083 transfugerunt.
1076 993 1124 1058 Et
1155 1015 1203 1058 eo
1230 1003 1376 1081 tempore

323 1109 454 1179 circiter
478 1131 514 1177 ιι
532 1110 658 1200 equites
676 1106 907 1201 adaquatores
925 1124 1055 1178 nostros
1074 1120 1375 1184 excucurrerunt,

324 1226 500 1296 nonnullos
526 1225 776 1311 interfecerunt,
807 1229 883 1296 item
911 1226 992 1298 alios
1018 1231 1110 1298 vivos
1138 1229 1374 1297 abduxerunt.

324 1348 547 1440 Exequitibus
561 1347 647 1440 capti
658 1363 735 1416 sunt
753 1349 878 1440 equites
889 1371 964 1417 vui.
981 1349 1185 1442 Insequenti
1208 1349 1269 1417 die
1288 1350 1376 1415 Pom·

323 1469 417 1562 peius
429 1469 534 1536 securi
546 1469 705 1561 percussit
721 1466 869 1536 homines
879 1491 983 1537 cxxrv
992 1519 1002 1555 ,
1011 1470 1068 1562 qui
1082 1469 1374 1538 dicebanturesse

324 1587 467 1657 fautores
479 1588 615 1657 Caesaris
627 1588 770 1655 victoriae
782 1613 789 1654 :
801 1585 946 1679 reliquos
962 1589 995 1656 in
1013 1587 1180 1682 oppidum
1197 1587 1305 1682 jussit
1322 1583 1373 1652 de·

323 1707 417 1795 duci;
434 1708 603 1801 exquibus
613 1706 799 1802 effugerunt
811 1731 879 1778 cxx
889 1757 899 1793 ,
910 1723 943 1776 et
953 1706 994 1775 ad
1005 1711 1173 1778 Caesarem
1190 1717 1369 1777 venerunt.

371 1831 478 1896 XXII.
497 1830 569 1896 Hoc
585 1829 749 1922 preterito
772 1842 936 1926 tempore,
956 1829 1013 1920 qui
1032 1829 1066 1896 in
1084 1817 1221 1922 oppido
1243 1833 1368 1918 Ategua

324 1947 575 2018 Bursarolenses
601 1949 687 2041 capti
706 1961 802 2034 sunt,
822 1946 919 2041 legati
935 1947 1074 2041 profecti
1093 1964 1175 2016 sunt
1195 1973 1282 2016 cum
1307 1967 1365 2044 no·

323 2067 417 2150 stris,
442 2068 490 2134 uti
517 2092 584 2135 rem
607 2082 729 2161 gestam
755 2066 1047 2136 Bursavolensibus
1075 2057 1264 2154 referrent,
1286 2059 1364 2156 quid

323 2199 492 2278 sperarent
508 2184 550 2252 de
566 2188 628 2254 Cn.
652 2185 828 2276 Pompeio,
848 2209 951 2276 quum
968 2187 1117 2256 viderent
1141 2187 1301 2281 hospites
1318 2182 1366 2274 ju·

203 2327 206 2332 ’
324 2302 446 2398 gulari,
464 2317 622 2396 praeterea
642 2298 746 2371 multa
763 2301 885 2372 seelera
901 2306 942 2372 ab
963 2307 1001 2374 iis
1020 2305 1108 2395 fieri,
1129 2309 1188 2400 qui
1210 2298 1361 2402 praesidii

323 2447 420 2492 causa
436 2422 543 2492 abhis
561 2424 794 2518 reciperentur.
809 2425 878 2512 Qui
889 2449 993 2516 quum
1011 2426 1052 2496 ad
1070 2427 1235 2521 oppidum
1256 2420 1362 2492 venis·

323 2557 414 2625 sent,
432 2543 553 2631 nostri,
573 2544 631 2636 qui
655 2543 792 2613 fuissent
816 2544 940 2638 equites
967 2548 1093 2615 romani
1113 2561 1145 2614 et
1165 2561 1359 2622 senatores,

324 2688 390 2732 non
409 2677 487 2744 sunt
501 2665 571 2732 ausi
588 2665 725 2732 introire
735 2666 769 2733 in
779 2664 955 2759 oppidum,
970 2680 1186 2759 praeterquam
1204 2667 1269 2760 qui
1287 2661 1355 2754 ejus

323 2785 464 2852 civitatis
489 2784 636 2853 fuissent.
655 2786 807 2873 Quorum
826 2788 990 2881 responsis
1006 2785 1094 2856 ultro
1119 2791 1274 2881 citroque
1305 2803 1357 2850 ec·

323 2903 426 2996 ceptis
442 2917 475 2972 et
498 2904 649 3006 redditis,
670 2928 773 2998 quum
798 2905 839 2972 ad
863 2921 991 2975 nostros
1015 2931 1049 2974 se
1068 2909 1271 3001 reciperent,
1299 2896 1355 2995 qul

324 3038 415 3093 extra
427 3023 584 3117 oppidum
598 3023 753 3110 luissent,
770 3021 819 3092 illi
834 3021 875 3091 de
886 3017 1254 3118 praesidioinsecuti,ex
1264 3042 1355 3094 aver·

323 3142 414 3210 sione
433 3141 555 3234 legatos
577 3142 774 3236 jugularunt
793 3169 800 3212 :
822 3142 888 3213 duo
905 3144 1044 3238 reliqui,
1060 3147 1117 3239 qui
1137 3171 1178 3216 ex
1194 3147 1240 3215 eis
1260 3145 1352 3235 suge·

324 3274 417 3342 runt,
430 3262 552 3329 Cusari
574 3285 644 3330 rem
662 3276 784 3357 gestam
800 3261 1004 3350 detulerunt,
1019 3281 1051 3334 et
1072 3265 1293 3361 speculatores
1310 3254 1351 3327 ad

324 3378 482 3472 oppidum
499 3383 658 3475 Ateguam
677 3383 845 3453 miserunt.
866 3383 935 3472 Qui
956 3409 1057 3477 quum
1078 3400 1202 3453 certum
1222 3403 1353 3475 compe·

323 3501 440 3568 rissent
460 3497 641 3594 legatorum
655 3526 826 3596 responsa,
850 3507 895 3572 ite
916 3528 983 3570 esse
1005 3517 1112 3597 gesta,
1141 3503 1353 3594 quemadmo-

324 3619 403 3690 dum
423 3618 469 3688 illi
484 3619 688 3707 retulissent,
703 3624 745 3691 ab
764 3622 935 3718 oppidanis
953 3645 1118 3690 concursu
1134 3621 1238 3708 facto,
1256 3643 1351 3702 eum,

325 3739 383 3832 qui
405 3737 529 3834 legatos
548 3739 745 3836 jugulasset,
764 3740 922 3834 lapidare,
944 3754 977 3807 et
992 3741 1021 3806 ei
1046 3763 1163 3808 manus
1190 3739 1352 3808 intentare

325 3875 494 3953 caeperunt
511 3886 519 3928 :
541 3859 629 3931 illius
643 3885 741 3956 opera
760 3883 793 3928 se
813 3859 945 3953 perisse.
959 3862 1027 3945 lta,
1043 3861 1098 3928 vix
1109 3857 1258 3953 periculo
1272 3857 1350 3928 libe·

324 3991 434 4066 ratus‚
453 3980 548 4072 petiit
565 3981 606 4049 ab
624 3979 810 4076 oppidanis,
829 3979 912 4047 utel
930 3977 1045 4049 liceret
1064 3978 1209 4073 legatum
1229 3979 1270 4050 ad
1288 3982 1350 4048 Cae
