3026 4768
267 351 320 390 ιη
422 337 452 388 Γ.
476 338 575 394 JULll
594 341 758 398 clusinis
779 342 1151 414 countuuuuutonuu

263 461 371 548 torix,
389 463 574 549 Carvilius,
596 466 856 560 Taximagulus,
885 469 1054 562 Segouax,
1076 468 1212 538 nuntios
1234 468 1310 534 mit-

261 584 325 669 tit,
337 596 437 674 atquo
451 581 504 652 bis
522 585 682 679 imperat,
699 591 769 674 uti,
787 589 910 657 coactis
925 589 1083 658 omnibus
1099 589 1225 682 copiis,
1240 611 1312 658 cas-

262 719 314 784 tra
332 703 462 772 navalia
478 705 520 774 de
534 708 719 802 improviso
735 708 933 778 adoriantur
947 724 1048 802 atque
1066 724 1272 804 oppugnent.
1284 711 1313 779 li

262 848 367 916 quum
384 825 427 894 ad
439 841 547 897 castra
562 830 754 914 venissent,
770 831 898 917 nostri,
916 831 1094 922 eruptione
1111 829 1214 914 facta,
1233 829 1315 898 mul-

264 946 305 1014 tis
315 969 431 1015 eorum
445 947 643 1033 interfectis,
656 966 756 1044 capto
767 953 868 1018 etiam
881 948 985 1018 nobili
999 949 1084 1020 duce
1093 952 1314 1045 Lugotorige,

263 1089 341 1134 suos
366 1065 549 1136 incolumes
570 1066 787 1139 reduxerunt.
806 1067 1095 1158 Cassivellaunus,
1115 1071 1181 1138 boo
1197 1070 1315 1165 proelio

264 1187 440 1271 nuntiato,
477 1202 527 1257 tot
556 1187 765 1258 detrimentis
801 1192 965 1284 acceptis,
997 1190 1135 1258 vastatis
1170 1190 1314 1275 linibus,

258 1308 408 1378 maxime
436 1309 536 1376 etiam
565 1326 738 1404 permotus
764 1309 949 1379 desectione
975 1311 1170 1396 civitatum,
1188 1309 1314 1404 legatos

266 1451 327 1520 per
343 1417 534 1497 Atrebatem
552 1431 743 1500 Commium
757 1430 803 1498 de
818 1430 989 1498 deditione
1008 1429 1049 1498 ad
1061 1434 1224 1500 Caesarem
1241 1432 1315 1499 mit·

266 1549 316 1616 tit.
338 1549 460 1635 Caesar,
483 1572 588 1642 quum
607 1550 775 1619 statuisset
794 1550 935 1619 hiemem
955 1552 989 1618 in
1008 1551 1195 1620 continenti
1216 1575 1316 1644 prop-

266 1684 318 1738 ter
336 1669 527 1761 repentinos
545 1667 664 1739 Galliae
680 1687 791 1739 motus
810 1695 922 1764 agere,
935 1696 1044 1764 neque
1063 1670 1205 1740 multum
1224 1686 1316 1740 assta-

265 1791 308 1858 tis
327 1805 530 1883 superesset,
551 1806 651 1886 atque
670 1791 702 1858 id
721 1791 816 1861 facile
835 1793 964 1861 extrahi
983 1817 1080 1887 posse
1098 1791 1314 1888 intelligeret,

267 1911 399 1980 obsides
421 1912 578 2005 imperat,
599 1928 650 1998 et,
668 1910 751 2005 quid
778 1914 812 1980 in
840 1895 946 1982 annos
973 1911 1123 2007 singulos
1144 1911 1317 2008 vectigalis

268 2030 394 2126 populo
411 2057 551 2100 romano
569 2034 741 2101 Britannia
760 2031 938 2126 penderet,
957 2035 1131 2102 constituit
1151 2060 1159 2101 :
1179 2033 1317 2103 interdi-

269 2152 316 2218 cit
340 2165 439 2243 atque
466 2152 609 2245 imporat
626 2151 894 2240 Cassivellauno,
913 2177 955 2222 ne
971 2151 1233 2240 Mandubratio‚
1252 2178 1317 2222 neu

269 2271 531 2341 Trinobantibus
548 2271 674 2340 bellum
692 2272 800 2342 faciat.
837 2254 840 2260 Ι

273 2447 276 2458 .
320 2394 444 2462 xxm.
457 2392 639 2462 Obsidibus
649 2396 811 2489 acceptis,
821 2395 1003 2464 exercitum
1013 2393 1143 2464 reducit
1154 2393 1195 2462 ad
1210 2419 1316 2482 mare,

271 2536 380 2581 naves.
397 2512 525 2582 invenit
551 2513 700 2584 refectas.
729 2516 789 2584 His
812 2514 981 2603 deductis,
998 2511 1089 2609 quo'd
1116 2529 1149 2584 et
1170 2515 1317 2609 captivo-

270 2658 345 2702 rum
361 2657 522 2728 magnum
534 2658 712 2703 numerum
723 2636 864 2705 hahebat
874 2688 884 2721 ,
896 2652 928 2704 et
941 2634 1110 2706 nonnullae
1122 2649 1319 2729 tempestate

271 2755 484 2850 deperierant
507 2780 629 2842 naves,
647 2755 780 2825 duobus
800 2757 1039 2826 commeatibus
1058 2757 1240 2825 exercitum
1266 2780 1319 2824 re-

270 2892 406 2968 portare
433 2878 588 2946 instituit.
609 2881 659 2946 Ac
687 2879 733 2946 sic
755 2877 894 2962 accidit,
912 2881 962 2946 uti
991 2902 1031 2946 ex
1059 2891 1155 2946 tanto
1183 2877 1317 2945 navium

273 3021 425 3083 numero,
449 3014 500 3067 tot
527 2999 813 3093 navigationibus,
841 3022 950 3092 neque
976 2998 1055 3083 hoc,
1083 3022 1193 3092 neque
1220 3021 1320 3090 supe·

273 3119 360 3186 riore
377 3119 562 3205 anno,ulla
578 3123 717 3190 omnino
735 3122 843 3207 navis,
856 3146 929 3214 quae
947 3117 1069 3188 milites
1087 3132 1252 3214 portaret,
1266 3117 1322 3186 de-

274 3239 475 3308 sideraretur
493 3267 500 3308 :
520 3257 555 3310 at
572 3267 611 3310 ex
634 3243 674 3311 iis
692 3267 765 3336 quae
787 3244 900 3312 inanes
919 3268 959 3311 ex
977 3242 1164 3310 continenti
1184 3240 1320 3309 adeum

275 3363 536 3444 remitterentur,
555 3367 676 3458 prioris
693 3381 896 3434 commeatus
914 3366 1072 3458 expositis
1093 3361 1275 3449 militibus,
1290 3379 1322 3431 et

276 3511 357 3580 quas
386 3501 500 3580 postea
522 3487 689 3555 Labienus
716 3486 881 3556 faciendas
899 3501 1074 3556 curaverat
1100 3509 1241 3555 numero
1258 3509 1322 3568 xn,

278 3633 451 3703 perpaucae
477 3605 589 3676 locum
611 3623 786 3702 caperent3
816 3605 951 3701 reliquae
977 3608 1044 3676 lere
1065 3631 1181 3677 omnes
1210 3607 1324 3699 rejice·

278 3746 403 3799 rentur.
419 3731 513 3818 Quas
524 3754 627 3823 quum
640 3728 832 3824 aliquandiu
843 3730 954 3797 Caesar
963 3727 1085 3796 frustra
1094 3740 1323 3824 exspectasset,

279 3877 320 3920 ue
336 3853 415 3921 anni
432 3865 583 3946 tempore
600 3877 619 3920 a
637 3852 850 3944 navigatione
867 3848 1111 3938 excluderetur,
1122 3851 1212 3944 quod
1228 3849 1326 3942 aequi·

192 4003 198 4012 ·
280 3973 594 4061 noctiumsuberat,
609 3973 794 4042 necessario
806 3973 981 4065 angustius
995 3969 1117 4040 milites
1132 3969 1323 4054 collocavit,
