3020 4768
263 395 320 454 eqo
422 387 451 441 C.
476 385 572 440 JULll
592 385 757 440 CAESARIS
779 383 1145 440 COMMENTARIORUM

263 513 423 584 Caninius
443 508 596 579 celeriter
619 535 696 579 cum
716 510 909 578 cohortibus
931 508 1066 575 armatis
1087 532 1127 575 ex
1151 509 1312 598 proximis

263 629 406 700 castellis
426 631 462 698 in
485 631 720 699 frumentarios
744 629 805 696 sub
829 631 934 722 ipsam
955 625 1065 696 lucem
1087 629 1248 721 impetum
1263 627 1312 696 fe·

261 754 318 821 cit.
338 755 385 840 Ii,
400 753 575 846 repentino
592 751 680 819 malo
698 751 882 845 perterriti,
896 747 1079 843 diffugiunt
1095 747 1135 816 ad
1154 773 1213 816 sua
1230 773 1312 842 prae·

263 871 346 941 sidia
371 897 379 940 :
407 897 480 965 quae
502 872 609 940 nostri
634 886 673 938 ut
696 869 868 955 viderunt,
893 870 1002 937 acrius
1028 883 1145 936 contra
1166 883 1311 936 armatos

264 993 406 1079 incitati,
427 991 597 1059 neminem
617 1015 659 1058 ex
676 1015 717 1058 eo
735 1012 877 1057 numero
895 989 1011 1054 vivum
1029 988 1104 1080 capi
1126 989 1310 1081 patiuntur.

181 1162 185 1174 .
261 1110 392 1205 Effugit
418 1109 496 1177 iude
521 1135 596 1178 cum
622 1112 735 1204 paucis
760 1109 955 1194 Lucterius,
982 1131 1044 1174 nec
1069 1131 1103 1174 se
1128 1109 1246 1202 recipit
1275 1110 1310 1176 in

262 1246 380 1298 castra.

310 1352 470 1421 XXXVI.
498 1356 547 1421 Re
572 1353 657 1421 bene
678 1366 788 1446 gesta,
812 1349 972 1418 Caninius
992 1372 1031 1417 ex
1057 1350 1196 1442 captivis
1217 1373 1310 1417 com-

263 1471 349 1564 perit
369 1485 496 1564 partem
517 1472 690 1565 copiarum
713 1495 791 1539 cum
811 1472 981 1563 Drappete
1007 1493 1078 1536 esse
1100 1471 1134 1536 in
1156 1469 1311 1538 castriso

233 1618 238 1626 ·
264 1589 410 1660 millibus
432 1617 500 1660 non
523 1589 667 1684 amplius
692 1615 753 1660 xn.
781 1593 858 1680 Qua
884 1616 920 1659 re
944 1615 984 1658 ex
1005 1587 1233 1683 compluribus
1254 1615 1310 1658 co-

264 1712 372 1805 gnita,
388 1735 492 1805 quum
511 1691 724 1806 intelligeret,
743 1711 856 1805 fugato
876 1710 959 1779 duce
975 1693 1097 1795 altero,
1115 1711 1311 1802 perterritos

264 1831 409 1925 reliquos
431 1831 527 1900 facile
547 1833 692 1925 opprimi
710 1853 820 1925 posse,
839 1855 968 1925 magnae
983 1830 1150 1900 felicitatis
1166 1855 1236 1898 esse
1256 1855 1310 1898 ar-

263 1951 452 2018 bitrabatur
472 1953 640 2020 neminem
660 1977 701 2019 ex
718 1950 805 2019 caede
826 1951 986 2044 refugisse
1003 1952 1037 2019 in
1055 1965 1178 2036 castra,
1194 1951 1250 2044 qui
1269 1949 1310 2017 de

263 2083 398 2164 accepta
421 2069 608 2138 calamitate
628 2073 784 2138 nuntium
806 2074 970 2164 Drappeti
991 2071 1163 2164 perferret.
1185 2069 1249 2139 Sed
1275 2070 1309 2136 in

264 2188 467 2280 experiendo
487 2215 592 2282 quum
608 2188 792 2284 periculum
813 2188 943 2258 nullum
962 2190 1105 2274 videret,
1124 2193 1309 2282 equitatum

264 2333 397 2376 omnem
427 2311 679 2402 Germanosque
702 2309 850 2403 pedites,
875 2333 1010 2377 summae
1035 2308 1219 2378 velocitatis
1245 2311 1309 2378 bo-

265 2429 384 2514 mines,
401 2427 444 2497 ad
459 2443 567 2497 castra
580 2429 726 2497 hostium
740 2432 910 2523 praemittit
922 2431 1011 2521 :ipse
1028 2428 1192 2523 legionem
1206 2443 1308 2500 unam

264 2551 298 2617 in
315 2550 404 2616 trina
423 2564 532 2617 castra
548 2548 732 2636 distribuit,
748 2547 886 2618 alteram
905 2574 1016 2618 secum
1034 2549 1223 2643 expeditam
1245 2550 1307 2619 du·

264 2671 319 2738 cit.
337 2671 453 2759 Quum
471 2671 609 2762 propius
624 2670 737 2738 hostes
756 2672 961 2756 accessisset,
978 2671 1020 2739 ab
1044 2669 1308 2765 exploratoribus

246 2815 346 2885 quos
376 2791 579 2884 praemiserat
609 2778 779 2884 cognoscit
801 2805 908 2858 castra
933 2777 1064 2877 eorum,
1091 2807 1129 2860 ut
1149 2792 1307 2859 barbaro-

264 2935 339 2976 rum
355 2909 419 2978 fert
432 2909 653 2997 consuetudo,
671 2908 794 2977 relictis
810 2908 892 2979 locis
906 2899 1148 3004 superioribus,
1163 2895 1308 3004 adripas

264 3027 409 3096 fluminis
432 3055 502 3098 esse
523 3031 681 3114 demissa;
700 3044 733 3098 at
755 3033 940 3100 Germanos
963 3035 1156 3126 equitesque
1177 3034 1307 3126 impru-

265 3146 419 3215 dentibus
443 3151 596 3218 omnibus
615 3149 657 3217 de
682 3152 863 3244 improviso
891 3149 1079 3237 advolasse,
1101 3166 1133 3220 et
1153 3151 1308 3246 proelium

195 3315 196 3318 κ
265 3257 474 3335 commisisse.
490 3270 566 3356 Qua
582 3270 781 3368 recognita,
798 3269 960 3364 legionem
982 3257 1144 3339 armatam
1164 3274 1308 3341 instruc-

266 3404 399 3482 tamque
416 3387 561 3456 adducit.
580 3393 646 3475 Ita,
663 3406 800 3483 repente
815 3392 968 3461 omnibus
985 3416 1024 3460 ex
1042 3395 1193 3485 partibus
1213 3373 1308 3488 signo

265 3509 357 3599 dato,
379 3507 453 3578 loca
472 3509 642 3600 superiora
663 3511 850 3604 capiuntur.
873 3511 976 3600 Quod
993 3513 1051 3581 ubi
1069 3513 1204 3603 accidit,
1221 3517 1307 3584 Ger-

265 3633 355 3701 mani
376 3631 588 3724 equitesque,
615 3631 717 3724 signis
743 3629 882 3725 legionis
903 3634 997 3717 visis,
1024 3632 1307 3702 vehementissime

266 3751 461 3847 proeliantur
477 3776 485 3816 ε
504 3750 677 3818 confestim
690 3777 804 3820 omnes
818 3751 972 3819 cohortes
986 3752 1134 3845 undique
1146 3754 1306 3845 impetum

265 3872 407 3956 faciunt3
426 3871 649 3963 omnibusque
669 3886 727 3940 aut
749 3870 945 3960 interfectis,
970 3887 1028 3938 aut
1046 3873 1166 3964 captis,
1188 3897 1307 3966 magna

265 3988 374 4083 praeda
392 3990 578 4084 potiuntur.
597 3992 738 4084 Capitur
755 3994 824 4085 ipse
846 4017 885 4059 eo
903 3989 1021 4086 proelio
1039 3996 1199 4084 Drappes.
