3038 4766
282 377 334 433 132
438 377 469 432 C.
490 375 586 430 JULII
607 375 772 430 CAESARIS
793 374 1158 432 oontttuurfflouunt

278 517 367 584 tum,
384 495 485 593 quam
501 501 543 568 ab
561 500 653 568 hoste
672 502 881 593 accepissent.
902 503 976 568 Non
999 500 1141 593 denique
1163 528 1311 576 commu.

280 646 337 688 nes
348 619 427 690 belli
444 645 538 689 casus
554 618 823 704 recordabantur,
838 644 938 712 quam
952 617 1097 713 parvulae
1110 646 1194 714 saepe
1207 647 1313 694 causae

267 733 329 811 'vel
350 741 437 812 falsae
453 742 663 836 suspicionis,
683 737 733 808 vel
749 741 884 808 terroris
902 742 1082 834 repentini,
1100 741 1150 808 vel
1171 745 1308 836 objectes

279 861 465 955 religionis,
498 885 617 954 magua
648 858 842 928 detrimenta
876 858 1085 946 intulissent;
1111 865 1239 954 quoties
1261 864 1310 933 vel

279 980 375 1074 culpa
392 980 502 1068 ducis,
520 978 571 1048 vel
597 971 721 1048 tribuni
746 981 843 1061 vitio,
869 981 902 1046 in
930 981 1074 1049 exercitu
1102 995 1185 1049 esset
1205 981 1312 1052 offen-

279 1125 352 1169 sum
374 1125 382 1167 τ
402 1100 475 1184 sed,
497 1098 635 1192 proinde
654 1124 693 1168 ac
714 1100 742 1167 si
769 1100 892 1167 virtute
915 1099 1088 1186 vicissent,
1116 1124 1222 1193 nsque
1246 1101 1312 1172 ulla

279 1221 492 1286 commutatio
510 1241 621 1286 rerum
640 1230 747 1310 posset
764 1215 927 1304 accidere,
944 1242 1003 1309 per
1018 1219 1132 1286 orbem
1150 1233 1311 1290 terrarum

280 1339 365 1407 fama
382 1361 420 1405 ac
436 1336 553 1406 litteris
569 1339 741 1405 victoriam
759 1337 829 1430 ejus
844 1336 909 1405 diei
926 1334 1212 1406 concelebrabunt.

327 1460 481 1526 LXXIII.
510 1460 635 1541 Caesar,
661 1455 702 1523 ab
726 1456 949 1549 superioribus
974 1453 1118 1522 consiliis
1139 1455 1312 1548 depulsus,

280 1601 413 1646 omnem
432 1576 494 1643 sibi
516 1573 783 1644 commutandam
810 1571 885 1642 belli
912 1575 1074 1644 rationem
1101 1575 1309 1646 existimavit.

280 1699 413 1788 Itaque,
431 1720 499 1764 uno
517 1709 662 1788 tempore
681 1691 837 1786 praesidiis
853 1692 1004 1760 omnibus
1019 1691 1184 1776 deductis,
1200 1708 1233 1760 et
1249 1719 1311 1788 op·

281 1816 483 1909 pugnatione
500 1812 651 1896 dimissa,
668 1826 846 1903 coactoque
860 1812 893 1878 in
911 1835 1013 1881 unum
1027 1810 1135 1880 locum
1150 1814 1311 1900 exercitu,

281 1934 474 2002 concionem
495 1932 584 2026 apud
612 1931 731 1999 milites
751 1931 883 2016 habuit,
906 1931 1122 2024 hortatusque
1148 1947 1211 2020 est,
1235 1961 1253 1997 n
1271 1958 1312 2001 ne

281 2077 336 2137 en,
351 2074 424 2143 quae
435 2049 648 2133 accidissent,
659 2051 802 2144 graviter
815 2049 953 2134 ferrent,
970 2073 1050 2118 neve
1065 2051 1116 2119 his
1131 2052 1227 2120 rebus
1245 2029 1310 2120 ter?

280 2183 451 2257 renentur,
477 2166 654 2260 multisque
672 2167 822 2236 secundis
841 2166 964 2260 proeliis
987 2193 1090 2237 unum
1117 2168 1309 2254 adversum,

281 2305 314 2358 et
332 2289 366 2356 id
393 2287 576 2374 mediocre',
599 2302 806 2382 opponerent
831 2313 840 2356 ε
863 2287 1049 2356 habendam
1071 2288 1211 2357 fortunas
1234 2315 1310 2384 gra-

282 2410 375 2496 tiam,
393 2408 482 2500 quod
500 2404 630 2475 Italiam
648 2409 717 2476 sine
733 2405 844 2499 aliquo
865 2406 1000 2476 vulnere
1019 2406 1202 2500 cepissent3
1221 2410 1312 2500 quod

183 2519 186 2528 ¹
282 2527 363 2596 duas
380 2527 568 2620 Hispanias,
581 2524 901 2594 bellicosissimorum
917 2527 1089 2593 bominum
1107 2527 1311 2620 peritissimis

281 2661 379 2739 atque
399 2645 673 2714 exercitatissimis
692 2642 849 2732 ducibus,
866 2646 1085 2738 pacatissent3
1104 2643 1193 2738 quod
1213 2642 1312 2712 finiti·

282 2789 351 2833 mas
370 2764 664 2857 frumentariasque
689 2765 873 2857 provincias
899 2765 932 2832 in
952 2777 1148 2857 potestatem
1167 2762 1311 2858 redegis-
1356 2747 1364 2762 ⁹

282 2900 369 2972 scnt3
389 2885 531 2977 denique
548 2883 713 2954 recordari
732 2883 864 2971 debere,
884 2909 947 2978 qna
966 2883 1225 2953 felicitateinter
1243 2908 1311 2952 me·

153 3015 163 3032 ·
282 3004 351 3074 dias
369 3005 514 3074 hostium
533 3004 665 3090 classes,
686 3003 826 3098 oppletis
847 3027 915 3072 non
934 3003 1040 3073 solum
1064 3005 1231 3098 portibus,
1256 3004 1313 3073 sed
1368 2997 1370 3000 ⁵

282 3127 380 3194 etiam
403 3122 567 3209 litoribus,
591 3149 704 3193 omnes
730 3124 911 3194 incolumes
930 3141 1038 3194 essent
1062 3127 1276 3220 transportati
1303 3151 1311 3193 :

282 3246 390 3314 sinon
410 3245 521 3312 omnia
538 3245 692 3314 caderent
705 3245 868 3332 secunda,
886 3243 1053 3314 fortunam
1067 3271 1136 3314 esse
1152 3247 1313 3316 industria

282 3363 517 3466 sublevandam
532 3391 539 3432 :
558 3365 648 3459 quod
663 3383 746 3436 esset
761 3381 931 3460 acceptum
949 3366 1151 3450 detrimenti,
1165 3369 1236 3459 ejus
1244 3368 1313 3459 juri

282 3487 409 3581 potius,
423 3509 521 3578 quam
534 3509 600 3555 suae
611 3485 731 3581 culpae,
746 3486 865 3556 dehere
879 3485 1000 3554 tribui:
1014 3485 1120 3554 locum
1135 3511 1169 3554 sc
1179 3503 1311 3578 aequuns

273 3605 324 3674 ,ad
351 3605 575 3675 dimicandum
595 3607 740 3696 dedisse,
766 3599 906 3699 politum
930 3631 999 3675 esse
1020 3606 1163 3674 hostium
1182 3607 1312 3692 castris,

282 3726 444 3818 expulisse
474 3751 512 3796 ac
546 3751 715 3820 superasse
744 3741 955 3819 pugnantes:
981 3725 1038 3795 sed
1068 3728 1135 3795 sive
1162 3728 1311 3821 ipsorum

284 3845 504 3936 perturbatio,
523 3847 592 3914 sive
611 3868 703 3913 error
722 3843 860 3938 aliquis,
880 3846 948 3914 sive
966 3847 1066 3914 etiam
1085 3845 1217 3915 fortuna
1236 3871 1313 3941 par·

204 3945 208 3950 ⁵
283 3973 351 4027 tam
363 3958 432 4051 jam
458 3976 716 4056 prasentemque
736 3965 907 4033 victoriam
926 3963 1219 4058 interpellavisset,
1235 3965 1316 4033 dnn·
