3088 4766
498 379 548 434 DE
572 377 694 434 BELLO
717 377 836 434 ClVlLl
859 380 929 434 Lm.
948 381 983 436 Il.
1222 383 1256 438 61

224 505 448 600 expediebant.
468 504 535 573 Ubi
555 519 684 598 ternpus
707 503 843 574 alterius
869 506 1146 576 contabulationis
1166 509 1255 577 vide-

225 628 323 695 batur
333 675 342 711 ‚
354 627 445 717 tigna
462 624 554 711 item,
567 638 604 692 ut
624 625 747 718 primo,
764 639 850 694 tecta
866 627 1020 694 extremis
1040 624 1196 696 lateribus
1210 629 1259 696 in·

225 745 410 830 struebant,
424 767 529 836 exque
548 766 586 812 ea
601 746 848 839 contignatione
863 769 977 814 rursus
995 769 1156 815 summam
1181 770 1260 815 cou-

226 864 460 934 tabulatiouem
481 866 664 958 storiasque
681 862 864 934 elevabant.
882 869 933 935 lta
951 880 1023 935 tutu
1047 891 1085 936 ac
1105 867 1176 934 sine
1190 864 1260 935 ullo

224 983 360 1053 vulnere
375 1009 414 1054 ac
427 982 573 1078 periculo
588 1007 647 1052 sex
662 982 810 1054 tabulata
830 1000 1079 1073 exstruxerunt,
1099 985 1260 1054 fenetras·

224 1127 305 1196 que,
328 1104 447 1196 quibus
471 1105 505 1172 iu
530 1102 611 1174 locis
630 1105 736 1172 visum
759 1118 828 1191 est,
849 1103 890 1173 ad
910 1119 1076 1174 tomenta
1099 1106 1260 1175 mittenda

225 1226 259 1291 in
278 1223 434 1292 struendo
451 1222 666 1317 reliquerunt.

272 1345 314 1412 X.
337 1343 403 1413 Ubi
427 1367 468 1412 ex
484 1367 523 1412 ea
546 1346 644 1432 turri,
668 1368 742 1437 que
762 1345 885 1413 circum
903 1359 1025 1430 essem,
1048 1369 1151 1439 opera
1175 1347 1260 1414 tueri

224 1487 259 1530 ee
276 1485 372 1557 posse
390 1461 505 1532 confisi
522 1479 619 1551 sunt,
645 1461 830 1532 musculum
848 1463 969 1556 pedum
986 1489 1031 1534 nx
1048 1463 1205 1559 longum,
1220 1489 1260 1533 er

225 1585 362 1653 materia
384 1581 542 1678 bipedali,
559 1607 659 1677 quern
676 1609 696 1652 a
715 1584 799 1651 turri
818 1582 958 1653 lateritia
976 1584 1018 1653 ad
1034 1584 1178 1653 bostium
1191 1599 1261 1653 tur-

225 1704 287 1771 rim
315 1727 514 1796 murumque
530 1694 766 1796 perducerent,
787 1701 893 1772 facere
915 1705 1149 1787 instituerunt3
1165 1704 1259 1796 cujus
1298 1727 1299 1730 ¹

225 1820 365 1890 musculi
384 1820 452 1889 baec
470 1836 541 1889 erat
566 1820 681 1889 forma.
709 1825 790 1891 Duae
817 1823 962 1915 primum
990 1821 1097 1890 trabes
1127 1823 1162 1889 in
1190 1820 1260 1890 solo

216 1965 317 2033 ¹aeque
327 1939 450 2034 longae,
464 1938 623 2010 distantes
637 1942 722 2009 inter
735 1965 769 2009 se
785 1940 883 2035 pedes
897 1965 951 2026 tv,
970 1938 1195 2028 collocantur,
1209 1942 1261 2008 in·
1307 1977 1312 1988 =

225 2083 291 2152 que
317 2059 362 2126 eia
383 2056 563 2127 columellas
580 2058 701 2153 pedum
728 2062 762 2127 in
786 2059 994 2129 altitudinem
1015 2085 1038 2128 v
1059 2058 1259 2154 defiguntur.

225 2181 292 2246 Has
313 2179 400 2246 inter
422 2202 455 2246 se
482 2176 641 2273 capreolis
669 2178 761 2248 molli
786 2179 916 2274 fastigio
943 2181 1170 2274 conjungunt,
1204 2180 1261 2249 ubi

226 2298 335 2392 tigna,
355 2322 428 2392 quae
445 2296 587 2367 musculi
607 2299 738 2394 tegendi
753 2323 851 2368 causa
870 2315 1013 2392 ponam,
1033 2298 1259 2368 collocentur:

225 2441 265 2484 eo
280 2441 380 2512 super
398 2419 489 2514 tigna
503 2417 666 2513 bipedalia
684 2420 852 2512 injiciunt,
874 2443 977 2513 eaque
994 2416 1125 2486 laminis
1146 2417 1262 2487 clavia-

225 2561 291 2630 que
309 2537 459 2632 religant
488 2537 539 2606 Ad
563 2551 745 2606 extremum
773 2536 913 2606 musculi
937 2552 1058 2606 tectum
1086 2537 1261 2629 trabesque
1315 2522 1327 2547 ⁸

225 2670 401 2744 extremas,
425 2654 603 2749 quadratas
626 2653 827 2748 regulas,1v
852 2671 1002 2748 patentes
1020 2655 1155 2751 digitos,
1182 2654 1262 2724 defi-

226 2792 327 2868 gunt,
345 2800 418 2869 quae
439 2775 571 2861 lateres,
594 2775 651 2866 qui
668 2797 767 2868 super
784 2773 934 2843 musculo
951 2789 1140 2862 struantur,
1159 2776 1262 2843 conti-

227 2909 334 2964 neant.
363 2897 413 2962 Ita
434 2892 587 2986 fastigato
605 2907 704 2985 atque
724 2891 903 2962 ordinatim
928 2907 1069 2979 structo,
1090 2908 1129 2961 ut
1152 2893 1262 2962 trabes

227 3029 321 3083 eram
336 3016 372 3081 in
384 3009 544 3105 capreolis
556 3010 738 3098 collocatae,
753 3010 911 3081 lateribus
924 3010 1061 3106 lutoque
1078 3011 1261 3100 musculus,

227 3146 266 3202 ut
289 3133 331 3202 ab
349 3135 444 3228 igue,
465 3134 522 3225 qui
542 3156 580 3201 ex
605 3157 701 3202 muro
715 3130 897 3222 jaceretur,
914 3145 1007 3201 tutus
1027 3146 1131 3221 esset,
1149 3145 1261 3201 conte·

228 3253 318 3348 gitur
333 3277 341 3320 :
357 3276 455 3347 super
470 3250 586 3321 lateres
602 3253 691 3321 coria
709 3251 923 3338 inducuntur,
937 3277 978 3321 ne
991 3251 1160 3322 canalibus
1175 3277 1261 3347 aqua

227 3374 371 3442 immissa
392 3371 509 3443 luteres
527 3371 652 3441 diluere
671 3387 789 3466 posset
809 3373 909 3441 Coria
925 3389 1054 3461 autem,
1074 3398 1116 3442 ne
1147 3396 1260 3442 rursus

228 3495 296 3588 igni
321 3518 359 3562 ac
377 3492 541 3587 lapidibus
561 3506 837 3586 corrumpantur,
864 3494 1059 3562 centonibus
1084 3507 1262 3587 contegun-

228 3626 293 3682 tur.
327 3617 400 3682 Hoc
424 3636 508 3706 opus
525 3637 640 3699 omne,
659 3627 781 3682 tectum
800 3613 923 3700 vineis,
950 3612 993 3680 ad
1017 3613 1121 3707 ipsam
1140 3612 1261 3680 turrim

230 3732 424 3824 perficiunt,
442 3733 631 3826 subitoque,
646 3733 895 3829 inopinantibus
912 3731 1081 3818 hostibus,
1098 3730 1263 3799 machina·

229 3852 319 3920 tione
334 3852 461 3943 navali,
476 3852 648 3948 phalangis
663 3853 837 3945 subjectis,
853 3852 894 3922 ad
910 3853 1029 3921 turrim
1043 3850 1189 3920 hostium
1208 3849 1262 3919 ad·

230 3984 376 4056 movent,
393 3986 429 4040 ut
446 3971 584 4042 aedificio
595 3974 766 4067 jungatur.
