3042 4772
466 394 516 450 DE
537 393 659 450 mbo
678 393 967 454 smannnttto.
1172 415 1226 475 ¹79

198 517 449 602 commiserunt,
468 515 656 586 iestinnites
676 515 851 611 preripere
867 516 1139 611 subsequentibus
1156 522 1226 590 vic·

198 639 291 708 turin
310 637 519 708 societatem:
535 659 678 729 quorum
706 636 864 730 impetum
883 635 1092 708 Mithridates
1107 663 1226 734 magno
1299 721 1304 731 ι

196 780 271 826 curn
299 753 493 850 prudentie,
528 753 763 826 consuetudine
794 769 906 825 nostre
935 755 1051 826 castris
1083 755 1226 846 vullath,

144 910 149 916 ·
196 875 362 945 sustinuit.
380 875 494 970 Quum
510 897 589 944 vero
608 873 737 945 incaute
749 887 848 968 utque
866 872 1043 944 insolenter
1053 874 1227 946 succedere

196 1019 252 1064 cos
269 993 507 1064 munitionibus
525 992 666 1082 videoet,
683 993 858 1088 eruptione
878 990 1024 1086 undique
1041 992 1142 1080 heta,
1158 1017 1228 1064 ms·

197 1135 301 1206 guum
324 1135 498 1182 numerum
529 1135 644 1182 eornm
666 1110 840 1182 interfecit
862 1110 963 1200 Quod
987 1111 1049 1182 nisi
1077 1110 1225 1182 locorum

197 1232 314 1302 notitie
330 1231 448 1324 reliqui
475 1255 509 1302 sc
526 1231 699 1313 texissent,
714 1231 901 1324 pentiusque
920 1230 953 1299 in
972 1253 1089 1317 mres,
1105 1231 1229 1323 quibus

197 1350 320 1420 flumen
346 1352 559 1436 transierant,
582 1350 797 1443 recepissent,
816 1347 963 1420 hinditus
987 1347 1085 1418 deleti
1107 1363 1225 1420 essent

195 1469 263 1558 Qui
280 1484 317 1540 ut
333 1467 505 1564 paululum
533 1469 574 1538 ab
599 1466 656 1537 illo
688 1468 808 1536 umore
832 1491 868 1534 sc
885 1479 1093 1553 recrearunt,
1109 1467 1227 1560 adjun-

195 1589 257 1658 ctis
277 1589 337 1675 iis,
357 1589 415 1681 qui
434 1586 727 1681 subsequebantur,
746 1608 861 1654 rursus
884 1607 1077 1679 oppugnare
1093 1585 1226 1656 Mithri·

197 1705 295 1778 daten
310 1695 490 1800 coeperunt.

131 1871 135 1878 ·
242 1826 401 1898 XXVIII.
431 1823 577 1894 Mittitur
598 1847 618 1892 a
640 1821 832 1892 Mithridate
851 1822 986 1892 nuntius
1006 1822 1145 1907 Cauri,
1167 1825 1226 1916 qui

196 1967 268 2014 rem
282 1958 406 2039 gestam
420 1939 579 2036 perferret
596 1967 605 2010 s
625 1942 793 2035 cognoscit
803 1965 843 2011 es
860 1942 946 2028 suis,
961 1938 1075 2010 eadem
1088 1937 1158 2010 brec
1173 1963 1227 2010 sc·

196 2061 331 2144 cidisse,
358 2083 427 2132 rex.
454 2063 504 2129 lta
533 2082 627 2154 pane
644 2059 706 2128 sub
720 2057 808 2128 idem
829 2073 957 2152 ternpus
977 2072 1010 2126 et
1033 2081 1094 2127 rex
1109 2055 1151 2128 td
1164 2081 1225 2152 cp·

196 2179 405 2274 primendum
423 2179 639 2252 Mithridaten
656 2177 891 2274 proficiscitur,
912 2191 946 2246 et
962 2179 1072 2248 Caeser
1086 2175 1128 2246 ed
1143 2177 1225 2249 reci·

197 2299 365 2393 piendum.
396 2297 560 2368 Celericre
587 2295 733 2368 fluminis
760 2293 830 2366 Nili
860 2297 1067 2390 navigatione
1088 2319 1146 2366 rex
1175 2309 1226 2368 est

199 2443 292 2500 usus,
310 2421 344 2489 in
361 2442 427 2513 quo
443 2441 597 2514 magnam
617 2430 650 2484 et
668 2429 815 2509 puratum
835 2411 970 2484 classem
986 2414 1138 2486 habebnt.
1157 2417 1227 2486 Ge

197 2561 252 2608 sar
268 2538 383 2609 eodeni
407 2539 523 2608 itinere
546 2536 595 2606 uti
616 2532 741 2617 noluit,
754 2556 796 2602 ne
813 2533 952 2601 navibus
973 2533 1007 2602 iu
1026 2532 1162 2602 flumine
1181 2533 1227 2600 di·

198 2659 333 2728 iniceret
355 2657 435 2726 :sed
455 2654 692 2725 circumvectus
708 2674 749 2720 eo
764 2650 865 2737 mari,
887 2649 977 2743 quod
996 2648 1112 2720 lllricse
1125 2651 1226 2744 partis

198 2799 268 2844 esse
285 2772 422 2858 dicitur,
441 2773 536 2842 sicuti
555 2793 656 2863 supra
671 2765 984 2854 demonstravimus,
1004 2767 1095 2860 prius
1115 2781 1226 2863 tamen

199 2894 286 2988 regis
301 2893 404 2986 copiis
423 2888 582 2974 ooenrrit,
594 2911 693 2980 quam
714 2888 742 2956 is
761 2884 979 2958 Mithridaten
1005 2885 1138 2980 aggredi
1154 2909 1229 2980 pos·

199 3027 264 3100 set,
287 3032 430 3104 eumque
448 3007 491 3078 sd
513 3033 548 3080 ss
568 3007 727 3076 victorem
746 3003 904 3076 incolumi
919 3005 1066 3074 exercitu
1092 3007 1226 3099 recepit.

200 3128 405 3200 consederet
425 3151 500 3198 cum
525 3126 628 3220 copiis
646 3147 704 3196 rer
723 3121 797 3194 loco
820 3139 938 3196 nature
964 3125 1110 3210 munito,
1137 3123 1228 3216 quud

199 3261 271 3318 erut
290 3248 361 3342 ipse
386 3244 561 3332 excelsior,
586 3243 723 3339 planitie
741 3267 782 3312 ex
807 3244 961 3314 omnihus
990 3241 1139 3337 partibus
1155 3244 1229 3316 sub·

196 3367 300 3460 jecto,
321 3365 426 3436 tribus
445 3378 554 3436 autem
575 3387 617 3434 ex
637 3360 793 3432 lateribus
815 3362 914 3432 variis
938 3384 1058 3456 geone
1078 3347 1240 3432 munitis

200 3485 297 3557 uibus
305 3485 487 3583 tegebatur.
504 3485 619 3554 Unum
633 3480 719 3552 latus
733 3495 806 3552 erat
819 3480 983 3574 adjectum
995 3480 1124 3550 llumiui
1136 3479 1229 3566 Nilo,

200 3601 338 3680 alterum
366 3603 546 3676 editissimo
568 3600 642 3672 loco
666 3600 821 3688 ductum,
839 3614 876 3670 ut
895 3613 1023 3694 partem
1046 3613 1230 3670 castrorum

200 3721 378 3812 obtineres
399 3723 532 3794 tertium
552 3719 673 3816 palude
689 3719 895 3816 cingebatur.

249 3843 371 3912 xxlx.
389 3844 480 3912 Inter
498 3855 606 3912 castra
624 3841 712 3936 regis
732 3855 766 3912 et
791 3839 928 3910 emeris
948 3836 1028 3908 iter·
1042 3835 1166 3908 flumen
1183 3839 1230 3908 in·

201 3957 387 4029 tercedebet
408 3972 603 4052 augustum,
628 3957 794 4030 altissimis
823 3958 922 4053 ripis,
947 3955 1038 4050 quod
1064 3956 1099 4024 in
1116 3955 1229 4028 Nilum

1026 4098 1078 4144 12.
