<?xml version="1.0" encoding="UTF-8"?>
<!DOCTYPE html PUBLIC "-//W3C//DTD XHTML 1.0 Transitional//EN"
    "http://www.w3.org/TR/xhtml1/DTD/xhtml1-transitional.dtd">
<html xmlns="http://www.w3.org/1999/xhtml" xml:lang="en" lang="en">
 <head>
  <title>
</title>
<meta http-equiv="Content-Type" content="text/html;charset=utf-8" />
  <meta name='ocr-system' content='tesseract 3.04.00' />
  <meta name='ocr-capabilities' content='ocr_page ocr_carea ocr_par ocr_line ocrx_word'/>
</head>
<body>
  <div class='ocr_page' id='page_1' title='image "./cjcaesarisopera00caesgoog_0410.png"; bbox 0 0 3038 4766; ppageno 0'>
   <div class='ocr_carea' id='block_1_1' title="bbox 281 371 1153 438">
    <p class='ocr_par' dir='ltr' id='par_1_1' title="bbox 281 371 1153 438">
     <span class='ocr_line' id='line_1_1' title="bbox 281 371 1153 438; baseline 0.005 -12"><span class='ocrx_word' id='word_1_1' title='bbox 281 377 334 438; x_wconf 66' lang='lat' dir='ltr'><strong>rol.</strong></span> <span class='ocrx_word' id='word_1_2' title='bbox 431 371 462 430; x_wconf 84' lang='lat' dir='ltr'><strong>C.</strong></span> <span class='ocrx_word' id='word_1_3' title='bbox 481 372 580 434; x_wconf 84' lang='lat' dir='ltr'><strong>JULlI</strong></span> <span class='ocrx_word' id='word_1_4' title='bbox 601 373 764 430; x_wconf 77' lang='lat' dir='ltr'><strong>CAESARIS</strong></span> <span class='ocrx_word' id='word_1_5' title='bbox 785 371 1153 432; x_wconf 67' lang='lat' dir='ltr'><strong>commemoratam</strong></span> 
     </span>
    </p>
   </div>
   <div class='ocr_carea' id='block_1_2' title="bbox 200 494 1310 2148">
    <p class='ocr_par' dir='ltr' id='par_1_2' title="bbox 200 494 1309 702">
     <span class='ocr_line' id='line_1_2' title="bbox 276 494 1309 591; baseline 0.003 -27"><span class='ocrx_word' id='word_1_6' title='bbox 276 510 324 564; x_wconf 89' lang='lat' dir='ltr'><strong>est</strong></span> <span class='ocrx_word' id='word_1_7' title='bbox 345 496 443 582; x_wconf 88' lang='lat' dir='ltr'><strong>itum,</strong></span> <span class='ocrx_word' id='word_1_8' title='bbox 471 494 655 566; x_wconf 83' lang='lat' dir='ltr'><strong>incredibili</strong></span> <span class='ocrx_word' id='word_1_9' title='bbox 680 496 834 566; x_wconf 82' lang='lat' dir='ltr'><strong>felicitate</strong></span> <span class='ocrx_word' id='word_1_10' title='bbox 858 512 978 584; x_wconf 89' lang='lat' dir='ltr'><strong>auster,</strong></span> <span class='ocrx_word' id='word_1_11' title='bbox 1009 500 1065 591; x_wconf 90' lang='lat' dir='ltr'><strong>qui</strong></span> <span class='ocrx_word' id='word_1_12' title='bbox 1092 523 1150 590; x_wconf 90' lang='lat' dir='ltr'><strong>per</strong></span> <span class='ocrx_word' id='word_1_13' title='bbox 1170 497 1309 567; x_wconf 84' lang='lat' dir='ltr'><strong>biduum</strong></span> 
     </span>
     <span class='ocr_line' id='line_1_3' title="bbox 200 615 822 702; baseline 0.003 -20"><span class='ocrx_word' id='word_1_14' title='bbox 200 672 208 694; x_wconf 81' lang='grc'>,</span> <span class='ocrx_word' id='word_1_15' title='bbox 276 615 431 702; x_wconf 86' lang='lat' dir='ltr'><strong>flaverat,</strong></span> <span class='ocrx_word' id='word_1_16' title='bbox 452 617 486 684; x_wconf 92' lang='lat' dir='ltr'><strong>in</strong></span> <span class='ocrx_word' id='word_1_17' title='bbox 505 616 645 688; x_wconf 85' lang='lat' dir='ltr'><strong>africum</strong></span> <span class='ocrx_word' id='word_1_18' title='bbox 662 617 822 686; x_wconf 75' lang='lat' dir='ltr'><strong>severtii:</strong></span> 
     </span>
    </p>

    <p class='ocr_par' dir='ltr' id='par_1_3' title="bbox 270 733 1310 1886">
     <span class='ocr_line' id='line_1_4' title="bbox 322 733 1310 808; baseline 0 -4"><span class='ocrx_word' id='word_1_19' title='bbox 322 739 463 805; x_wconf 80' lang='lat' dir='ltr'>XXVII.</span> <span class='ocrx_word' id='word_1_20' title='bbox 486 737 549 806; x_wconf 88' lang='lat' dir='ltr'><strong>Hic</strong></span> <span class='ocrx_word' id='word_1_21' title='bbox 567 738 710 807; x_wconf 87' lang='lat' dir='ltr'><strong>subitam</strong></span> <span class='ocrx_word' id='word_1_22' title='bbox 724 738 1021 808; x_wconf 83' lang='lat' dir='ltr'><strong>commutationem</strong></span> <span class='ocrx_word' id='word_1_23' title='bbox 1042 736 1181 805; x_wconf 82' lang='lat' dir='ltr'><strong>fortunae</strong></span> <span class='ocrx_word' id='word_1_24' title='bbox 1198 733 1310 804; x_wconf 86' lang='lat' dir='ltr'><strong>videre</strong></span> 
     </span>
     <span class='ocr_line' id='line_1_5' title="bbox 275 853 1307 956; baseline 0.002 -34"><span class='ocrx_word' id='word_1_25' title='bbox 275 853 379 924; x_wconf 88' lang='lat' dir='ltr'><strong>licuit.</strong></span> <span class='ocrx_word' id='word_1_26' title='bbox 400 857 468 944; x_wconf 88' lang='lat' dir='ltr'><strong>Qui</strong></span> <span class='ocrx_word' id='word_1_27' title='bbox 492 855 591 927; x_wconf 91' lang='lat' dir='ltr'><strong>modo</strong></span> <span class='ocrx_word' id='word_1_28' title='bbox 608 857 669 956; x_wconf 78' lang='lat' dir='ltr'><strong>sibi</strong></span> <span class='ocrx_word' id='word_1_29' title='bbox 690 858 887 938; x_wconf 78' lang='lat' dir='ltr'><strong>timuerant,</strong></span> <span class='ocrx_word' id='word_1_30' title='bbox 912 857 972 925; x_wconf 90' lang='lat' dir='ltr'><strong>hos</strong></span> <span class='ocrx_word' id='word_1_31' title='bbox 992 855 1175 924; x_wconf 89' lang='lat' dir='ltr'><strong>tutissimus</strong></span> <span class='ocrx_word' id='word_1_32' title='bbox 1193 868 1307 949; x_wconf 85' lang='lat' dir='ltr'><strong>portus</strong></span> 
     </span>
     <span class='ocr_line' id='line_1_6' title="bbox 274 973 1306 1070; baseline -0.002 -26"><span class='ocrx_word' id='word_1_33' title='bbox 274 977 483 1070; x_wconf 87' lang='lat' dir='ltr'><strong>recipiebat:</strong></span> <span class='ocrx_word' id='word_1_34' title='bbox 506 977 563 1070; x_wconf 90' lang='lat' dir='ltr'><strong>qui</strong></span> <span class='ocrx_word' id='word_1_35' title='bbox 589 979 711 1048; x_wconf 89' lang='lat' dir='ltr'><strong>nostris</strong></span> <span class='ocrx_word' id='word_1_36' title='bbox 734 978 874 1046; x_wconf 83' lang='lat' dir='ltr'><strong>navibus</strong></span> <span class='ocrx_word' id='word_1_37' title='bbox 899 974 1080 1069; x_wconf 91' lang='lat' dir='ltr'><strong>periculum</strong></span> <span class='ocrx_word' id='word_1_38' title='bbox 1105 973 1306 1062; x_wconf 81' lang='lat' dir='ltr'><strong>intulerant,</strong></span> 
     </span>
     <span class='ocr_line' id='line_1_7' title="bbox 273 1095 1306 1194; baseline 0.003 -31"><span class='ocrx_word' id='word_1_39' title='bbox 273 1095 314 1163; x_wconf 93' lang='lat' dir='ltr'><strong>de</strong></span> <span class='ocrx_word' id='word_1_40' title='bbox 333 1119 393 1194; x_wconf 86' lang='lat' dir='ltr'><strong>suo</strong></span> <span class='ocrx_word' id='word_1_41' title='bbox 409 1097 525 1168; x_wconf 88' lang='lat' dir='ltr'><strong>timere</strong></span> <span class='ocrx_word' id='word_1_42' title='bbox 542 1097 754 1191; x_wconf 82' lang='lat' dir='ltr'><strong>cogebantur.</strong></span> <span class='ocrx_word' id='word_1_43' title='bbox 770 1099 905 1190; x_wconf 85' lang='lat' dir='ltr'><strong>Itaque,</strong></span> <span class='ocrx_word' id='word_1_44' title='bbox 923 1110 1072 1190; x_wconf 88' lang='lat' dir='ltr'><strong>tempore</strong></span> <span class='ocrx_word' id='word_1_45' title='bbox 1085 1109 1306 1178; x_wconf 87' lang='lat' dir='ltr'><strong>commutato,</strong></span> 
     </span>
     <span class='ocr_line' id='line_1_8' title="bbox 274 1213 1307 1306; baseline 0.003 -25"><span class='ocrx_word' id='word_1_46' title='bbox 274 1227 447 1306; x_wconf 80' lang='lat' dir='ltr'><strong>tempestas</strong></span> <span class='ocrx_word' id='word_1_47' title='bbox 467 1230 500 1283; x_wconf 91' lang='lat' dir='ltr'><strong>et</strong></span> <span class='ocrx_word' id='word_1_48' title='bbox 517 1229 648 1296; x_wconf 84' lang='lat' dir='ltr'><strong>nostros</strong></span> <span class='ocrx_word' id='word_1_49' title='bbox 670 1217 771 1303; x_wconf 81' lang='lat' dir='ltr'><strong>texit,</strong></span> <span class='ocrx_word' id='word_1_50' title='bbox 786 1231 821 1285; x_wconf 91' lang='lat' dir='ltr'><strong>et</strong></span> <span class='ocrx_word' id='word_1_51' title='bbox 841 1241 938 1286; x_wconf 87' lang='lat' dir='ltr'><strong>naves</strong></span> <span class='ocrx_word' id='word_1_52' title='bbox 961 1214 1095 1284; x_wconf 89' lang='lat' dir='ltr'><strong>rhodias</strong></span> <span class='ocrx_word' id='word_1_53' title='bbox 1114 1213 1245 1303; x_wconf 77' lang='lat' dir='ltr'><strong>afflixit,</strong></span> <span class='ocrx_word' id='word_1_54' title='bbox 1261 1217 1307 1284; x_wconf 85' lang='lat' dir='ltr'><strong>ita</strong></span> 
     </span>
     <span class='ocr_line' id='line_1_9' title="bbox 273 1331 1304 1422; baseline 0.003 -22"><span class='ocrx_word' id='word_1_55' title='bbox 273 1346 312 1400; x_wconf 92' lang='lat' dir='ltr'><strong>ut</strong></span> <span class='ocrx_word' id='word_1_56' title='bbox 329 1331 371 1399; x_wconf 87' lang='lat' dir='ltr'><strong>ad</strong></span> <span class='ocrx_word' id='word_1_57' title='bbox 390 1355 491 1402; x_wconf 88' lang='lat' dir='ltr'><strong>unam</strong></span> <span class='ocrx_word' id='word_1_58' title='bbox 505 1359 621 1403; x_wconf 88' lang='lat' dir='ltr'><strong>omnes</strong></span> <span class='ocrx_word' id='word_1_59' title='bbox 638 1349 831 1422; x_wconf 73' lang='lat' dir='ltr'><strong>constratae,</strong></span> <span class='ocrx_word' id='word_1_60' title='bbox 849 1358 987 1403; x_wconf 88' lang='lat' dir='ltr'><strong>numero</strong></span> <span class='ocrx_word' id='word_1_61' title='bbox 1003 1355 1081 1420; x_wconf 85' lang='lat' dir='ltr'><strong>xvr,</strong></span> <span class='ocrx_word' id='word_1_62' title='bbox 1096 1331 1304 1418; x_wconf 79' lang='lat' dir='ltr'><strong>eliderentur,</strong></span> 
     </span>
     <span class='ocr_line' id='line_1_10' title="bbox 272 1450 1305 1548; baseline 0.004 -30"><span class='ocrx_word' id='word_1_63' title='bbox 272 1464 306 1518; x_wconf 91' lang='lat' dir='ltr'><strong>et</strong></span> <span class='ocrx_word' id='word_1_64' title='bbox 327 1450 501 1546; x_wconf 79' lang='lat' dir='ltr'><strong>naufragio</strong></span> <span class='ocrx_word' id='word_1_65' title='bbox 521 1453 713 1542; x_wconf 89' lang='lat' dir='ltr'><strong>interirent,</strong></span> <span class='ocrx_word' id='word_1_66' title='bbox 734 1469 827 1522; x_wconf 82' lang='lat' dir='ltr'><strong>etex</strong></span> <span class='ocrx_word' id='word_1_67' title='bbox 854 1477 975 1547; x_wconf 87' lang='lat' dir='ltr'><strong>magno</strong></span> <span class='ocrx_word' id='word_1_68' title='bbox 998 1455 1160 1547; x_wconf 83' lang='lat' dir='ltr'><strong>remigum</strong></span> <span class='ocrx_word' id='word_1_69' title='bbox 1183 1477 1305 1548; x_wconf 91' lang='lat' dir='ltr'><strong>propu-</strong></span> 
     </span>
     <span class='ocr_line' id='line_1_11' title="bbox 273 1569 1305 1669; baseline 0.002 -30"><span class='ocrx_word' id='word_1_70' title='bbox 273 1586 516 1669; x_wconf 86' lang='lat' dir='ltr'><strong>gnatorumque</strong></span> <span class='ocrx_word' id='word_1_71' title='bbox 535 1597 673 1642; x_wconf 88' lang='lat' dir='ltr'><strong>numero</strong></span> <span class='ocrx_word' id='word_1_72' title='bbox 696 1597 772 1668; x_wconf 84' lang='lat' dir='ltr'><strong>pars</strong></span> <span class='ocrx_word' id='word_1_73' title='bbox 789 1572 830 1642; x_wconf 86' lang='lat' dir='ltr'><strong>ad</strong></span> <span class='ocrx_word' id='word_1_74' title='bbox 850 1571 1003 1665; x_wconf 91' lang='lat' dir='ltr'><strong>scopulos</strong></span> <span class='ocrx_word' id='word_1_75' title='bbox 1027 1569 1121 1640; x_wconf 88' lang='lat' dir='ltr'><strong>allisa</strong></span> <span class='ocrx_word' id='word_1_76' title='bbox 1141 1571 1305 1641; x_wconf 86' lang='lat' dir='ltr'><strong>interfice·</strong></span> 
     </span>
     <span class='ocr_line' id='line_1_12' title="bbox 270 1694 1306 1787; baseline 0.002 -27"><span class='ocrx_word' id='word_1_77' title='bbox 270 1705 373 1777; x_wconf 90' lang='lat' dir='ltr'><strong>retur,</strong></span> <span class='ocrx_word' id='word_1_78' title='bbox 390 1717 467 1787; x_wconf 88' lang='lat' dir='ltr'><strong>pars</strong></span> <span class='ocrx_word' id='word_1_79' title='bbox 481 1694 522 1762; x_wconf 88' lang='lat' dir='ltr'><strong>ab</strong></span> <span class='ocrx_word' id='word_1_80' title='bbox 541 1695 663 1764; x_wconf 82' lang='lat' dir='ltr'><strong>nostris</strong></span> <span class='ocrx_word' id='word_1_81' title='bbox 679 1695 929 1764; x_wconf 87' lang='lat' dir='ltr'><strong>detraheretur:</strong></span> <span class='ocrx_word' id='word_1_82' title='bbox 944 1716 1028 1787; x_wconf 89' lang='lat' dir='ltr'><strong>quos</strong></span> <span class='ocrx_word' id='word_1_83' title='bbox 1046 1717 1159 1761; x_wconf 90' lang='lat' dir='ltr'><strong>omnes</strong></span> <span class='ocrx_word' id='word_1_84' title='bbox 1176 1717 1306 1762; x_wconf 88' lang='lat' dir='ltr'><strong>conser-</strong></span> 
     </span>
     <span class='ocr_line' id='line_1_13' title="bbox 271 1814 803 1886; baseline 0.008 -8"><span class='ocrx_word' id='word_1_85' title='bbox 271 1828 364 1882; x_wconf 88' lang='lat' dir='ltr'><strong>vatos</strong></span> <span class='ocrx_word' id='word_1_86' title='bbox 385 1816 495 1883; x_wconf 81' lang='lat' dir='ltr'><strong>Caesar</strong></span> <span class='ocrx_word' id='word_1_87' title='bbox 513 1814 650 1886; x_wconf 91' lang='lat' dir='ltr'><strong>domum</strong></span> <span class='ocrx_word' id='word_1_88' title='bbox 668 1815 803 1884; x_wconf 86' lang='lat' dir='ltr'><strong>remisit.</strong></span> 
     </span>
    </p>

    <p class='ocr_par' dir='ltr' id='par_1_4' title="bbox 272 1932 1305 2148">
     <span class='ocr_line' id='line_1_14' title="bbox 318 1932 1303 2020; baseline 0.001 -21"><span class='ocrx_word' id='word_1_89' title='bbox 318 1933 478 2001; x_wconf 86' lang='lat' dir='ltr'><strong>XXVIII.</strong></span> <span class='ocrx_word' id='word_1_90' title='bbox 499 1936 629 2003; x_wconf 83' lang='lat' dir='ltr'><strong>Nostrae</strong></span> <span class='ocrx_word' id='word_1_91' title='bbox 639 1958 738 2003; x_wconf 86' lang='lat' dir='ltr'><strong>nares</strong></span> <span class='ocrx_word' id='word_1_92' title='bbox 748 1933 837 2020; x_wconf 85' lang='lat' dir='ltr'><strong>duae,</strong></span> <span class='ocrx_word' id='word_1_93' title='bbox 849 1933 975 2002; x_wconf 88' lang='lat' dir='ltr'><strong>tardius</strong></span> <span class='ocrx_word' id='word_1_94' title='bbox 984 1957 1082 2014; x_wconf 84' lang='lat' dir='ltr'><strong>eursu</strong></span> <span class='ocrx_word' id='word_1_95' title='bbox 1092 1932 1257 2018; x_wconf 83' lang='lat' dir='ltr'><strong>conlecto,</strong></span> <span class='ocrx_word' id='word_1_96' title='bbox 1270 1934 1303 2000; x_wconf 91' lang='lat' dir='ltr'><strong>in</strong></span> 
     </span>
     <span class='ocr_line' id='line_1_15' title="bbox 272 2025 1305 2148; baseline 0.002 -30"><span class='ocrx_word' id='word_1_97' title='bbox 272 2064 404 2119; x_wconf 92' lang='lat' dir='ltr'><strong>noctem</strong></span> <span class='ocrx_word' id='word_1_98' title='bbox 414 2025 584 2146; x_wconf 68' lang='lat' dir='ltr'><strong>conjectae,</strong></span> <span class='ocrx_word' id='word_1_99' title='bbox 594 2077 697 2146; x_wconf 91' lang='lat' dir='ltr'><strong>quum</strong></span> <span class='ocrx_word' id='word_1_100' title='bbox 712 2055 918 2148; x_wconf 89' lang='lat' dir='ltr'><strong>ignorarent,</strong></span> <span class='ocrx_word' id='word_1_101' title='bbox 936 2075 1034 2145; x_wconf 88' lang='lat' dir='ltr'><strong>quem</strong></span> <span class='ocrx_word' id='word_1_102' title='bbox 1049 2049 1156 2122; x_wconf 92' lang='lat' dir='ltr'><strong>locum</strong></span> <span class='ocrx_word' id='word_1_103' title='bbox 1170 2051 1305 2146; x_wconf 80' lang='lat' dir='ltr'><strong>reliquae</strong></span> 
     </span>
    </p>
   </div>
   <div class='ocr_carea' id='block_1_3' title="bbox 149 2163 1304 2264">
    <p class='ocr_par' dir='ltr' id='par_1_5' title="bbox 149 2163 1304 2264">
     <span class='ocr_line' id='line_1_16' title="bbox 149 2163 1304 2264; baseline 0.003 -26"><span class='ocrx_word' id='word_1_104' title='bbox 149 2163 156 2176; x_wconf 82' lang='lat'>&#39;</span> <span class='ocrx_word' id='word_1_105' title='bbox 271 2172 452 2264; x_wconf 87' lang='lat' dir='ltr'><strong>cepissent,</strong></span> <span class='ocrx_word' id='word_1_106' title='bbox 472 2189 587 2242; x_wconf 87' lang='lat' dir='ltr'><strong>contra</strong></span> <span class='ocrx_word' id='word_1_107' title='bbox 609 2176 741 2244; x_wconf 90' lang='lat' dir='ltr'><strong>Lissum</strong></span> <span class='ocrx_word' id='word_1_108' title='bbox 763 2176 796 2241; x_wconf 89' lang='lat' dir='ltr'><strong>in</strong></span> <span class='ocrx_word' id='word_1_109' title='bbox 814 2174 944 2242; x_wconf 89' lang='lat' dir='ltr'><strong>ancoris</strong></span> <span class='ocrx_word' id='word_1_110' title='bbox 963 2174 1194 2244; x_wconf 84' lang='lat' dir='ltr'><strong>constiterunt.</strong></span> <span class='ocrx_word' id='word_1_111' title='bbox 1219 2176 1304 2262; x_wconf 87' lang='lat' dir='ltr'><strong>Has,</strong></span> 
     </span>
    </p>
   </div>
   <div class='ocr_carea' id='block_1_4' title="bbox 264 2293 1374 4062">
    <p class='ocr_par' dir='ltr' id='par_1_6' title="bbox 264 2293 1374 4062">
     <span class='ocr_line' id='line_1_17' title="bbox 271 2293 1304 2389; baseline 0.004 -29"><span class='ocrx_word' id='word_1_112' title='bbox 271 2293 403 2385; x_wconf 86' lang='lat' dir='ltr'><strong>scaphis</strong></span> <span class='ocrx_word' id='word_1_113' title='bbox 430 2294 680 2388; x_wconf 85' lang='lat' dir='ltr'><strong>minoribusque</strong></span> <span class='ocrx_word' id='word_1_114' title='bbox 703 2295 841 2389; x_wconf 88' lang='lat' dir='ltr'><strong>navigiis</strong></span> <span class='ocrx_word' id='word_1_115' title='bbox 866 2293 1093 2389; x_wconf 89' lang='lat' dir='ltr'><strong>compluribus</strong></span> <span class='ocrx_word' id='word_1_116' title='bbox 1116 2297 1304 2382; x_wconf 88' lang='lat' dir='ltr'><strong>submissis,</strong></span> 
     </span>
     <span class='ocr_line' id='line_1_18' title="bbox 271 2410 1303 2509; baseline 0 -27"><span class='ocrx_word' id='word_1_117' title='bbox 271 2410 432 2482; x_wconf 88' lang='lat' dir='ltr'><strong>Otacilius</strong></span> <span class='ocrx_word' id='word_1_118' title='bbox 441 2415 596 2501; x_wconf 89' lang='lat' dir='ltr'><strong>Crassus,</strong></span> <span class='ocrx_word' id='word_1_119' title='bbox 607 2416 664 2508; x_wconf 89' lang='lat' dir='ltr'><strong>qui</strong></span> <span class='ocrx_word' id='word_1_120' title='bbox 674 2415 760 2484; x_wconf 93' lang='lat' dir='ltr'><strong>Lissi</strong></span> <span class='ocrx_word' id='word_1_121' title='bbox 769 2429 1127 2509; x_wconf 85' lang='lat' dir='ltr'><strong>praeerat,expugnare</strong></span> <span class='ocrx_word' id='word_1_122' title='bbox 1138 2413 1277 2508; x_wconf 54' lang='lat' dir='ltr'><strong>parunt</strong></span> <span class='ocrx_word' id='word_1_123' title='bbox 1295 2441 1303 2482; x_wconf 93' lang='lat'><strong>:</strong></span> 
     </span>
     <span class='ocr_line' id='line_1_19' title="bbox 269 2509 1304 2628; baseline 0.002 -28"><span class='ocrx_word' id='word_1_124' title='bbox 269 2530 367 2600; x_wconf 92' lang='lat' dir='ltr'><strong>simul</strong></span> <span class='ocrx_word' id='word_1_125' title='bbox 382 2531 423 2601; x_wconf 91' lang='lat' dir='ltr'><strong>de</strong></span> <span class='ocrx_word' id='word_1_126' title='bbox 437 2531 605 2603; x_wconf 89' lang='lat' dir='ltr'><strong>deditione</strong></span> <span class='ocrx_word' id='word_1_127' title='bbox 618 2557 731 2604; x_wconf 87' lang='lat' dir='ltr'><strong>eorum</strong></span> <span class='ocrx_word' id='word_1_128' title='bbox 747 2533 882 2628; x_wconf 88' lang='lat' dir='ltr'><strong>agebat,</strong></span> <span class='ocrx_word' id='word_1_129' title='bbox 899 2547 932 2602; x_wconf 90' lang='lat' dir='ltr'><strong>et</strong></span> <span class='ocrx_word' id='word_1_130' title='bbox 947 2531 1205 2602; x_wconf 83' lang='lat' dir='ltr'><strong>incolumitatem</strong></span> <span class='ocrx_word' id='word_1_131' title='bbox 1217 2509 1304 2602; x_wconf 89' lang='lat' dir='ltr'><strong>dedi·</strong></span> 
     </span>
     <span class='ocr_line' id='line_1_20' title="bbox 268 2650 1304 2749; baseline 0.005 -31"><span class='ocrx_word' id='word_1_132' title='bbox 268 2651 310 2744; x_wconf 90' lang='lat' dir='ltr'><strong>tis</strong></span> <span class='ocrx_word' id='word_1_133' title='bbox 325 2650 552 2745; x_wconf 87' lang='lat' dir='ltr'><strong>pollicebatur.</strong></span> <span class='ocrx_word' id='word_1_134' title='bbox 579 2655 706 2723; x_wconf 90' lang='lat' dir='ltr'><strong>Harum</strong></span> <span class='ocrx_word' id='word_1_135' title='bbox 724 2651 827 2722; x_wconf 87' lang='lat' dir='ltr'><strong>altera</strong></span> <span class='ocrx_word' id='word_1_136' title='bbox 845 2653 937 2722; x_wconf 85' lang='lat' dir='ltr'><strong>navis</strong></span> <span class='ocrx_word' id='word_1_137' title='bbox 958 2652 1116 2722; x_wconf 87' lang='lat' dir='ltr'><strong>ducentos</strong></span> <span class='ocrx_word' id='word_1_138' title='bbox 1131 2654 1248 2749; x_wconf 84' lang='lat' dir='ltr'><strong>viginti</strong></span> <span class='ocrx_word' id='word_1_139' title='bbox 1263 2677 1304 2722; x_wconf 84' lang='lat' dir='ltr'><strong>ex</strong></span> 
     </span>
     <span class='ocr_line' id='line_1_21' title="bbox 269 2769 1303 2868; baseline 0.002 -29"><span class='ocrx_word' id='word_1_140' title='bbox 269 2769 399 2866; x_wconf 83' lang='lat' dir='ltr'><strong>legione</strong></span> <span class='ocrx_word' id='word_1_141' title='bbox 424 2775 571 2842; x_wconf 90' lang='lat' dir='ltr'><strong>tironum</strong></span> <span class='ocrx_word' id='word_1_142' title='bbox 592 2770 769 2842; x_wconf 83' lang='lat' dir='ltr'><strong>sustulerat</strong></span> <span class='ocrx_word' id='word_1_143' title='bbox 797 2799 805 2842; x_wconf 72' lang='grc' dir='ltr'>ε</span> <span class='ocrx_word' id='word_1_144' title='bbox 831 2773 933 2843; x_wconf 84' lang='lat' dir='ltr'><strong>altera</strong></span> <span class='ocrx_word' id='word_1_145' title='bbox 959 2797 999 2844; x_wconf 85' lang='lat' dir='ltr'><strong>ex</strong></span> <span class='ocrx_word' id='word_1_146' title='bbox 1024 2787 1180 2842; x_wconf 85' lang='lat' dir='ltr'><strong>veterana</strong></span> <span class='ocrx_word' id='word_1_147' title='bbox 1205 2772 1303 2868; x_wconf 90' lang='lat' dir='ltr'><strong>paulo</strong></span> 
     </span>
     <span class='ocr_line' id='line_1_22' title="bbox 268 2891 1304 2987; baseline 0.003 -29"><span class='ocrx_word' id='word_1_148' title='bbox 268 2891 377 2961; x_wconf 89' lang='lat' dir='ltr'><strong>minus</strong></span> <span class='ocrx_word' id='word_1_149' title='bbox 388 2892 555 2963; x_wconf 89' lang='lat' dir='ltr'><strong>ducentos.</strong></span> <span class='ocrx_word' id='word_1_150' title='bbox 569 2893 632 2960; x_wconf 89' lang='lat' dir='ltr'><strong>Hic</strong></span> <span class='ocrx_word' id='word_1_151' title='bbox 647 2895 801 2986; x_wconf 84' lang='lat' dir='ltr'><strong>cognosci</strong></span> <span class='ocrx_word' id='word_1_152' title='bbox 814 2892 922 2981; x_wconf 88' lang='lat' dir='ltr'><strong>licuit,</strong></span> <span class='ocrx_word' id='word_1_153' title='bbox 936 2907 1097 2987; x_wconf 89' lang='lat' dir='ltr'><strong>quantum</strong></span> <span class='ocrx_word' id='word_1_154' title='bbox 1107 2908 1192 2963; x_wconf 88' lang='lat' dir='ltr'><strong>esset</strong></span> <span class='ocrx_word' id='word_1_155' title='bbox 1202 2894 1304 2962; x_wconf 91' lang='lat' dir='ltr'><strong>homi·</strong></span> 
     </span>
     <span class='ocr_line' id='line_1_23' title="bbox 267 3010 1303 3105; baseline 0.004 -28"><span class='ocrx_word' id='word_1_156' title='bbox 267 3010 366 3079; x_wconf 91' lang='lat' dir='ltr'><strong>nibus</strong></span> <span class='ocrx_word' id='word_1_157' title='bbox 383 3010 524 3105; x_wconf 77' lang='lat' dir='ltr'><strong>praesidii</strong></span> <span class='ocrx_word' id='word_1_158' title='bbox 542 3013 577 3081; x_wconf 92' lang='lat' dir='ltr'><strong>iu</strong></span> <span class='ocrx_word' id='word_1_159' title='bbox 595 3013 698 3080; x_wconf 90' lang='lat' dir='ltr'><strong>animi</strong></span> <span class='ocrx_word' id='word_1_160' title='bbox 715 3011 917 3082; x_wconf 86' lang='lat' dir='ltr'><strong>fortitudine.</strong></span> <span class='ocrx_word' id='word_1_161' title='bbox 935 3014 1072 3082; x_wconf 85' lang='lat' dir='ltr'><strong>Tirones</strong></span> <span class='ocrx_word' id='word_1_162' title='bbox 1090 3015 1198 3101; x_wconf 85' lang='lat' dir='ltr'><strong>enim,</strong></span> <span class='ocrx_word' id='word_1_163' title='bbox 1218 3011 1303 3082; x_wconf 91' lang='lat' dir='ltr'><strong>mul-</strong></span> 
     </span>
     <span class='ocr_line' id='line_1_24' title="bbox 267 3129 1303 3227; baseline 0.005 -31"><span class='ocrx_word' id='word_1_164' title='bbox 267 3129 420 3198; x_wconf 89' lang='lat' dir='ltr'><strong>titudine·</strong></span> <span class='ocrx_word' id='word_1_165' title='bbox 435 3133 570 3200; x_wconf 85' lang='lat' dir='ltr'><strong>navium</strong></span> <span class='ocrx_word' id='word_1_166' title='bbox 591 3133 774 3225; x_wconf 86' lang='lat' dir='ltr'><strong>perterriti,</strong></span> <span class='ocrx_word' id='word_1_167' title='bbox 794 3129 829 3200; x_wconf 83' lang='lat' dir='ltr'><strong>et&#39;</strong></span> <span class='ocrx_word' id='word_1_168' title='bbox 847 3131 916 3202; x_wconf 83' lang='lat' dir='ltr'><strong>salo</strong></span> <span class='ocrx_word' id='word_1_169' title='bbox 937 3157 1124 3227; x_wconf 87' lang='lat' dir='ltr'><strong>nauseaque</strong></span> <span class='ocrx_word' id='word_1_170' title='bbox 1144 3133 1303 3222; x_wconf 85' lang='lat' dir='ltr'><strong>conlecti,</strong></span> 
     </span>
     <span class='ocr_line' id='line_1_25' title="bbox 264 3248 1304 3345; baseline 0.005 -29"><span class='ocrx_word' id='word_1_171' title='bbox 264 3248 482 3342; x_wconf 65' lang='lat' dir='ltr'><strong>jureiumndo</strong></span> <span class='ocrx_word' id='word_1_172' title='bbox 496 3265 651 3345; x_wconf 83' lang='lat' dir='ltr'><strong>accepto,</strong></span> <span class='ocrx_word' id='word_1_173' title='bbox 668 3250 750 3321; x_wconf 88' lang='lat' dir='ltr'><strong>nibil</strong></span> <span class='ocrx_word' id='word_1_174' title='bbox 768 3252 807 3320; x_wconf 89' lang='lat' dir='ltr'><strong>iis</strong></span> <span class='ocrx_word' id='word_1_175' title='bbox 828 3254 997 3322; x_wconf 90' lang='lat' dir='ltr'><strong>nocituros</strong></span> <span class='ocrx_word' id='word_1_176' title='bbox 1013 3253 1142 3340; x_wconf 89' lang='lat' dir='ltr'><strong>hostes,</strong></span> <span class='ocrx_word' id='word_1_177' title='bbox 1165 3277 1201 3322; x_wconf 91' lang='lat' dir='ltr'><strong>se</strong></span> <span class='ocrx_word' id='word_1_178' title='bbox 1221 3256 1304 3322; x_wconf 89' lang='lat' dir='ltr'><strong>Ota·</strong></span> 
     </span>
     <span class='ocr_line' id='line_1_26' title="bbox 266 3364 1303 3465; baseline 0.002 -31"><span class='ocrx_word' id='word_1_179' title='bbox 266 3364 343 3436; x_wconf 86' lang='lat' dir='ltr'><strong>cilio</strong></span> <span class='ocrx_word' id='word_1_180' title='bbox 368 3367 590 3440; x_wconf 85' lang='lat' dir='ltr'><strong>dediderunt:</strong></span> <span class='ocrx_word' id='word_1_181' title='bbox 612 3373 670 3465; x_wconf 92' lang='lat' dir='ltr'><strong>qui</strong></span> <span class='ocrx_word' id='word_1_182' title='bbox 688 3397 820 3457; x_wconf 88' lang='lat' dir='ltr'><strong>omnes,</strong></span> <span class='ocrx_word' id='word_1_183' title='bbox 842 3371 884 3440; x_wconf 87' lang='lat' dir='ltr'><strong>ad</strong></span> <span class='ocrx_word' id='word_1_184' title='bbox 903 3396 980 3440; x_wconf 89' lang='lat' dir='ltr'><strong>eum</strong></span> <span class='ocrx_word' id='word_1_185' title='bbox 1000 3369 1170 3465; x_wconf 90' lang='lat' dir='ltr'><strong>producti,</strong></span> <span class='ocrx_word' id='word_1_186' title='bbox 1187 3383 1303 3440; x_wconf 88' lang='lat' dir='ltr'><strong>contra</strong></span> 
     </span>
     <span class='ocr_line' id='line_1_27' title="bbox 266 3486 1301 3585; baseline 0 -31"><span class='ocrx_word' id='word_1_187' title='bbox 266 3486 459 3582; x_wconf 82' lang='lat' dir='ltr'><strong>religionem</strong></span> <span class='ocrx_word' id='word_1_188' title='bbox 476 3490 713 3584; x_wconf 86' lang='lat' dir='ltr'><strong>jurisjurandi,</strong></span> <span class='ocrx_word' id='word_1_189' title='bbox 735 3494 769 3560; x_wconf 91' lang='lat' dir='ltr'><strong>in</strong></span> <span class='ocrx_word' id='word_1_190' title='bbox 790 3492 859 3585; x_wconf 90' lang='lat' dir='ltr'><strong>ejus</strong></span> <span class='ocrx_word' id='word_1_191' title='bbox 879 3504 1058 3582; x_wconf 88' lang='lat' dir='ltr'><strong>conspectu</strong></span> <span class='ocrx_word' id='word_1_192' title='bbox 1078 3486 1301 3558; x_wconf 85' lang='lat' dir='ltr'><strong>crudelissime</strong></span> 
     </span>
     <span class='ocr_line' id='line_1_28' title="bbox 266 3605 1302 3704; baseline -0.002 -28"><span class='ocrx_word' id='word_1_193' title='bbox 266 3607 521 3680; x_wconf 90' lang='lat' dir='ltr'><strong>interficiuntur.</strong></span> <span class='ocrx_word' id='word_1_194' title='bbox 540 3614 584 3680; x_wconf 87' lang='lat' dir='ltr'><strong>At</strong></span> <span class='ocrx_word' id='word_1_195' title='bbox 602 3626 765 3680; x_wconf 85' lang='lat' dir='ltr'><strong>veteranae</strong></span> <span class='ocrx_word' id='word_1_196' title='bbox 785 3609 923 3704; x_wconf 88' lang='lat' dir='ltr'><strong>legionis</strong></span> <span class='ocrx_word' id='word_1_197' title='bbox 942 3607 1078 3696; x_wconf 86' lang='lat' dir='ltr'><strong>milites,</strong></span> <span class='ocrx_word' id='word_1_198' title='bbox 1096 3608 1174 3676; x_wconf 91' lang='lat' dir='ltr'><strong>item</strong></span> <span class='ocrx_word' id='word_1_199' title='bbox 1191 3605 1302 3676; x_wconf 88' lang='lat' dir='ltr'><strong>confli-</strong></span> 
     </span>
     <span class='ocr_line' id='line_1_29' title="bbox 266 3727 1374 3824; baseline 0.005 -28"><span class='ocrx_word' id='word_1_200' title='bbox 266 3731 346 3797; x_wconf 88' lang='lat' dir='ltr'><strong>ctati</strong></span> <span class='ocrx_word' id='word_1_201' title='bbox 365 3744 399 3798; x_wconf 88' lang='lat' dir='ltr'><strong>et</strong></span> <span class='ocrx_word' id='word_1_202' title='bbox 420 3733 624 3824; x_wconf 82' lang='lat' dir='ltr'><strong>tempestatis</strong></span> <span class='ocrx_word' id='word_1_203' title='bbox 642 3746 676 3800; x_wconf 91' lang='lat' dir='ltr'><strong>et</strong></span> <span class='ocrx_word' id='word_1_204' title='bbox 696 3731 832 3799; x_wconf 80' lang='lat' dir='ltr'><strong>sentinae</strong></span> <span class='ocrx_word' id='word_1_205' title='bbox 852 3728 954 3813; x_wconf 86' lang='lat' dir='ltr'><strong>vitiis,</strong></span> <span class='ocrx_word' id='word_1_206' title='bbox 976 3749 1084 3820; x_wconf 90' lang='lat' dir='ltr'><strong>neque</strong></span> <span class='ocrx_word' id='word_1_207' title='bbox 1103 3752 1143 3795; x_wconf 78' lang='lat' dir='ltr'><strong>ex</strong></span> <span class='ocrx_word' id='word_1_208' title='bbox 1163 3727 1302 3822; x_wconf 87' lang='lat' dir='ltr'><strong>pristina</strong></span> <span class='ocrx_word' id='word_1_209' title='bbox 1367 3793 1374 3802; x_wconf 74' lang='grc'>,</span> 
     </span>
     <span class='ocr_line' id='line_1_30' title="bbox 266 3845 1302 3942; baseline 0 -30"><span class='ocrx_word' id='word_1_210' title='bbox 266 3848 387 3916; x_wconf 81' lang='lat' dir='ltr'><strong>virtute</strong></span> <span class='ocrx_word' id='word_1_211' title='bbox 405 3851 637 3921; x_wconf 89' lang='lat' dir='ltr'><strong>remittendum</strong></span> <span class='ocrx_word' id='word_1_212' title='bbox 654 3847 779 3940; x_wconf 90' lang='lat' dir='ltr'><strong>aliquid</strong></span> <span class='ocrx_word' id='word_1_213' title='bbox 795 3860 1016 3942; x_wconf 87' lang='lat' dir='ltr'><strong>putaverunt;</strong></span> <span class='ocrx_word' id='word_1_214' title='bbox 1032 3845 1104 3933; x_wconf 86' lang='lat' dir='ltr'><strong>sed,</strong></span> <span class='ocrx_word' id='word_1_215' title='bbox 1123 3845 1302 3916; x_wconf 85' lang='lat' dir='ltr'><strong>tractandis</strong></span> 
     </span>
     <span class='ocr_line' id='line_1_31' title="bbox 266 3965 1300 4062; baseline 0 -27"><span class='ocrx_word' id='word_1_216' title='bbox 266 3966 512 4059; x_wconf 83' lang='lat' dir='ltr'><strong>conditiopibus</strong></span> <span class='ocrx_word' id='word_1_217' title='bbox 532 3985 564 4038; x_wconf 92' lang='lat' dir='ltr'><strong>et</strong></span> <span class='ocrx_word' id='word_1_218' title='bbox 582 3966 792 4038; x_wconf 89' lang='lat' dir='ltr'><strong>simulatione</strong></span> <span class='ocrx_word' id='word_1_219' title='bbox 811 3965 1007 4054; x_wconf 82' lang='lat' dir='ltr'><strong>deditionis,</strong></span> <span class='ocrx_word' id='word_1_220' title='bbox 1025 3979 1173 4038; x_wconf 81' lang='lat' dir='ltr'><strong>extracto</strong></span> <span class='ocrx_word' id='word_1_221' title='bbox 1192 3969 1300 4062; x_wconf 89' lang='lat' dir='ltr'><strong>primo</strong></span> 
     </span>
    </p>
   </div>
   <div class='ocr_carea' id='block_1_5' title="bbox 0 0 1524 4766">
    <p class='ocr_par' dir='ltr' id='par_1_7' title="bbox 0 0 1524 4766">
     <span class='ocr_line' id='line_1_32' title="bbox 0 0 1524 4766; baseline 0 3"><span class='ocrx_word' id='word_1_222' title='bbox 0 0 1524 4766; x_wconf 95' lang='lat' dir='ltr'><strong> </strong></span> 
     </span>
    </p>
   </div>
  </div>
 </body>
</html>
