3026 4768
452 358 505 414 nn
527 357 645 415 emto
665 340 824 417 clauco
846 361 914 416 us.
933 362 967 418 v.
1179 383 1233 440 ης)

195 481 303 550 Caesar
324 480 476 551 consulto
495 484 621 574 equites
642 483 773 570 cedere,
791 509 891 578 seque
907 487 942 553 in
963 501 1070 556 castra
1088 491 1234 583 recipere

191 599 303 692 jubet3
318 599 416 668 simul
429 625 469 668 ex
483 601 636 670 omnibus
648 604 797 696 partibus
813 617 919 672 castra
931 603 1050 674 altiore
1063 605 1151 676 vallo
1163 633 1235 678 mu·
1249 685 1257 702 ,

195 723 275 807 niri,
291 734 471 812 portasque
490 719 631 805 obstrui,
644 737 746 814 atque
767 723 801 790 in
827 723 878 791 his
900 723 1168 794 administrandis
1183 750 1234 794 re·

195 841 257 909 bus
276 863 376 932 vam
397 839 539 908 maxime
554 843 760 928 concursari,
779 857 811 910 et
829 867 905 912 cum
917 843 1127 914 simulatione
1139 847 1233 915 timo·

197 961 241 1028 ris
258 959 311 1053 agi
324 958 427 1050 jubet.
511 997 513 1004 ι

243 1080 299 1146 LI.
312 1077 445 1165 Quibus
457 1079 612 1148 omnibus
629 1081 726 1149 rebus
739 1081 850 1150 hostes
861 1082 991 1150 invitati
1005 1083 1115 1177 copias
1129 1098 1235 1154 trans·

193 1197 340 1282 ducunt,
358 1199 528 1292 aciemque
548 1199 663 1293 iniquo
685 1198 757 1268 loco
776 1201 1000 1288 constituunt;
1019 1203 1140 1271 nostris
1156 1225 1236 1271 vero

195 1318 295 1386 etiam
314 1317 356 1386 de
375 1315 460 1388 vallo
477 1317 642 1404 deductis,
660 1319 796 1413 propius
816 1319 997 1408 accedunt,
1014 1335 1047 1390 et
1067 1319 1132 1389 tela
1149 1323 1235 1390 intra

195 1438 416 1506 munitionem
443 1461 483 1505 ex
504 1438 658 1507 omnibus
680 1439 828 1532 partibus
849 1439 1051 1532 conjiciunt,
1073 1439 1235 1534 proeconi·

196 1556 324 1650 busque
354 1559 480 1627 circum
512 1559 639 1646 missis,
676 1560 881 1652 pronuntiari
906 1560 1041 1652 jubent,
1072 1585 1130 1628 seu
1161 1561 1235 1652 quis

197 1673 334 1764 Gallus,
360 1701 417 1744 seu
447 1680 617 1747 Romanus
642 1676 720 1744 velit
744 1691 820 1744 ante
843 1677 959 1746 horem
980 1680 1110 1746 tertiam
1134 1677 1176 1746 ad
1202 1703 1236 1746 ee

198 1797 353 1892 transire,
370 1797 441 1864 sine
465 1793 614 1890 periculo
639 1794 753 1882 licere;
775 1811 848 1888 post
865 1795 898 1862 id
921 1811 1051 1888 tempus
1076 1819 1142 1863 nou
1166 1795 1237 1865 lore

197 1931 411 2010 potestatem,
431 1939 470 1983 ac
492 1916 539 1984 sic
555 1930 685 1984 nostros
704 1930 993 2009 contempserunt,
1011 1930 1070 2003 ut,
1086 1915 1234 1986 obstruc-

116 2025 121 2034 ’
196 2036 238 2104 tis
255 2038 290 2103 in
312 2036 455 2130 speciem
477 2038 582 2128 portis
602 2033 738 2128 singulis
759 2035 931 2104 ordinibus
947 2037 1130 2130 cespitum,
1146 2035 1235 2129 quod

196 2179 235 2226 ea
246 2181 314 2224 non
328 2181 423 2251 posse
440 2158 685 2249 introrumpere
700 2155 912 2244 videbantur,
925 2153 981 2224 alii
994 2155 1119 2260 vallum
1134 2181 1235 2228 manu

198 2277 361 2366 scindere,
382 2276 439 2346 alii
465 2275 566 2346 fossas
590 2273 755 2369 complere
781 2277 975 2369 inciperent.
1003 2279 1088 2346 Tum
1112 2280 1236 2366 Caesar,
1316 2285 1337 2348 .’

89 2467 94 2474 ,
198 2399 352 2468 omnibus
366 2399 471 2492 portis
490 2397 664 2491 eruptione
681 2395 780 2481 sacta,
797 2398 1013 2490 equitatuque
1022 2397 1165 2484 emisso,
1186 2421 1236 2467 ce·

198 2515 311 2588 leriter
330 2518 441 2586 hostes
467 2515 523 2585 dat
549 2518 582 2584 in
604 2515 731 2610 lugam,
752 2515 813 2601 sic,
835 2516 883 2582 uti
905 2518 1042 2608 omnino
1064 2519 1232 2610 pugnandi

196 2663 295 2730 eausa
305 2638 473 2707 resisteret
493 2659 608 2722 nem03
629 2658 851 2730 magnumque
872 2658 912 2702 ex
927 2637 974 2702 eis
989 2655 1164 2703 numerum
1179 2659 1235 2702 oc·

198 2759 294 2845 cidit,
310 2771 411 2849 atque
431 2778 545 2823 omnes
560 2754 660 2822 armis
675 2754 776 2822 exuit.

247 2880 320 2947 LII.
347 2875 496 2969 Longius
519 2873 671 2967 prosequi
696 2875 834 2960 veritus,
858 2871 948 2965 quod
977 2870 1065 2940 silvae
1089 2869 1239 2966 paludes·

199 3021 264 3092 que
286 2995 550 3080 intercedebant,
570 3015 678 3085 neque
698 2993 795 3060 etiam
817 2990 956 3086 parvulo
978 2990 1174 3061 detrimento
1198 2992 1237 3062 il·

198 3116 307 3187 lorum
328 3114 438 3186 locum
460 3111 602 3205 relinqui
628 3109 779 3196 videbat,
804 3110 957 3179 omnibus
979 3111 1046 3178 suis
1066 3111 1237 3183 incolumi·

199 3237 267 3306 bus
277 3236 397 3329 copiis,
415 3233 531 3303 eodem
549 3233 602 3301 die
617 3231 659 3300 ad
676 3232 870 3302 Ciceronem
887 3229 1049 3323 pervenit.
1064 3235 1235 3302 Institutas

198 3371 326 3443 turres,
349 3353 550 3442 testudines,
576 3351 842 3442 munitionesque
861 3349 1007 3418 hostium
1028 3351 1237 3420 admiratur:

202 3475 364 3570 producta
380 3473 508 3568 legione
524 3471 708 3565 cognoscit,
721 3495 788 3538 non
807 3469 972 3538 decimum
988 3493 1153 3563 quemque
1170 3495 1238 3540 esse

202 3595 357 3665 relictum
380 3592 519 3662 militem
542 3593 613 3659 sine
634 3587 779 3657 vulnere.
800 3591 848 3657 Ex
869 3587 920 3657 his
941 3588 1094 3657 omuibus
1112 3587 1238 3681 judicat

204 3717 316 3804 rebus,
333 3727 459 3809 quanto
477 3735 553 3781 cum
574 3707 723 3805 periculo
743 3723 777 3777 et
795 3724 919 3802 quanta
936 3734 1013 3778 cum
1030 3709 1152 3776 virtute
1171 3709 1238 3775 sint

201 3859 253 3905 res
270 3833 504 3902 administrate
521 3857 529 3898 ι
548 3833 742 3902 Ciceronem
757 3853 819 3920 pro
836 3827 907 3921 ejus
923 3829 1042 3898 merito
1060 3821 1239 3921 legionem·

200 3977 266 4045 que
286 3951 473 4038 collaudat;
494 3950 704 4021 centuriones
724 3945 891 4039 sigillatim
913 3948 1129 4040 tribunosque
1151 3944 1239 4015 mili-

351 4076 374 4110 ¹·
1076 4076 1095 4130 o
