3020 4768
433 334 484 390 DE
504 334 624 389 BELLO
645 335 806 390 GAILICO
826 335 895 390 LlB.
917 336 995 392 VIII.
1181 343 1234 402 nli

241 461 414 528 XXXVII.
453 459 628 544 Caninius,
658 457 843 528 felicissime
872 485 909 528 re
941 471 1031 554 gesta
1065 460 1136 526 sine
1169 459 1238 530 ullo

195 603 286 674 paene
307 579 423 647 militis
444 577 595 664 vulnere,
616 578 659 647 ad
678 579 875 649 obsidendos
896 579 1082 674 oppidanos
1103 581 1239 658 reverti·

196 713 264 785 tur;
286 712 489 790 externoque
515 698 610 766 hoste
632 697 758 786 deletu,
780 705 875 793 cujus
900 702 1020 768 timore
1039 712 1134 768 antea
1159 698 1239 766 divi·

194 817 273 886 dere
297 815 447 911 praesidia
472 832 506 884 et
529 818 715 888 munitione
734 820 920 914 oppidanos
939 817 1144 890 circumdare
1161 842 1239 910 pro·

193 937 321 1006 hibitus
341 951 428 1020 eret,
444 961 545 1029 opera
562 937 710 1030 undique
727 939 867 1032 imperat
885 937 1120 1008 administrari.
1137 937 1240 1007 Venit

194 1056 310 1125 eodem
327 1081 404 1125 cum
421 1059 489 1124 suis
504 1058 608 1150 copiis
622 1072 756 1150 postero
769 1056 823 1127 die
838 1061 875 1128 C.
889 1058 1029 1144 Fabius,
1042 1070 1239 1152 partemque

194 1174 310 1269 oppidi
327 1177 427 1258 sumit
444 1174 485 1243 ad
499 1174 730 1245 obsidendum.

242 1299 433 1366 XXXVIII.
461 1299 571 1366 Caesar
598 1297 733 1366 interim
762 1299 809 1366 M.
830 1300 1014 1368 Antonium
1041 1311 1238 1390 quaestorem

196 1441 272 1486 cum
290 1416 483 1485 cohortibus
499 1440 546 1484 xv
562 1417 596 1484 in
614 1415 794 1486 Bellovacis
814 1415 964 1511 reliquit,
979 1442 1022 1486 ne
1041 1442 1106 1510 qua
1125 1439 1239 1485 rursus

196 1559 361 1604 novorum
379 1534 596 1604 consiliorum
617 1535 854 1629 capiendorum
870 1536 980 1631 Belgis
995 1535 1133 1605 facultas
1149 1537 1240 1604 darc·

195 1670 260 1724 tur.
276 1659 349 1748 Ipse
367 1654 510 1748 reliquas
531 1656 680 1723 civitates
700 1654 786 1743 adit,
801 1654 932 1724 obsides
951 1654 1062 1748 plures
1082 1656 1238 1748 imperat,

195 1777 350 1844 timentes
370 1775 519 1842 omnium
545 1775 673 1842 animos
694 1772 921 1843 consolatione
941 1789 1045 1842 sanat.
1068 1775 1183 1862 Quum
1203 1775 1239 1842 in

194 1895 359 1993 Carnutes
379 1895 537 1979 venisset,
560 1918 702 1988 quorum
724 1891 899 1990 [consilio]
925 1895 958 1962 in
984 1894 1118 1962 civitate
1144 1917 1239 1985 supc-

194 2014 283 2082 riore
315 2015 555 2083 commentario
583 2017 693 2084 Caesar
717 2014 868 2106 exposuit
897 2014 1031 2082 initium
1059 2012 1138 2082 belli
1170 2036 1240 2080 esse

195 2148 323 2221 ortum,
350 2133 440 2227 quod
460 2135 624 2228 praecipue
649 2159 705 2203 eos
728 2148 866 2227 propter
896 2135 1132 2203 conscientiam
1160 2133 1238 2203 lacti

196 2255 314 2322 timere
332 2253 632 2340 animadvertebat,
652 2278 720 2347 quo
740 2252 878 2322 celerius
899 2254 1066 2322 civitatem
1086 2269 1176 2322 metu
1198 2252 1238 2322 li·

194 2374 343 2460 hereret,
364 2373 547 2466 prineipem
566 2370 698 2441 sceleris
714 2373 816 2467 ipsius
834 2387 867 2440 et
888 2375 1125 2442 concitatorem
1144 2370 1240 2456 belli,

194 2496 419 2580 Gutruatum,
436 2492 478 2560 ad
495 2491 695 2586 supplicium
709 2491 868 2586 deposcit.
883 2494 972 2580 Qui,
986 2493 1047 2560 etsi
1061 2517 1103 2560 ne
1113 2492 1240 2560 civibus

193 2615 329 2708 quidem
352 2615 420 2682 suis
444 2639 478 2682 se
498 2614 741 2700 committebat,
765 2627 875 2682 tamen
898 2612 1065 2698 celeriter,
1090 2613 1240 2681 omnium

193 2759 274 2804 cura
290 2737 462 2827 quaesitus,
479 2734 514 2799 in
531 2746 638 2801 castra
653 2732 856 2825 perducitur.
871 2734 1012 2827 Cogitur
1025 2732 1060 2798 in
1077 2734 1147 2825 ejus
1164 2755 1241 2824 sup·

195 2852 333 2948 plicium
359 2853 470 2930 Caesar
494 2865 609 2920 contra
628 2865 781 2921 naturam
800 2877 910 2937 suam,
932 2852 1078 2919 maximo
1097 2849 1240 2920 militum

194 2997 378 3059 concursu,
399 2972 456 3063 qui
484 2971 513 3038 ei
540 2972 653 3038 omnia
682 2969 832 3065 pericula
852 2986 885 3040 et
905 2970 1104 3040 detrimenta
1123 2970 1202 3040 belli
1223 2997 1241 3041 n

194 3095 366 3162 Gutruato
396 3105 532 3183 accepta
565 3089 767 3171 referebant,
792 3090 875 3160 adeo
900 3105 939 3161 ut
962 3090 1155 3160 verberibus
1187 3117 1242 3161 ex-

194 3214 379 3281 animatum
401 3234 523 3303 corpus
542 3211 648 3278 securi
667 3209 830 3279 feriretur.

243 3333 405 3400 XXXIX.
425 3331 475 3398 Ibi
505 3329 630 3398 crebris
656 3328 773 3399 litteris
797 3333 932 3401 Caninii
964 3331 1002 3400 fit
1024 3333 1145 3401 certior
1170 3355 1243 3422 quae

196 3451 238 3520 de
254 3454 428 3543 Drappete
447 3463 481 3517 et
498 3449 655 3518 Lucterio
673 3465 765 3545 gesta
783 3468 909 3540 essent,
927 3477 1060 3547 quoque
1081 3453 1115 3518 in
1136 3451 1244 3518 consi-

195 3572 242 3641 lio
257 3584 494 3669 permanerent
513 3567 684 3662 oppidani.
701 3571 857 3658 Quorum
873 3575 935 3642 etsi
950 3573 1244 3666 paucitatemcon-

196 3691 381 3772 temnebat,
398 3704 509 3757 tamen
526 3689 743 3782 pertinaciam
760 3717 881 3789 magna
899 3717 996 3786 poena
1013 3715 1082 3759 esse
1099 3689 1245 3758 allicien-

195 3811 272 3880 dam
295 3808 481 3904 judicabam
505 3833 546 3878 nc
576 3811 731 3880 universa
755 3811 867 3882 Gallia
897 3839 963 3882 non
991 3813 1075 3881 vires
1100 3812 1162 3880 sibi
1189 3809 1246 3878 de·

195 3931 296 4003 fuisse
317 3929 361 3998 ad
378 3926 597 3996 resistendum
615 3930 796 4021 Romanis,
817 3934 875 4002 sed
890 3936 1130 4023 constantiam,
1149 3948 1245 4027 puta-

345 4075 364 4117 ι.
1059 4053 1101 4123 16
