<?xml version="1.0" encoding="UTF-8"?>
<!DOCTYPE html PUBLIC "-//W3C//DTD XHTML 1.0 Transitional//EN"
    "http://www.w3.org/TR/xhtml1/DTD/xhtml1-transitional.dtd">
<html xmlns="http://www.w3.org/1999/xhtml" xml:lang="en" lang="en">
 <head>
  <title>
</title>
<meta http-equiv="Content-Type" content="text/html;charset=utf-8" />
  <meta name='ocr-system' content='tesseract 3.04.00' />
  <meta name='ocr-capabilities' content='ocr_page ocr_carea ocr_par ocr_line ocrx_word'/>
</head>
<body>
  <div class='ocr_page' id='page_1' title='image "./cjcaesarisopera00caesgoog_0458.png"; bbox 0 0 3042 4772; ppageno 0'>
   <div class='ocr_carea' id='block_1_1' title="bbox 285 382 1147 443">
    <p class='ocr_par' dir='ltr' id='par_1_1' title="bbox 285 382 1147 443">
     <span class='ocr_line' id='line_1_1' title="bbox 285 382 1147 443; baseline 0.002 -4"><span class='ocrx_word' id='word_1_1' title='bbox 285 382 337 440; x_wconf 77' lang='lat'>152</span> <span class='ocrx_word' id='word_1_2' title='bbox 424 385 455 442; x_wconf 91' lang='lat' dir='ltr'>C.</span> <span class='ocrx_word' id='word_1_3' title='bbox 477 386 577 442; x_wconf 81' lang='lat' dir='ltr'>sum</span> <span class='ocrx_word' id='word_1_4' title='bbox 597 385 762 442; x_wconf 75' lang='lat' dir='ltr'>GAESARIS</span> <span class='ocrx_word' id='word_1_5' title='bbox 782 385 1147 443; x_wconf 71' lang='lat' dir='ltr'>commententur</span> 
     </span>
    </p>
   </div>
   <div class='ocr_carea' id='block_1_2' title="bbox 282 507 1354 1201">
    <p class='ocr_par' dir='ltr' id='par_1_2' title="bbox 282 507 1354 1201">
     <span class='ocr_line' id='line_1_2' title="bbox 283 507 1312 603; baseline 0.002 -25"><span class='ocrx_word' id='word_1_6' title='bbox 283 511 311 578; x_wconf 92' lang='lat' dir='ltr'>si</span> <span class='ocrx_word' id='word_1_7' title='bbox 329 533 428 579; x_wconf 89' lang='lat' dir='ltr'>nemo</span> <span class='ocrx_word' id='word_1_8' title='bbox 446 513 630 603; x_wconf 83' lang='lat' dir='ltr'>premeret,</span> <span class='ocrx_word' id='word_1_9' title='bbox 650 507 879 580; x_wconf 83' lang='lat' dir='ltr'>Macedoniam</span> <span class='ocrx_word' id='word_1_10' title='bbox 899 523 1011 578; x_wconf 89' lang='lat' dir='ltr'>tenere</span> <span class='ocrx_word' id='word_1_11' title='bbox 1034 522 1221 596; x_wconf 79' lang='lat' dir='ltr'>conaretur,</span> <span class='ocrx_word' id='word_1_12' title='bbox 1242 513 1312 580; x_wconf 84' lang='lat' dir='ltr'>exi-</span> 
     </span>
     <span class='ocr_line' id='line_1_3' title="bbox 282 627 1354 723; baseline 0 -25"><span class='ocrx_word' id='word_1_13' title='bbox 282 628 488 698; x_wconf 90' lang='lat' dir='ltr'>stimarinon</span> <span class='ocrx_word' id='word_1_14' title='bbox 496 627 1313 723; x_wconf 82' lang='lat' dir='ltr'>poterat.lpseadanchoremunanocteconstitit,</span> <span class='ocrx_word' id='word_1_15' title='bbox 1350 677 1354 685; x_wconf 85' lang='lat'>-</span> 
     </span>
     <span class='ocr_line' id='line_1_4' title="bbox 284 745 1313 842; baseline 0.001 -26"><span class='ocrx_word' id='word_1_16' title='bbox 284 762 318 817; x_wconf 92' lang='lat' dir='ltr'>et</span> <span class='ocrx_word' id='word_1_17' title='bbox 334 749 459 818; x_wconf 77' lang='lat' dir='ltr'>vocaus</span> <span class='ocrx_word' id='word_1_18' title='bbox 471 746 516 816; x_wconf 91' lang='lat' dir='ltr'>ad</span> <span class='ocrx_word' id='word_1_19' title='bbox 530 772 565 816; x_wconf 91' lang='lat' dir='ltr'>se</span> <span class='ocrx_word' id='word_1_20' title='bbox 578 745 769 842; x_wconf 74' lang='lat' dir='ltr'><strong>Amphipoli</strong></span> <span class='ocrx_word' id='word_1_21' title='bbox 785 745 987 839; x_wconf 81' lang='lat' dir='ltr'><strong>hospitibus,</strong></span> <span class='ocrx_word' id='word_1_22' title='bbox 1003 759 1037 815; x_wconf 86' lang='lat' dir='ltr'>et</span> <span class='ocrx_word' id='word_1_23' title='bbox 1051 747 1191 840; x_wconf 90' lang='lat' dir='ltr'>pecunia</span> <span class='ocrx_word' id='word_1_24' title='bbox 1205 745 1247 816; x_wconf 91' lang='lat' dir='ltr'>ad</span> <span class='ocrx_word' id='word_1_25' title='bbox 1261 771 1313 818; x_wconf 90' lang='lat' dir='ltr'>ne-</span> 
     </span>
     <span class='ocr_line' id='line_1_5' title="bbox 282 865 1311 962; baseline -0.001 -25"><span class='ocrx_word' id='word_1_26' title='bbox 282 868 440 938; x_wconf 89' lang='lat' dir='ltr'>cessarios</span> <span class='ocrx_word' id='word_1_27' title='bbox 456 882 608 962; x_wconf 89' lang='lat' dir='ltr'>sumptus</span> <span class='ocrx_word' id='word_1_28' title='bbox 630 879 823 960; x_wconf 85' lang='lat' dir='ltr'>corrogata,</span> <span class='ocrx_word' id='word_1_29' title='bbox 843 866 978 960; x_wconf 87' lang='lat' dir='ltr'>cognito</span> <span class='ocrx_word' id='word_1_30' title='bbox 994 866 1131 934; x_wconf 76' lang='lat' dir='ltr'>Caesaris</span> <span class='ocrx_word' id='word_1_31' title='bbox 1149 865 1311 954; x_wconf 83' lang='lat' dir='ltr'>adventu,</span> 
     </span>
     <span class='ocr_line' id='line_1_6' title="bbox 283 983 1313 1080; baseline -0.002 -22"><span class='ocrx_word' id='word_1_32' title='bbox 283 1014 324 1058; x_wconf 86' lang='lat' dir='ltr'>ex</span> <span class='ocrx_word' id='word_1_33' title='bbox 338 1013 378 1060; x_wconf 90' lang='lat' dir='ltr'>eo</span> <span class='ocrx_word' id='word_1_34' title='bbox 392 986 466 1060; x_wconf 93' lang='lat' dir='ltr'>loco</span> <span class='ocrx_word' id='word_1_35' title='bbox 475 987 638 1073; x_wconf 78' lang='lat' dir='ltr'>discessit,</span> <span class='ocrx_word' id='word_1_36' title='bbox 650 999 684 1055; x_wconf 88' lang='lat' dir='ltr'>et</span> <span class='ocrx_word' id='word_1_37' title='bbox 693 984 867 1080; x_wconf 76' lang='lat' dir='ltr'><strong>Mytilenas</strong></span> <span class='ocrx_word' id='word_1_38' title='bbox 885 985 998 1080; x_wconf 88' lang='lat' dir='ltr'>paucis</span> <span class='ocrx_word' id='word_1_39' title='bbox 1011 983 1127 1054; x_wconf 88' lang='lat' dir='ltr'>diebus</span> <span class='ocrx_word' id='word_1_40' title='bbox 1143 987 1244 1057; x_wconf 86' lang='lat' dir='ltr'>venit.</span> <span class='ocrx_word' id='word_1_41' title='bbox 1263 989 1313 1056; x_wconf 90' lang='lat' dir='ltr'>Bi·</span> 
     </span>
     <span class='ocr_line' id='line_1_7' title="bbox 283 1101 1309 1201; baseline 0 -25"><span class='ocrx_word' id='word_1_42' title='bbox 283 1107 386 1178; x_wconf 90' lang='lat' dir='ltr'>duum</span> <span class='ocrx_word' id='word_1_43' title='bbox 407 1121 598 1201; x_wconf 81' lang='lat' dir='ltr'>tempestate</span> <span class='ocrx_word' id='word_1_44' title='bbox 619 1119 784 1191; x_wconf 88' lang='lat' dir='ltr'>retentus,</span> <span class='ocrx_word' id='word_1_45' title='bbox 800 1104 1006 1196; x_wconf 83' lang='lat' dir='ltr'>navibusque</span> <span class='ocrx_word' id='word_1_46' title='bbox 1023 1101 1096 1173; x_wconf 90' lang='lat' dir='ltr'>aliis</span> <span class='ocrx_word' id='word_1_47' title='bbox 1118 1103 1238 1176; x_wconf 83' lang='lat' dir='ltr'>additis</span> <span class='ocrx_word' id='word_1_48' title='bbox 1256 1131 1309 1176; x_wconf 89' lang='lat' dir='ltr'>ae·</span> 
     </span>
    </p>
   </div>
   <div class='ocr_carea' id='block_1_3' title="bbox 189 1221 1318 4052">
    <p class='ocr_par' dir='ltr' id='par_1_3' title="bbox 189 1221 1318 4052">
     <span class='ocr_line' id='line_1_8' title="bbox 284 1221 1310 1318; baseline 0.001 -23"><span class='ocrx_word' id='word_1_49' title='bbox 284 1226 419 1312; x_wconf 85' lang='lat' dir='ltr'>tuariis,</span> <span class='ocrx_word' id='word_1_50' title='bbox 438 1227 473 1294; x_wconf 90' lang='lat' dir='ltr'>in</span> <span class='ocrx_word' id='word_1_51' title='bbox 502 1225 652 1297; x_wconf 85' lang='lat' dir='ltr'>Ciliciam</span> <span class='ocrx_word' id='word_1_52' title='bbox 676 1238 774 1317; x_wconf 84' lang='lat' dir='ltr'>atque</span> <span class='ocrx_word' id='word_1_53' title='bbox 801 1221 877 1292; x_wconf 89' lang='lat' dir='ltr'>inde</span> <span class='ocrx_word' id='word_1_54' title='bbox 896 1225 1049 1318; x_wconf 81' lang='lat' dir='ltr'>Cyprum</span> <span class='ocrx_word' id='word_1_55' title='bbox 1071 1227 1230 1318; x_wconf 88' lang='lat' dir='ltr'>pervenit.</span> <span class='ocrx_word' id='word_1_56' title='bbox 1260 1227 1310 1296; x_wconf 92' lang='lat' dir='ltr'>Ibi</span> 
     </span>
     <span class='ocr_line' id='line_1_9' title="bbox 280 1340 1311 1438; baseline 0 -24"><span class='ocrx_word' id='word_1_57' title='bbox 280 1345 470 1438; x_wconf 74' lang='lat' dir='ltr'>cognoscit,</span> <span class='ocrx_word' id='word_1_58' title='bbox 485 1368 647 1414; x_wconf 88' lang='lat' dir='ltr'>consensu</span> <span class='ocrx_word' id='word_1_59' title='bbox 665 1343 814 1411; x_wconf 88' lang='lat' dir='ltr'>omnium</span> <span class='ocrx_word' id='word_1_60' title='bbox 836 1340 1107 1412; x_wconf 81' lang='lat' dir='ltr'>Antiochensium</span> <span class='ocrx_word' id='word_1_61' title='bbox 1124 1345 1311 1438; x_wconf 84' lang='lat' dir='ltr'>civiumque</span> 
     </span>
     <span class='ocr_line' id='line_1_10' title="bbox 189 1443 1318 1558; baseline 0.003 -28"><span class='ocrx_word' id='word_1_62' title='bbox 189 1443 190 1448; x_wconf 6' lang='grc' dir='ltr'>ἵ</span> <span class='ocrx_word' id='word_1_63' title='bbox 283 1487 517 1548; x_wconf 89' lang='lat' dir='ltr'>romanorum,</span> <span class='ocrx_word' id='word_1_64' title='bbox 528 1463 585 1556; x_wconf 92' lang='lat' dir='ltr'>qui</span> <span class='ocrx_word' id='word_1_65' title='bbox 598 1460 665 1530; x_wconf 90' lang='lat' dir='ltr'>illio</span> <span class='ocrx_word' id='word_1_66' title='bbox 679 1463 938 1558; x_wconf 77' lang='lat' dir='ltr'>negotiarentur,</span> <span class='ocrx_word' id='word_1_67' title='bbox 955 1483 1064 1531; x_wconf 86' lang='lat' dir='ltr'>arcem</span> <span class='ocrx_word' id='word_1_68' title='bbox 1080 1475 1209 1556; x_wconf 84' lang='lat' dir='ltr'>capum</span> <span class='ocrx_word' id='word_1_69' title='bbox 1224 1469 1318 1552; x_wconf 75' lang='lat' dir='ltr'>esse,</span> 
     </span>
     <span class='ocr_line' id='line_1_11' title="bbox 282 1577 1309 1676; baseline 0.003 -25"><span class='ocrx_word' id='word_1_70' title='bbox 282 1580 476 1652; x_wconf 81' lang='lat' dir='ltr'>excludendi</span> <span class='ocrx_word' id='word_1_71' title='bbox 500 1583 551 1651; x_wconf 92' lang='lat' dir='ltr'>sui</span> <span class='ocrx_word' id='word_1_72' title='bbox 574 1605 692 1667; x_wconf 90' lang='lat' dir='ltr'>causa,</span> <span class='ocrx_word' id='word_1_73' title='bbox 711 1580 911 1673; x_wconf 85' lang='lat' dir='ltr'>nuntiosque</span> <span class='ocrx_word' id='word_1_74' title='bbox 929 1577 1081 1650; x_wconf 91' lang='lat' dir='ltr'>dimissos</span> <span class='ocrx_word' id='word_1_75' title='bbox 1098 1579 1140 1650; x_wconf 85' lang='lat' dir='ltr'>ad</span> <span class='ocrx_word' id='word_1_76' title='bbox 1158 1605 1233 1671; x_wconf 93' lang='lat' dir='ltr'>eos,</span> <span class='ocrx_word' id='word_1_77' title='bbox 1252 1585 1309 1676; x_wconf 92' lang='lat' dir='ltr'>qui</span> 
     </span>
     <span class='ocr_line' id='line_1_12' title="bbox 282 1697 1307 1797; baseline -0.001 -25"><span class='ocrx_word' id='word_1_78' title='bbox 282 1727 318 1772; x_wconf 90' lang='lat' dir='ltr'>se</span> <span class='ocrx_word' id='word_1_79' title='bbox 336 1727 377 1771; x_wconf 81' lang='lat' dir='ltr'>ex</span> <span class='ocrx_word' id='word_1_80' title='bbox 390 1701 470 1797; x_wconf 85' lang='lat' dir='ltr'>luga</span> <span class='ocrx_word' id='word_1_81' title='bbox 487 1703 522 1770; x_wconf 91' lang='lat' dir='ltr'>in</span> <span class='ocrx_word' id='word_1_82' title='bbox 537 1701 692 1771; x_wconf 70' lang='lat' dir='ltr'>finitimus</span> <span class='ocrx_word' id='word_1_83' title='bbox 706 1701 853 1792; x_wconf 78' lang='lat' dir='ltr'>civitates</span> <span class='ocrx_word' id='word_1_84' title='bbox 870 1700 1032 1792; x_wconf 78' lang='lat' dir='ltr'>recepisse</span> <span class='ocrx_word' id='word_1_85' title='bbox 1051 1697 1250 1789; x_wconf 82' lang='lat' dir='ltr'>dicerentur,</span> <span class='ocrx_word' id='word_1_86' title='bbox 1267 1727 1307 1771; x_wconf 90' lang='lat' dir='ltr'>ne</span> 
     </span>
     <span class='ocr_line' id='line_1_13' title="bbox 281 1819 1309 1913; baseline -0.003 -21"><span class='ocrx_word' id='word_1_87' title='bbox 281 1822 491 1892; x_wconf 78' lang='lat' dir='ltr'>Antiochiam</span> <span class='ocrx_word' id='word_1_88' title='bbox 509 1820 638 1890; x_wconf 85' lang='lat' dir='ltr'>adirent</span> <span class='ocrx_word' id='word_1_89' title='bbox 659 1819 722 1890; x_wconf 91' lang='lat' dir='ltr'>:id</span> <span class='ocrx_word' id='word_1_90' title='bbox 740 1820 768 1888; x_wconf 90' lang='lat' dir='ltr'>si</span> <span class='ocrx_word' id='word_1_91' title='bbox 786 1819 960 1902; x_wconf 83' lang='lat' dir='ltr'>fecissent,</span> <span class='ocrx_word' id='word_1_92' title='bbox 979 1843 1101 1913; x_wconf 87' lang='lat' dir='ltr'>magno</span> <span class='ocrx_word' id='word_1_93' title='bbox 1122 1843 1238 1889; x_wconf 89' lang='lat' dir='ltr'>corum</span> <span class='ocrx_word' id='word_1_94' title='bbox 1254 1845 1309 1890; x_wconf 87' lang='lat' dir='ltr'>ca·</span> 
     </span>
     <span class='ocr_line' id='line_1_14' title="bbox 282 1915 1310 2034; baseline 0.002 -27"><span class='ocrx_word' id='word_1_95' title='bbox 282 1915 528 2034; x_wconf 68' lang='lat' dir='ltr'>&#39;pitis&#39;pericuto</span> <span class='ocrx_word' id='word_1_96' title='bbox 547 1940 706 2010; x_wconf 78' lang='lat' dir='ltr'>futurum.</span> <span class='ocrx_word' id='word_1_97' title='bbox 722 1937 813 2007; x_wconf 87' lang='lat' dir='ltr'>Idem</span> <span class='ocrx_word' id='word_1_98' title='bbox 828 1939 892 2006; x_wconf 92' lang='lat' dir='ltr'>hoc</span> <span class='ocrx_word' id='word_1_99' title='bbox 906 1941 944 2008; x_wconf 93' lang='lat' dir='ltr'>L.</span> <span class='ocrx_word' id='word_1_100' title='bbox 962 1937 1123 2024; x_wconf 87' lang='lat' dir='ltr'>Lentulo,</span> <span class='ocrx_word' id='word_1_101' title='bbox 1143 1940 1201 2032; x_wconf 89' lang='lat' dir='ltr'>qui</span> <span class='ocrx_word' id='word_1_102' title='bbox 1216 1963 1310 2033; x_wconf 91' lang='lat' dir='ltr'>supe·</span> 
     </span>
     <span class='ocr_line' id='line_1_15' title="bbox 282 2055 1309 2142; baseline 0.002 -16"><span class='ocrx_word' id='word_1_103' title='bbox 282 2059 369 2126; x_wconf 89' lang='lat' dir='ltr'>riore</span> <span class='ocrx_word' id='word_1_104' title='bbox 391 2083 481 2129; x_wconf 87' lang='lat' dir='ltr'>anuo</span> <span class='ocrx_word' id='word_1_105' title='bbox 504 2057 618 2128; x_wconf 91' lang='lat' dir='ltr'>consul</span> <span class='ocrx_word' id='word_1_106' title='bbox 642 2057 766 2140; x_wconf 87' lang='lat' dir='ltr'>fuerat,</span> <span class='ocrx_word' id='word_1_107' title='bbox 788 2071 822 2124; x_wconf 89' lang='lat' dir='ltr'>ct</span> <span class='ocrx_word' id='word_1_108' title='bbox 843 2059 879 2124; x_wconf 90' lang='lat' dir='ltr'>P.</span> <span class='ocrx_word' id='word_1_109' title='bbox 899 2055 1042 2126; x_wconf 86' lang='lat' dir='ltr'>Lentulo</span> <span class='ocrx_word' id='word_1_110' title='bbox 1067 2057 1249 2142; x_wconf 87' lang='lat' dir='ltr'>consulari,</span> <span class='ocrx_word' id='word_1_111' title='bbox 1270 2083 1309 2128; x_wconf 92' lang='lat' dir='ltr'>ac</span> 
     </span>
     <span class='ocr_line' id='line_1_16' title="bbox 283 2173 1309 2272; baseline 0.003 -28"><span class='ocrx_word' id='word_1_112' title='bbox 283 2175 449 2246; x_wconf 89' lang='lat' dir='ltr'>nonnullis</span> <span class='ocrx_word' id='word_1_113' title='bbox 464 2177 536 2246; x_wconf 90' lang='lat' dir='ltr'>aliis</span> <span class='ocrx_word' id='word_1_114' title='bbox 550 2176 713 2246; x_wconf 86' lang='lat' dir='ltr'>acciderat</span> <span class='ocrx_word' id='word_1_115' title='bbox 728 2173 839 2244; x_wconf 85' lang='lat' dir='ltr'>Rhodi</span> <span class='ocrx_word' id='word_1_116' title='bbox 855 2201 863 2242; x_wconf 91' lang='lat'>:</span> <span class='ocrx_word' id='word_1_117' title='bbox 882 2200 957 2244; x_wconf 84' lang='lat' dir='ltr'>uam</span> <span class='ocrx_word' id='word_1_118' title='bbox 974 2175 1162 2269; x_wconf 88' lang='lat' dir='ltr'>quicunque</span> <span class='ocrx_word' id='word_1_119' title='bbox 1176 2201 1217 2246; x_wconf 86' lang='lat' dir='ltr'>ex</span> <span class='ocrx_word' id='word_1_120' title='bbox 1232 2177 1309 2272; x_wconf 84' lang='lat' dir='ltr'>fuga</span> 
     </span>
     <span class='ocr_line' id='line_1_17' title="bbox 280 2292 1311 2390; baseline 0.003 -28"><span class='ocrx_word' id='word_1_121' title='bbox 280 2296 473 2387; x_wconf 87' lang='lat' dir='ltr'>Pompeium</span> <span class='ocrx_word' id='word_1_122' title='bbox 487 2311 712 2388; x_wconf 87' lang='lat' dir='ltr'>sequerentur,</span> <span class='ocrx_word' id='word_1_123' title='bbox 732 2308 829 2386; x_wconf 88' lang='lat' dir='ltr'>atque</span> <span class='ocrx_word' id='word_1_124' title='bbox 848 2295 882 2361; x_wconf 90' lang='lat' dir='ltr'>in</span> <span class='ocrx_word' id='word_1_125' title='bbox 899 2292 1040 2364; x_wconf 83' lang='lat' dir='ltr'>insulam</span> <span class='ocrx_word' id='word_1_126' title='bbox 1058 2296 1237 2384; x_wconf 88' lang='lat' dir='ltr'>venissent,</span> <span class='ocrx_word' id='word_1_127' title='bbox 1255 2321 1311 2390; x_wconf 92' lang='lat' dir='ltr'>op-</span> 
     </span>
     <span class='ocr_line' id='line_1_18' title="bbox 280 2412 1311 2509; baseline 0.002 -27"><span class='ocrx_word' id='word_1_128' title='bbox 280 2413 359 2507; x_wconf 93' lang='lat' dir='ltr'>pido</span> <span class='ocrx_word' id='word_1_129' title='bbox 379 2439 417 2483; x_wconf 88' lang='lat' dir='ltr'>ao</span> <span class='ocrx_word' id='word_1_130' title='bbox 437 2430 537 2508; x_wconf 92' lang='lat' dir='ltr'>portu</span> <span class='ocrx_word' id='word_1_131' title='bbox 553 2415 676 2509; x_wconf 86' lang='lat' dir='ltr'>recepti</span> <span class='ocrx_word' id='word_1_132' title='bbox 696 2439 762 2483; x_wconf 91' lang='lat' dir='ltr'>nou</span> <span class='ocrx_word' id='word_1_133' title='bbox 782 2427 876 2482; x_wconf 89' lang='lat' dir='ltr'>eraut</span> <span class='ocrx_word' id='word_1_134' title='bbox 890 2439 898 2479; x_wconf 94' lang='lat'><strong>:</strong></span> <span class='ocrx_word' id='word_1_135' title='bbox 914 2413 1084 2506; x_wconf 85' lang='lat' dir='ltr'>missisque</span> <span class='ocrx_word' id='word_1_136' title='bbox 1101 2412 1144 2482; x_wconf 89' lang='lat' dir='ltr'>ad</span> <span class='ocrx_word' id='word_1_137' title='bbox 1161 2439 1216 2484; x_wconf 90' lang='lat' dir='ltr'>eos</span> <span class='ocrx_word' id='word_1_138' title='bbox 1229 2439 1311 2484; x_wconf 89' lang='lat' dir='ltr'>nuu-</span> 
     </span>
     <span class='ocr_line' id='line_1_19' title="bbox 282 2529 1307 2620; baseline 0.002 -20"><span class='ocrx_word' id='word_1_139' title='bbox 282 2533 352 2620; x_wconf 91' lang='lat' dir='ltr'>tiis,</span> <span class='ocrx_word' id='word_1_140' title='bbox 368 2547 405 2601; x_wconf 89' lang='lat' dir='ltr'>ut</span> <span class='ocrx_word' id='word_1_141' title='bbox 421 2558 460 2602; x_wconf 86' lang='lat' dir='ltr'>ex</span> <span class='ocrx_word' id='word_1_142' title='bbox 472 2536 511 2603; x_wconf 91' lang='lat' dir='ltr'>iis</span> <span class='ocrx_word' id='word_1_143' title='bbox 526 2532 604 2602; x_wconf 91' lang='lat' dir='ltr'>locis</span> <span class='ocrx_word' id='word_1_144' title='bbox 618 2532 837 2620; x_wconf 88' lang='lat' dir='ltr'>discederent,</span> <span class='ocrx_word' id='word_1_145' title='bbox 855 2545 970 2600; x_wconf 87' lang='lat' dir='ltr'>eontra</span> <span class='ocrx_word' id='word_1_146' title='bbox 992 2529 1195 2602; x_wconf 85' lang='lat' dir='ltr'>voluntatem</span> <span class='ocrx_word' id='word_1_147' title='bbox 1213 2557 1307 2602; x_wconf 85' lang='lat' dir='ltr'>suam</span> 
     </span>
     <span class='ocr_line' id='line_1_20' title="bbox 281 2649 1309 2746; baseline 0 -27"><span class='ocrx_word' id='word_1_148' title='bbox 281 2675 380 2720; x_wconf 87' lang='lat' dir='ltr'>naves</span> <span class='ocrx_word' id='word_1_149' title='bbox 403 2652 579 2722; x_wconf 82' lang='lat' dir='ltr'>solverunt.</span> <span class='ocrx_word' id='word_1_150' title='bbox 601 2656 739 2746; x_wconf 86' lang='lat' dir='ltr'>Jamque</span> <span class='ocrx_word' id='word_1_151' title='bbox 761 2649 802 2719; x_wconf 92' lang='lat' dir='ltr'>de</span> <span class='ocrx_word' id='word_1_152' title='bbox 822 2653 960 2720; x_wconf 85' lang='lat' dir='ltr'>Caesaris</span> <span class='ocrx_word' id='word_1_153' title='bbox 984 2649 1129 2720; x_wconf 89' lang='lat' dir='ltr'>adventu</span> <span class='ocrx_word' id='word_1_154' title='bbox 1158 2651 1243 2721; x_wconf 80' lang='lat' dir='ltr'>fama</span> <span class='ocrx_word' id='word_1_155' title='bbox 1266 2649 1309 2720; x_wconf 93' lang='lat' dir='ltr'>ad</span> 
     </span>
     <span class='ocr_line' id='line_1_21' title="bbox 280 2750 756 2870; baseline 0 -31"><span class='ocrx_word' id='word_1_156' title='bbox 280 2771 427 2840; x_wconf 79' lang='lat' dir='ltr'>civitates</span> <span class='ocrx_word' id='word_1_157' title='bbox 446 2771 678 2866; x_wconf 81' lang='lat' dir='ltr'>perferebatur.</span> <span class='ocrx_word' id='word_1_158' title='bbox 723 2750 728 2759; x_wconf 37' lang='lat'>⁸</span> <span class='ocrx_word' id='word_1_159' title='bbox 752 2853 756 2870; x_wconf 27' lang='grc' dir='ltr'>ἱ</span> 
     </span>
     <span class='ocr_line' id='line_1_22' title="bbox 291 2888 1309 2985; baseline -0.002 -26"><span class='ocrx_word' id='word_1_160' title='bbox 291 2955 292 2960; x_wconf 74' lang='grc'>,</span> <span class='ocrx_word' id='word_1_161' title='bbox 327 2892 417 2960; x_wconf 92' lang='lat' dir='ltr'>Clll.</span> <span class='ocrx_word' id='word_1_162' title='bbox 436 2891 566 2978; x_wconf 86' lang='lat' dir='ltr'>Quibus</span> <span class='ocrx_word' id='word_1_163' title='bbox 583 2892 724 2985; x_wconf 89' lang='lat' dir='ltr'>cognitis</span> <span class='ocrx_word' id='word_1_164' title='bbox 741 2890 859 2977; x_wconf 88' lang='lat' dir='ltr'>rebus,</span> <span class='ocrx_word' id='word_1_165' title='bbox 876 2891 1069 2984; x_wconf 87' lang='lat' dir='ltr'>Pompeius,</span> <span class='ocrx_word' id='word_1_166' title='bbox 1090 2888 1240 2982; x_wconf 90' lang='lat' dir='ltr'>deposito</span> <span class='ocrx_word' id='word_1_167' title='bbox 1254 2888 1309 2958; x_wconf 92' lang='lat' dir='ltr'>ad-</span> 
     </span>
     <span class='ocr_line' id='line_1_23' title="bbox 280 3007 1307 3103; baseline -0.001 -26"><span class='ocrx_word' id='word_1_168' title='bbox 280 3009 395 3079; x_wconf 67' lang='lat' dir='ltr'>eunde</span> <span class='ocrx_word' id='word_1_169' title='bbox 413 3010 514 3103; x_wconf 85' lang='lat' dir='ltr'>Syriae</span> <span class='ocrx_word' id='word_1_170' title='bbox 541 3007 697 3096; x_wconf 89' lang='lat' dir='ltr'>consilio,</span> <span class='ocrx_word' id='word_1_171' title='bbox 722 3010 862 3102; x_wconf 89' lang='lat' dir='ltr'>pecunia</span> <span class='ocrx_word' id='word_1_172' title='bbox 885 3009 1048 3078; x_wconf 87' lang='lat' dir='ltr'>societatis</span> <span class='ocrx_word' id='word_1_173' title='bbox 1068 3007 1216 3095; x_wconf 87' lang='lat' dir='ltr'>sublata,</span> <span class='ocrx_word' id='word_1_174' title='bbox 1234 3023 1270 3078; x_wconf 91' lang='lat' dir='ltr'>et</span> <span class='ocrx_word' id='word_1_175' title='bbox 1287 3033 1307 3076; x_wconf 91' lang='lat' dir='ltr'>a</span> 
     </span>
     <span class='ocr_line' id='line_1_24' title="bbox 279 3127 1307 3223; baseline 0.002 -28"><span class='ocrx_word' id='word_1_176' title='bbox 279 3127 475 3220; x_wconf 89' lang='lat' dir='ltr'>quibusdam</span> <span class='ocrx_word' id='word_1_177' title='bbox 488 3130 624 3222; x_wconf 90' lang='lat' dir='ltr'>privatis</span> <span class='ocrx_word' id='word_1_178' title='bbox 640 3143 789 3222; x_wconf 86' lang='lat' dir='ltr'>sumpta,</span> <span class='ocrx_word' id='word_1_179' title='bbox 806 3130 878 3196; x_wconf 84' lang='lat' dir='ltr'>aeris</span> <span class='ocrx_word' id='word_1_180' title='bbox 892 3153 1013 3222; x_wconf 89' lang='lat' dir='ltr'>magno</span> <span class='ocrx_word' id='word_1_181' title='bbox 1029 3127 1174 3223; x_wconf 90' lang='lat' dir='ltr'>pondere</span> <span class='ocrx_word' id='word_1_182' title='bbox 1189 3127 1232 3198; x_wconf 91' lang='lat' dir='ltr'>ad</span> <span class='ocrx_word' id='word_1_183' title='bbox 1245 3128 1307 3198; x_wconf 90' lang='lat' dir='ltr'>mi·</span> 
     </span>
     <span class='ocr_line' id='line_1_25' title="bbox 279 3239 1305 3342; baseline -0.001 -28"><span class='ocrx_word' id='word_1_184' title='bbox 279 3239 408 3314; x_wconf 78' lang='lat' dir='ltr'>litarem</span> <span class='ocrx_word' id='word_1_185' title='bbox 433 3248 586 3315; x_wconf 87' lang='lat' dir='ltr'>usumin</span> <span class='ocrx_word' id='word_1_186' title='bbox 613 3272 712 3316; x_wconf 84' lang='lat' dir='ltr'>naves</span> <span class='ocrx_word' id='word_1_187' title='bbox 739 3249 912 3342; x_wconf 87' lang='lat' dir='ltr'>imposito,</span> <span class='ocrx_word' id='word_1_188' title='bbox 939 3246 1133 3340; x_wconf 86' lang='lat' dir='ltr'>duobusque</span> <span class='ocrx_word' id='word_1_189' title='bbox 1160 3245 1305 3314; x_wconf 89' lang='lat' dir='ltr'>millibus</span> 
     </span>
     <span class='ocr_line' id='line_1_26' title="bbox 278 3363 1303 3460; baseline -0.005 -26"><span class='ocrx_word' id='word_1_190' title='bbox 278 3364 451 3434; x_wconf 89' lang='lat' dir='ltr'>hominum</span> <span class='ocrx_word' id='word_1_191' title='bbox 474 3367 627 3454; x_wconf 90' lang='lat' dir='ltr'>armatis,</span> <span class='ocrx_word' id='word_1_192' title='bbox 646 3367 766 3460; x_wconf 88' lang='lat' dir='ltr'>partim</span> <span class='ocrx_word' id='word_1_193' title='bbox 789 3391 871 3459; x_wconf 92' lang='lat' dir='ltr'>quos</span> <span class='ocrx_word' id='word_1_194' title='bbox 897 3389 938 3434; x_wconf 76' lang='lat' dir='ltr'>ca</span> <span class='ocrx_word' id='word_1_195' title='bbox 964 3363 1092 3434; x_wconf 84' lang='lat' dir='ltr'>familiis</span> <span class='ocrx_word' id='word_1_196' title='bbox 1112 3364 1303 3432; x_wconf 88' lang='lat' dir='ltr'>societatum</span> 
     </span>
     <span class='ocr_line' id='line_1_27' title="bbox 278 3473 1305 3581; baseline -0.008 -27"><span class='ocrx_word' id='word_1_197' title='bbox 278 3473 463 3578; x_wconf 86' lang='lat' dir='ltr'>delegerat,</span> <span class='ocrx_word' id='word_1_198' title='bbox 481 3487 602 3578; x_wconf 86' lang='lat' dir='ltr'>partim</span> <span class='ocrx_word' id='word_1_199' title='bbox 615 3510 635 3555; x_wconf 91' lang='lat' dir='ltr'>a</span> <span class='ocrx_word' id='word_1_200' title='bbox 653 3486 911 3581; x_wconf 82' lang='lat' dir='ltr'>negotiatoribus</span> <span class='ocrx_word' id='word_1_201' title='bbox 926 3496 1093 3576; x_wconf 87' lang='lat' dir='ltr'>coegerat,</span> <span class='ocrx_word' id='word_1_202' title='bbox 1107 3501 1253 3572; x_wconf 88' lang='lat' dir='ltr'>quosque</span> <span class='ocrx_word' id='word_1_203' title='bbox 1260 3501 1305 3546; x_wconf 63' lang='lat' dir='ltr'>&#39;ex</span> 
     </span>
     <span class='ocr_line' id='line_1_28' title="bbox 275 3595 1305 3699; baseline -0.005 -28"><span class='ocrx_word' id='word_1_204' title='bbox 275 3603 344 3672; x_wconf 76' lang='lat' dir='ltr'>auis</span> <span class='ocrx_word' id='word_1_205' title='bbox 358 3604 496 3699; x_wconf 87' lang='lat' dir='ltr'>quisque</span> <span class='ocrx_word' id='word_1_206' title='bbox 512 3604 555 3673; x_wconf 80' lang='lat' dir='ltr'>ed</span> <span class='ocrx_word' id='word_1_207' title='bbox 567 3606 653 3675; x_wconf 90' lang='lat' dir='ltr'>hanc</span> <span class='ocrx_word' id='word_1_208' title='bbox 667 3630 735 3674; x_wconf 88' lang='lat' dir='ltr'>rem</span> <span class='ocrx_word' id='word_1_209' title='bbox 753 3604 888 3671; x_wconf 89' lang='lat' dir='ltr'>idoneos</span> <span class='ocrx_word' id='word_1_210' title='bbox 902 3598 1123 3684; x_wconf 86' lang='lat' dir='ltr'>existimabat,</span> <span class='ocrx_word' id='word_1_211' title='bbox 1136 3595 1305 3667; x_wconf 87' lang='lat' dir='ltr'>Pelusium</span> 
     </span>
     <span class='ocr_line' id='line_1_29' title="bbox 277 3714 1307 3813; baseline -0.004 -23"><span class='ocrx_word' id='word_1_212' title='bbox 277 3714 438 3813; x_wconf 80' lang='lat' dir='ltr'>pervehit.</span> <span class='ocrx_word' id='word_1_213' title='bbox 456 3722 507 3791; x_wconf 93' lang='lat' dir='ltr'>Ibi</span> <span class='ocrx_word' id='word_1_214' title='bbox 523 3747 598 3793; x_wconf 88' lang='lat' dir='ltr'>casu</span> <span class='ocrx_word' id='word_1_215' title='bbox 621 3745 676 3792; x_wconf 87' lang='lat' dir='ltr'>rex</span> <span class='ocrx_word' id='word_1_216' title='bbox 696 3734 766 3792; x_wconf 89' lang='lat' dir='ltr'>erat</span> <span class='ocrx_word' id='word_1_217' title='bbox 784 3717 992 3804; x_wconf 81' lang='lat' dir='ltr'>Ptolemreus,</span> <span class='ocrx_word' id='word_1_218' title='bbox 1007 3739 1091 3811; x_wconf 91' lang='lat' dir='ltr'>puer</span> <span class='ocrx_word' id='word_1_219' title='bbox 1104 3728 1217 3802; x_wconf 76' lang='lat' dir='ltr'>aetate,</span> <span class='ocrx_word' id='word_1_220' title='bbox 1237 3739 1307 3786; x_wconf 82' lang='lat' dir='ltr'>ma·</span> 
     </span>
     <span class='ocr_line' id='line_1_30' title="bbox 278 3833 1306 3938; baseline -0.005 -29"><span class='ocrx_word' id='word_1_221' title='bbox 278 3843 351 3936; x_wconf 85' lang='lat' dir='ltr'>gnis</span> <span class='ocrx_word' id='word_1_222' title='bbox 365 3840 484 3938; x_wconf 85' lang='lat' dir='ltr'>copiis,</span> <span class='ocrx_word' id='word_1_223' title='bbox 502 3867 576 3912; x_wconf 87' lang='lat' dir='ltr'>cum</span> <span class='ocrx_word' id='word_1_224' title='bbox 593 3864 705 3912; x_wconf 89' lang='lat' dir='ltr'>sorore</span> <span class='ocrx_word' id='word_1_225' title='bbox 720 3836 896 3932; x_wconf 88' lang='lat' dir='ltr'>Cleopatra</span> <span class='ocrx_word' id='word_1_226' title='bbox 911 3857 1027 3930; x_wconf 87' lang='lat' dir='ltr'>gerens</span> <span class='ocrx_word' id='word_1_227' title='bbox 1045 3833 1185 3922; x_wconf 89' lang='lat' dir='ltr'>bellum;</span> <span class='ocrx_word' id='word_1_228' title='bbox 1206 3857 1306 3928; x_wconf 88' lang='lat' dir='ltr'>quam</span> 
     </span>
     <span class='ocr_line' id='line_1_31' title="bbox 278 3955 1307 4052; baseline -0.008 -20"><span class='ocrx_word' id='word_1_229' title='bbox 278 3961 390 4052; x_wconf 84' lang='lat' dir='ltr'>paucis</span> <span class='ocrx_word' id='word_1_230' title='bbox 407 3975 483 4029; x_wconf 89' lang='lat' dir='ltr'>ante</span> <span class='ocrx_word' id='word_1_231' title='bbox 500 3962 665 4030; x_wconf 86' lang='lat' dir='ltr'>mensibus</span> <span class='ocrx_word' id='word_1_232' title='bbox 682 3982 741 4052; x_wconf 91' lang='lat' dir='ltr'>per</span> <span class='ocrx_word' id='word_1_233' title='bbox 758 3981 834 4026; x_wconf 87' lang='lat' dir='ltr'>suos</span> <span class='ocrx_word' id='word_1_234' title='bbox 849 3955 1052 4050; x_wconf 90' lang='lat' dir='ltr'>propinquos</span> <span class='ocrx_word' id='word_1_235' title='bbox 1066 3969 1166 4047; x_wconf 88' lang='lat' dir='ltr'>atque</span> <span class='ocrx_word' id='word_1_236' title='bbox 1185 3956 1307 4024; x_wconf 88' lang='lat' dir='ltr'>amicos</span> 
     </span>
    </p>
   </div>
   <div class='ocr_carea' id='block_1_4' title="bbox 0 0 1526 4772">
    <p class='ocr_par' dir='ltr' id='par_1_4' title="bbox 0 0 1526 4772">
     <span class='ocr_line' id='line_1_32' title="bbox 0 0 1526 4772; baseline 0 1"><span class='ocrx_word' id='word_1_237' title='bbox 0 0 1526 4772; x_wconf 95' lang='lat' dir='ltr'> </span> 
     </span>
    </p>
   </div>
  </div>
 </body>
</html>
