3086 4766
510 355 562 412 os
582 349 887 434 ramerenco
904 357 1056 411 mnvn.
1117 345 1118 348 '
1249 355 1298 409 nn

263 478 387 546 anricus
413 493 484 546 erat
508 477 712 572 appellatus,
736 503 808 549 cum
839 503 961 574 magno
988 457 1138 572 equitum
1165 502 1302 546 suorum

263 621 421 685 numero,
443 613 477 666 et
496 622 580 691 quos
594 623 633 668 ex
647 599 826 692 Aquitania
842 599 1066 685 conduxerat,
1082 597 1214 666 adeum
1228 621 1303 691 per·

264 716 364 784 venit.
499 811 502 816 1

308 836 449 906 XXXII.
470 840 595 928 Caesar,
615 838 746 908 Avarici
763 837 950 932 complures
971 837 1040 909 dies
1060 851 1302 922 commoratus,

262 975 492 1048 summamque
511 957 560 1025 ibi
578 959 706 1052 copiam
729 956 887 1027 frumenti
908 971 940 1026 et
960 955 1082 1051 reliqui
1098 971 1302 1027 commeatus

261 1088 392 1162 nactus,
415 1077 599 1145 exercitum
621 1083 667 1145 ex'
685 1076 798 1148 labore
821 1091 920 1172 atque
943 1079 1056 1171 inopia
1080 1075 1206 1146 refecit.
1228 1079 1301 1144 Iam

261 1217 365 1286 prope
385 1193 494 1266 hieme
513 1195 679 1284 confecta,
700 1221 803 1291 quum
824 1198 897 1290 ipso
915 1197 995 1264 anni
1017 1210 1166 1288 tempore
1185 1194 1227 1264 ad
1245 1219 1302 1289 ge·

260 1311 400 1382 rendum
420 1313 545 1384 bellum
566 1331 756 1406 vocaretur,
778 1332 812 1386 et
830 1316 872 1384 ad
891 1315 1019 1386 hostem
1037 1314 1201 1409 proficisci
1219 1339 1300 1384 con·

260 1431 435 1522 stituisset,
456 1435 524 1506 sive
544 1459 621 1510 eum
641 1460 680 1504 ex
701 1434 877 1533 paludibus
899 1431 1056 1528 silvisque
1077 1433 1211 1522 elicere,
1232 1435 1317 1538 sive·

260 1550 432 1621 obsidione
445 1578 596 1647 premere
607 1570 734 1649 posset,
748 1553 847 1650 legati
861 1554 988 1656 adeum
1004 1555 1171 1647 principes
1181 1553 1301 1622 AEduo-

260 1695 335 1740 rum
353 1674 508 1762 veniunt,
528 1688 680 1763 oratum,
700 1689 768 1744 cut
787 1676 929 1750 maxine
945 1674 1130 1746 necessario
1150 1687 1300 1766 tempore

259 1793 385 1862 civitati
405 1795 590 1866 subveniat.
608 1798 747 1866 Summo
766 1818 834 1864 esse
858 1797 894 1868 in
916 1793 1066 1888 periculo
1085 1817 1174 1878 rem;
1191 1791 1300 1886 quod,

260 1937 365 2005 quum
374 1914 497 2009 singuli
509 1916 720 2010 magistratus
732 1917 915 2009 antiquitus
929 1914 1049 2000 creari,
1063 1927 1162 2007 atque
1174 1913 1298 2008 regiam

259 2049 455 2127 potestatem
473 2059 616 2106 annuam
633 2037 784 2110 obtinere
799 2050 1026 2120 consuessent,
1042 2034 1109 2103 duo
1123 2033 1298 2128 magistra·

258 2166 483 2249 iungerent,
503 2171 538 2230 et
557 2181 591 2226 se
613 2171 750 2250 uterque
768 2181 883 2226 eorum
908 2153 1036 2250 legibus
1059 2166 1208 2224 creatum
1229 2177 1299 2222 esse

258 2271 355 2342 dicat.
381 2279 510 2344 Horum
534 2301 604 2346 esse
626 2275 767 2346 alterum
787 2274 1104 2374 Convictolitanem,
1124 2273 1298 2344 florentem

257 2405 290 2460 θῑ
306 2391 466 2472 illustrem
484 2395 741 2484 adolescentem
758 2394 899 2466 alterum
914 2399 1052 2484 Cotum,
1069 2395 1298 2487 antiquissima

257 2509 381 2580 familia
399 2528 529 2602 natum,
549 2531 650 2610 atque
670 2518 778 2611 ipsum
797 2517 965 2586 hominem
985 2539 1122 2584 summae
1143 2512 1298 2605 potentiae

258 2645 293 2699 et
314 2657 442 2726 magnae
463 2637 690 2729 cognationis3
709 2636 803 2728 cujtrs
818 2634 920 2704 frater
939 2630 1128 2706 Valetiacus
1145 2630 1297 2723 proximo

258 2774 347 2820 anno
370 2750 525 2822 eumdem
545 2757 778 2849 magistratum,
794 2755 940 2848 gesserit.
962 2747 1141 2822 Civitatem
1162 2772 1296 2817 omnem

257 2896 326 2940 esse
343 2873 378 2940 in
395 2874 510 2959 armis,
528 2871 669 2972 divisum
684 2887 849 2964 senatum,
864 2872 1008 2941 divisum
1024 2868 1202 2964 populum,
1221 2893 1296 2938 suas

213 2985 220 3000 '
256 2993 417 3084 cujusque
436 3015 552 3060 eorum
574 2989 754 3070 clientelas,
773 2991 919 3085 Quodsi
944 2991 1069 3060 diutius
1087 2987 1195 3058 alatur
1216 3013 1296 3058 con·

257 3112 438 3198 troversia,
461 3111 545 3201 fore,
562 3114 613 3182 uti
633 3137 708 3206 pars
731 3137 808 3185 cum
830 3127 924 3207 parte
946 3109 1089 3178 civitatis
1112 3108 1294 3203 confligat:

257 3228 291 3296 id
314 3255 356 3299 ne
379 3232 524 3320 accidat,
544 3234 689 3327 positum
716 3232 750 3299 in
776 3231 846 3325 ejus
868 3228 1039 3324 diligentia
1061 3243 1160 3322 atque
1181 3241 1297 3297 aucto·

257 3349 398 3418 ritate.»

304 3473 463 3541 XXXIII.
489 3475 614 3560 Caesar,
640 3472 702 3541 etsi
722 3497 741 3540 a
763 3470 869 3560 bello,
890 3485 988 3564 atque
1006 3469 1108 3538 droste
1128 3467 1295 3536 discedere

256 3593 530 3663 detrimentosum
557 3569 624 3662 esse
650 3592 872 3680 existimabat,
900 3606 1024 3678 tamen,
1048 3613 1116 3657 non
1140 3589 1295 3680 ignorans

255 3728 379 3808 quanta
398 3739 438 3782 ex
456 3705 715 3783 dissensionibus
733 3711 944 3780 incommoda
964 3709 1045 3777 oriri
1063 3719 1294 3786 consuessent,

256 3857 297 3901 ne
314 3845 405 3901 tanta
421 3847 535 3900 ettam
550 3833 728 3926 conjuncta
744 3829 868 3925 populo
887 3853 1025 3900 romano
1042 3827 1177 3910 civitas,
1194 3847 1295 3917 quam

256 3952 325 4046 ipse
342 3975 472 4044 semper
488 3949 865 4046 aluisset,ornnibusque
880 3949 977 4020 rebus
989 3961 1152 4032 ornasset,
1170 3943 1210 4014 ad
1228 3943 1294 4011 vim
