3048 4770
252 407 270 468 A
409 405 439 459 C.
464 403 560 460 JULII
580 403 741 458 CAESARIS
763 403 1127 460 COMMENTARIORUM

251 528 351 614 vitas,
369 529 501 596 obeam
518 552 589 596 rem
608 529 760 615 incitata,
777 529 877 594 armis
893 529 947 621 jus
965 552 1059 596 suurn
1080 535 1212 626 exsequi
1232 559 1287 602 co-

252 661 396 732 naretur,
408 645 724 739 multitudinemque
739 646 914 714 hominum
925 671 966 714 ex
977 649 1066 741 agris
1076 653 1286 744 magistratus

249 782 422 860 cogerent,
442 768 619 860 Orgetorix
636 779 788 835 mortuus
804 781 854 834 est
872 792 879 834 :
899 791 1005 860 neque
1019 768 1112 837 abest
1127 774 1270 866 suspicio
1276 824 1286 859 ,

250 901 288 954 ut
311 885 455 954 Helvetii
478 887 699 973 arbitrantur,
723 887 805 978 quin
826 888 894 980 ipse
918 887 979 954 sibi
1000 901 1142 956 mortem
1161 892 1288 959 consei-

250 1009 343 1075 rerit.

296 1129 338 1196 V.
364 1129 443 1196 Post
467 1129 538 1221 ejus
559 1142 699 1195 mortem
723 1126 1102 1198 nibilominus·Helvetii
1125 1127 1176 1214 id,
1198 1129 1288 1220 quod

249 1246 509 1333 constituerant,
526 1245 634 1314 facere
649 1261 829 1335 conantur,
847 1261 883 1316 ut
900 1267 918 1315 e
934 1248 1056 1317 finibus
1072 1247 1139 1315 suis
1156 1263 1284 1315 exeant.

248 1366 315 1435 Ubi
327 1366 395 1461 jam
415 1391 449 1434 se
470 1365 513 1434 ad
531 1391 604 1435 eam
624 1389 694 1434 rem
715 1382 848 1460 paratos
865 1391 934 1435 esse
952 1367 1102 1434 arbitrati
1120 1381 1212 1453 sunt,
1229 1390 1287 1459 op·

249 1485 327 1578 pida
345 1509 407 1554 sua
419 1486 531 1554 omnia
544 1510 686 1553 numero
702 1485 744 1552 ad
762 1485 953 1573 duodecim,
967 1487 1058 1554 vicos
1075 1485 1117 1554 ad
1132 1485 1289 1580 quadrin-

250 1621 382 1698 gentos,
403 1602 530 1697 reliqna
553 1606 683 1698 privata
702 1605 839 1674 aedificia
860 1605 1057 1695 incendunt,
1082 1607 1286 1675 frumentum

250 1749 362 1810 omne,
381 1739 499 1819 praeter
514 1723 604 1817 quod
622 1749 734 1793 secum
753 1726 919 1819 portaturi
935 1741 1048 1812 eraut,
1065 1728 1287 1815 comburunt,

251 1860 306 1930 ut,
324 1844 461 1913 domum
481 1844 655 1912 reditionis
672 1868 730 1937 spe
749 1843 896 1932 sublata,
914 1848 1097 1939 paratiores
1113 1846 1155 1914 ad
1176 1848 1287 1914 omnia

251 1961 396 2056 pericula
417 1961 589 2031 subeunda
606 1978 715 2032 essent
733 1989 741 2030 τ
760 1964 860 2032 trium
880 1967 1045 2034 mensium
1067 1966 1183 2034 inolita
1198 1967 1288 2034 ciba·

251 2083 299 2151 ria
315 2083 378 2151 sibi
392 2107 558 2175 quemque
574 2065 675 2151 domo
695 2083 812 2152 efferre
827 2083 955 2176 jubent.
972 2085 1179 2153 Persuadent
1197 2090 1287 2154 Rau-

250 2205 352 2291 racis,
378 2217 412 2270 et
430 2200 597 2297 Tulingis,
622 2219 654 2271 et
675 2203 862 2297 Latobrigis
887 2203 1054 2288 finitimis,
1078 2206 1144 2291 uti,
1171 2202 1287 2272 eodem

252 2323 302 2391 usi
324 2321 481 2410 consilio,
502 2323 634 2418 oppidis
653 2325 720 2392 suis
738 2323 886 2416 vicisque
905 2323 1047 2411 exustis,
1065 2349 1131 2391 una
1150 2348 1226 2391 cum
1249 2325 1288 2390 iis

252 2443 530 2536 proficiscantur:
551 2444 732 2536 Boiosque,
756 2444 814 2534 qui
840 2457 931 2510 trans
958 2443 1115 2511 Rhenum
1141 2441 1288 2510 incolae·

252 2577 346 2650 rant,
373 2576 407 2630 et
434 2563 469 2630 in
491 2563 794 2657 agrumNorieum
822 2561 1037 2649 transierant,
1062 2563 1288 2655 Noreiamque

253 2697 502 2776 oppugnarunt,
521 2663 669 2774 receptos
689 2679 732 2748 ad
752 2705 786 2748 se
806 2681 913 2749 socios
934 2659 995 2750 sibi
1014 2681 1215 2751 adsciscunt.

302 2803 359 2868 Vl.
373 2805 478 2869 Erant
491 2802 629 2869 omuino
641 2800 760 2869 itinera
775 2801 858 2887 duo,
869 2802 991 2893 quibus
1003 2801 1177 2871 itineribus
1190 2803 1289 2871 domo

254 2920 343 2987 exire
359 2933 495 3012 possent
513 2946 521 2988 :
538 2944 643 2989 unum
665 2944 724 3014 per
742 2923 930 3013 Sequanos,
949 2925 1129 3016 angustum
1149 2937 1182 2990 et
1201 2921 1288 2990 diffi-

254 3037 330 3125 cile,
348 3039 435 3106 inter
450 3052 598 3108 montem
613 3042 727 3107 Juram
739 3053 773 3106 et
785 3037 910 3108 flumen
924 3039 1141 3127 Rhodanum,
1155 3042 1211 3109 vix
1225 3067 1289 3134 qua

255 3155 376 3251 singuli
395 3157 481 3226 carri
502 3135 716 3243 ducerentur;
731 3182 828 3227 mons
838 3172 950 3226 autem
966 3155 1146 3226 altissimus
1164 3161 1291 3254 impen-

255 3275 366 3364 debat,
381 3290 418 3343 ut
433 3273 529 3343 facile
541 3277 699 3368 perpauci
713 3277 889 3370 prohibere
905 3292 1060 3369 possent:
1076 3275 1218 3346 alterum
1232 3303 1291 3372 per

256 3396 462 3463 Provinciam
487 3409 654 3483 nostram,
681 3395 787 3464 multo
811 3395 941 3466 facilius
964 3413 1063 3491 atque
1086 3398 1290 3491 expeditius,

257 3529 429 3606 propterea
449 3513 540 3604 quod
559 3511 789 3584 Helvetiorum
805 3517 891 3585 inter
910 3517 992 3586 lines
1006 3531 1039 3586 et
1056 3516 1290 3612 Allobrogum,

255 3633 311 3724 qui
327 3656 433 3724 nuper
451 3633 560 3725 pacati
578 3648 687 3721 erant,
702 3635 884 3704 Rhodanus
904 3637 993 3721 fluit,
1013 3639 1106 3730 isque
1122 3635 1291 3705 nonnullis

256 3751 336 3819 locis
358 3752 442 3820 vado
466 3753 636 3821 transitur.
661 3755 856 3823 Extremum
880 3755 1042 3848 oppidum
1072 3754 1290 3850 Allobrogum

255 3887 318 3958 est,
339 3872 596 3964 proximumque
614 3873 841 3942 Helvetiorum
862 3874 999 3962 finibus,
1020 3880 1165 3944 Genera.
1187 3878 1236 3944 Ex
1253 3899 1292 3943 eo

255 3991 376 4084 oppido
392 4015 476 4083 pons
486 3989 529 4058 ad
544 3990 710 4060 Helvetios
727 3994 880 4084 pertinet.
902 3993 1137 4089 Allobrogibus
1156 4019 1225 4063 sese
1242 3994 1292 4062 vel
