3096 4762
211 363 1249 406 mmmmm

425 675 482 780 C.
507 678 693 786 JULll
721 681 1031 788 CAESARIS

274 1015 1179 1168 COMMENTARIORUM

305 1503 310 1512 1
444 1373 518 1458 un
546 1375 726 1462 BELLo
752 1360 991 1466 eunuco

531 1693 663 1761 runnu
690 1695 911 1785 Quintus

622 2023 828 2046 ...φ-.-

204 2295 231 2360 l.
250 2239 343 2378 En,
362 2317 437 2388 quae
449 2309 562 2364 secuta
579 2308 644 2380 est,
658 2294 782 2382 hieme,
800 2294 856 2386 qui
870 2293 935 2363 fuit
950 2318 1057 2364 annus
1066 2297 1130 2365 Cn.
1144 2300 1244 2366 Pom·
1311 2375 1313 2380 ⁸

205 2415 295 2505 peio,
310 2415 357 2482 Μ.
369 2415 490 2483 Crasso
503 2439 603 2501 coss,
616 2413 770 2506 Usipetes
788 2415 962 2502 Germani,
976 2429 1012 2482 et
1025 2415 1104 2482 item
1119 2417 1244 2486 Teuch-

203 2532 307 2618 theri,
330 2558 546 2627 magnacum
567 2531 782 2602 multitudine
803 2531 993 2621 hominum,
1014 2533 1138 2602 flumen
1157 2535 1245 2603 Rhe·

202 2675 284 2719 num
302 2651 519 2739 transierunt,
533 2676 599 2721 non
618 2651 716 2745 longe
731 2675 750 2718 a
767 2652 869 2737 mari,
885 2677 952 2745 quo
967 2652 1105 2720 Rhenus
1122 2651 1242 2721 influit.

202 2773 313 2841 Causa
337 2771 531 2840 transeundi
556 2771 634 2857 tuit,
660 2771 750 2862 quod
772 2771 814 2840 ab
837 2772 953 2840 Suevis
975 2768 1164 2863 complures
1187 2795 1244 2840 an·

202 2914 265 2958 nos
277 2890 434 2984 exagitati
449 2888 538 2959 bello
553 2889 806 2984 premebantur,
821 2905 855 2958 et
869 2887 1073 2983 agricultura
1090 2891 1244 2984 prohibe·

201 3011 336 3079 bantur.
361 3013 553 3080 Suevorum'
563 3035 645 3106 gens
663 3025 713 3079 est
731 3008 830 3105 longe
849 3009 993 3078 maxima
1014 3023 1047 3076 et
1068 3008 1244 3080 bellicosis·

202 3131 285 3198 sima
307 3131 555 3199 Germanorum
584 3131 745 3199 omnium.
770 3132 813 3198 Hi
830 3143 965 3198 centum
991 3153 1092 3224 pagos
1121 3130 1243 3200 habere

202 3247 370 3336 dicuntur,
382 3251 553 3344 exquibus
565 3251 744 3344 quotannis
759 3248 888 3344 singula
902 3246 1006 3316 tnillia
1020 3264 1243 3337 armatorum,

200 3366 346 3462 bellandi
360 3393 473 3458 causa,
486 3371 553 3438 suis
563 3394 603 3438 ex
617 3369 740 3438 finibus
750 3367 906 3438 educunt.
917 3367 1065 3462 Reliqui,
1077 3371 1134 3461 qui
1152 3368 1242 3437 dorni

202 3487 401 3575 manserint,
417 3513 452 3558 se
469 3502 569 3581 atque
589 3485 663 3556 illos
679 3485 784 3556 alunt.
806 3490 849 3556 Hi
866 3510 981 3556 rursus
995 3489 1138 3556 invicem
1154 3511 1242 3556 anno

201 3621 276 3701 post
293 3609 326 3676 in
343 3609 444 3676 armis
460 3622 555 3693 sunt;
574 3604 623 3675 illi
641 3606 731 3675 domi
751 3621 934 3676 remanent.
956 3607 1011 3675 Sic
1028 3629 1136 3698 neque
1153 3609 1241 3701 agri·

201 3725 351 3814 cultura,
376 3751 437 3796 nee
457 3729 544 3796 ratio
569 3740 669 3821 atque
690 3749 768 3796 usus
792 3723 891 3811 belli,
914 3725 1157 3794 intermittitur.
1176 3725 1243 3794 sect

200 3847 321 3938 privati
342 3871 383 3916 ao
400 3847 542 3941 separati
565 3847 636 3940 agri
657 3843 746 3940 apud
769 3869 825 3913 eos
844 3843 927 3913 nihil
948 3841 1019 3930 est3
1039 3868 1145 3937 neque
1167 3843 1240 3913 lon·

199 3968 273 4060 gius
289 3991 378 4036 anno
396 3989 569 4035 remanere
590 3988 650 4034 suo
668 3967 702 4034 in
721 3964 812 4053 loco,
834 3962 1001 4035 incolendi
1019 3989 1133 4053 eausa,
1152 3963 1240 4034 licet.
