3088 4766
531 371 581 424 DE
602 369 725 426 BELLO
747 371 861 426 clvltl
885 371 955 426 HR.
977 373 1000 427 1.
1250 372 1288 432 53

299 497 501 567 Lxxxvtt.
523 498 649 582 Cesar,
672 518 712 561 ex
736 519 776 562 eu
800 508 967 588 tempore,
987 494 1067 564 dum
1094 496 1136 564 ad
1164 499 1287 569 flumen

251 621 376 686 Varum
409 615 579 699 veniatur,
611 638 645 682 se
671 613 872 684 frumentum
900 614 1056 684 daturum
1083 615 1286 710 pollicetur:

252 734 343 804 addit
357 735 470 820 etiam,
482 747 539 820 ut,
557 763 573 797 u
588 733 669 826 quid
686 736 826 827 quisque
843 758 958 803 eorum
975 735 1010 803 in
1024 735 1111 806 bello
1126 739 1287 824 amiserit,

252 879 323 947 quae
352 855 418 923 sint
440 877 540 947 penes
564 851 683 922 milites
706 877 799 940 suos,
826 854 881 941 iis,
900 857 957 948 qui
982 857 1169 944 amiserint,
1197 860 1288 927 resti-

253 990 363 1044 tuatur
378 1000 385 1042 :
402 1003 418 1039 a
438 973 612 1060 militibus,
632 997 725 1066 aequa
749 973 836 1043 facta
855 975 1085 1064 estimatione,
1112 979 1286 1070 pecuniam

252 1119 314 1190 pro
326 1095 365 1163 iis
379 1095 476 1163 rebus
490 1090 648 1162 dissolvit.
663 1095 898 1188 Quascumque
913 1109 1028 1189 postea
1046 1099 1286 1166 controversias

251 1218 339 1283 inter
358 1239 391 1283 se
410 1213 530 1284 milites
549 1214 745 1298 habuerint,
773 1237 831 1282 sua
859 1229 976 1309 sponte
997 1215 1039 1284 ad
1063 1218 1225 1286 Caesarem
1251 1219 1284 1285 in

248 1337 302 1427 jus
315 1334 477 1404 adierunt.
493 1337 640 1402 Petreius
659 1347 757 1427 atque
775 1333 948 1422 Afranius,
964 1359 1066 1428 quum
1086 1337 1284 1431 stipendium

186 1505 192 1541 ,
252 1456 294 1524 ab
311 1453 495 1548 legionibus
510 1477 602 1547 paene
614 1453 773 1522 seditione
791 1451 876 1522 lacta
889 1453 1110 1548 flagitaretur,
1128 1457 1223 1549 cujus
1239 1457 1284 1525 rlli

176 1548 190 1582 s
251 1574 337 1643 diem
358 1574 506 1642 nondum
530 1577 658 1642 venisse
684 1572 849 1658 dicerent,
872 1576 981 1643 Caesar
1001 1589 1037 1642 ut
1057 1592 1285 1668 cognosceret,

252 1692 438 1787 postulant,
452 1715 557 1785 eoque
571 1693 722 1783 utrique,
737 1690 828 1783 quod
841 1693 972 1778 statuit,
982 1694 1130 1761 contenti
1140 1692 1285 1762 fuerunt.

251 1816 348 1881 Parte
374 1813 504 1881 circiter
532 1812 628 1880 tertia
657 1812 817 1879 exercitus
842 1835 882 1881 eo
903 1809 1004 1879 biduo
1028 1811 1178 1899 dimissa,
1199 1838 1224 1884 n
1246 1813 1287 1883 le

251 1933 364 2025 giones
382 1956 456 2000 suas
470 1931 680 2016 antecedere,
699 1929 843 2023 reliquas
860 1930 1016 2024 subsequi
1030 1931 1144 2025 jussit,
1162 1948 1200 2001 ut
1219 1959 1285 2003 non

252 2043 350 2145 longo
378 2051 463 2118 inter
501 2076 534 2118 se
561 2052 670 2143 spatio
697 2065 803 2118 castra
834 2049 997 2134 lacerent3
1022 2052 1119 2144 eique
1151 2055 1286 2148 negotiu

251 2177 295 2260 Q.
320 2169 450 2239 Fufium
478 2169 637 2240 Calenum
663 2169 807 2262 legatum
827 2169 983 2262 praefecit.
1016 2175 1087 2239 Hoc
1109 2172 1180 2264 ejus
1208 2197 1287 2266 prae·

251 2293 374 2385 scripto
391 2315 431 2358 ex
452 2291 609 2384 Hispania
634 2288 675 2357 ad
693 2292 822 2357 Varum
847 2288 970 2358 flumen
991 2304 1040 2358 est
1061 2291 1124 2358 iter
1144 2290 1283 2380 factum,

251 2426 348 2505 atque
363 2409 408 2478 ibi
427 2409 553 2502 reliqua
572 2433 647 2502 pars
666 2409 828 2476 exercitus
848 2406 988 2476 dimissa.
