3062 4766
282 359 336 412 206
436 360 467 412 c.
492 337 585 412 sunu
607 357 768 413 casinis
790 353 1154 411 connnmmlonuu

280 479 360 548 dum
380 503 426 548 xx
446 478 579 562 directis
598 477 755 548 lateribus
774 477 883 560 duxit,
904 490 940 544 ut
961 477 1030 569 ejus
1046 475 1153 544 solum
1173 489 1316 544 tantum-

279 600 355 668 dem
371 615 500 694 pateret
519 613 681 692 quantum
702 622 830 666 summa
846 595 940 664 iabra
965 595 1140 664 distabant.
1160 592 1315 686 Reliquas

280 744 394 788 omnes
411 699 612 788 mubitiones
627 718 668 786 ab
688 741 726 784 ea
742 715 826 785 fossa
845 716 953 809 pedes*
964 739 1009 785 cn
1029 713 1160 782 reduxit
1177 711 1234 780 :id
1252 713 1316 780 hoc

171 841 173 843 ’
279 837 417 910 consilio
433 839 609 934 (quoniam
627 849 756 906 tantum
773 849 856 903 esset
872 835 1056 904 necessario
1072 834 1215 926 spatium
1227 857 1317 900 com·

279 957 415 1052 plexus,
435 981 497 1025 nec
518 955 615 1025 facile
634 969 741 1024 totum
758 979 841 1049 opus
860 953 1005 1021 militum
1025 976 1146 1020 corona
1167 953 1314 1044 cingere-

279 1077 369 1168 tur),
386 1103 428 1145 ne
446 1077 487 1144 de
506 1076 685 1171 improviso
701 1090 759 1143 aut
775 1088 877 1143 noctu
894 1072 936 1142 ad
952 1071 1152 1140 munitiones
1168 1070 1314 1138 hostium

278 1193 456 1264 multitudo
475 1195 656 1280 advolaret,
677 1207 735 1262 aut
749 1191 898 1280 interdiu
919 1168 983 1259 teia
1003 1192 1037 1257 in
1057 1207 1201 1270 nostros,
1221 1191 1313 1282 operi

278 1313 472 1399 destinatos,
499 1316 664 1406 conjicere
696 1324 840 1408 possent.
871 1314 942 1378 Hoc
973 1309 1160 1377 intermisso
1191 1309 1313 1401 spatio,

277 1432 360 1502 duas
376 1431 491 1520 fossas,
507 1457 552 1502 xv
568 1433 667 1527 podes
683 1429 781 1520 latas,
797 1430 910 1499 eadem
929 1429 1118 1514 altitudine,
1134 1427 1289 1520 perduxit
1305 1454 1312 1493 :

277 1577 418 1645 quarum
431 1554 641 1639 interiorem,
658 1551 895 1646 campestribus
904 1575 941 1619 ac
955 1548 1104 1617 demissis
1118 1546 1213 1632 iocis,
1229 1570 1314 1638 aqua

277 1695 317 1740 ex
333 1671 469 1740 flumine
487 1671 635 1744 derivata
650 1668 837 1764 complevit.
853 1671 932 1740 Post
946 1693 1001 1738 eas
1021 1692 1175 1765 aggerem
1192 1691 1229 1734 ac
1247 1663 1315 1734 val·

277 1790 345 1860 lum
367 1817 417 1862 xu
434 1793 558 1888 pedum
579 1792 748 1862 exstruxit.
771 1793 857 1859 Huic
878 1789 1013 1860 loricam
1032 1791 1214 1883 pinnasque
1231 1785 1316 1878 adje-

277 1913 341 1995 cit,
362 1913 542 2005 grandibus
561 1912 665 1980 cervis
686 1910 907 1978 eminentibus
925 1910 967 1977 ad
988 1909 1220 1979 commissuras
1239 1902 1311 2000 piu·

277 2042 405 2098 tenram
432 2044 532 2122 atque
548 2031 690 2125 aggone,
710 2031 767 2123 qui
783 2031 953 2098 ascensum
971 2028 1116 2097 hostium
1134 2027 1313 2095 tardarent.

275 2149 319 2214 Et
336 2161 444 2222 turres
461 2163 531 2217 toto
547 2148 647 2243 opero
656 2147 896 2234 circumdedit,
912 2171 985 2240 quae
1005 2145 1104 2240 pedes
1122 2169 1211 2215 cxxx
1228 2147 1315 2214 inter

275 2291 310 2333 se
326 2266 496 2337 distarent.
918 2289 921 2296 ·

323 2390 477 2457 LXXIII.
497 2392 579 2458 Erat
598 2389 714 2460 codem
741 2405 891 2482 tempore
917 2402 952 2457 et
977 2387 1159 2473 materiari,
1188 2399 1223 2454 et
1247 2387 1315 2454 fru-

274 2508 429 2591 mentari,
453 2522 487 2576 et
509 2523 616 2577 tantas
643 2511 841 2578 munitiones
867 2505 939 2577 fieri
964 2531 1108 2593 necesse,
1136 2505 1315 2574 deminutis

273 2629 395 2698 nostris
412 2629 530 2722 copiis,
556 2653 629 2722 quae
648 2628 779 2724 longius
799 2632 840 2698 ab
856 2631 970 2698 castris
993 2626 1314 2723 progrediebantur3

207 2775 209 2778 ·
272 2771 311 2816 ac
328 2772 569 2840 nonnunquam
585 2771 685 2841 opera
704 2763 817 2817 nostra
834 2747 923 2819 Galli
938 2763 1081 2836 tentare,
1098 2762 1198 2841 atque
1216 2771 1314 2839 erup·

274 2867 397 2936 tionem
417 2893 457 2936 ex
472 2867 597 2961 oppido
612 2866 762 2962 pluribus
776 2849 880 2962 portis
896 2892 1026 2938 summa
1044 2869 1078 2935 vi
1095 2867 1201 2936 facere
1214 2889 1314 2934 cona·

272 2985 404 3056 bantur.
431 2991 545 3076 Quare
566 2988 607 3056 ad
632 2989 701 3056 haec
726 3011 840 3057 rursus
855 3013 966 3082 opera
990 2988 1181 3058 addendum
1202 2989 1314 3057 Caesar

272 3106 417 3196 putavit,
429 3131 497 3199 quo
513 3108 642 3175 minore
655 3131 794 3176 numero
807 3107 950 3177 miiitum
965 3109 1168 3179 munitiones
1181 3105 1313 3176 defendi

269 3238 416 3317 possent.
440 3227 556 3317 Itaque
585 3228 711 3296 truncis
724 3228 892 3316 „arborum
918 3241 977 3296 aut
1001 3227 1181 3296 admodum
1209 3227 1312 3297 firmis

271 3343 371 3412 ramis
392 3343 544 3433 abscisis,
566 3359 665 3439 atque
691 3346 812 3416 horum
832 3347 1001 3416 delibratis
1021 3362 1120 3442 atque
1140 3350 1312 3443 praeacutis

269 3464 518 3551 cacuminibus,
540 3479 707 3560 perpetua
724 3467 829 3556 fossa,
849 3456 968 3562 quinos
987 3468 1087 3562 pedes
1105 3467 1193 3556 altae,
1212 3467 1312 3537 duce·

268 3583 404 3652 bantur.
420 3586 495 3652 Huc
518 3582 565 3652 itti
581 3586 710 3678 stipites
731 3587 879 3675 demissi,
902 3603 935 3656 et
956 3588 997 3658 ab
1018 3589 1133 3658 infimo
1155 3589 1312 3675 revincti,

155 3748 157 3755 ι
271 3727 312 3772 ne
337 3701 450 3772 revelli
480 3719 627 3797 possent,
651 3706 692 3772 ab
723 3708 822 3775 ramis
850 3708 1051 3776 eminebant.
1078 3709 1184 3796 Quini
1215 3717 1312 3778 erant

268 3822 416 3906 ordines,
436 3823 606 3916 conjuncti
624 3824 711 3894 inter
729 3851 763 3894 se
782 3841 882 3918 atque
901 3825 1077 3920 implicati,
1095 3853 1162 3922 quo
1181 3811 1239 3921 qui
1259 3829 1311 3897 in·

268 3956 451 4029 trarerant,
469 3943 573 4039 seipsi
587 3946 784 4014 acutissimis
798 3946 892 4016 vallis
907 3947 1090 4018 induebant
1104 3977 1112 4017 :
1125 3950 1185 4020 hos
1196 3953 1312 4046 cippos
