3048 4770
229 355 1260 402 mwawmmmmmwwwumummmmmmswnu

441 627 497 733 C.
523 543 710 736 JULIl
738 630 1046 736 CAESARIS

292 945 1196 1090 COMMENTARIORUM

460 1292 538 1376 DE
566 1293 746 1380 BELLO
770 1295 1011 1381 GALLICO

524 1635 527 1640 .
557 1585 685 1652 LlBER
710 1582 947 1655 SECUNDUS.

639 1915 858 1935 ----··*·-

225 2188 252 2255 1.
281 2131 422 2290 Quum
433 2200 517 2255 esset
529 2187 637 2258 Caesar
655 2190 690 2254 in
705 2184 854 2255 citeriore
867 2183 978 2256 Gallia
993 2187 1027 2254 in
1042 2187 1204 2276 hibernis,
1217 2189 1264 2257 ita

226 2307 276 2374 uti
295 2331 395 2400 supra
414 2305 725 2388 demonstravimus,
743 2305 849 2373 crebri
866 2303 908 2374 ad
926 2330 1001 2374 eum
1023 2325 1172 2376 rumores
1189 2305 1265 2375 affe·

225 2425 400 2512 rebantur,
420 2425 604 2518 litterisque
621 2425 700 2493 item
719 2423 857 2493 Labieni
875 2426 998 2493 certior
1013 2423 1128 2513 fiebat,
1149 2447 1264 2493 omnes

226 2542 359 2638 Belgas,
389 2570 490 2638 quarn
519 2546 651 2614 tertiam
675 2567 744 2612 esse
770 2541 886 2612 Galliae
907 2557 1033 2636 partem
1058 2543 1264 2628 dixeramus,

225 2677 342 2731 contra
362 2663 524 2758 populum
550 2687 725 2732 romanum
747 2664 936 2755 conjurare,
962 2659 1157 2753 obsidesque
1178 2661 1265 2730 inter

225 2807 260 2850 se
287 2781 379 2868 dare3
403 2781 598 2876 conjurandi
625 2781 684 2850 has
711 2805 780 2850 csse
807 2803 920 2848 causas
948 2804 956 2846 ε
986 2779 1145 2872 primum,
1175 2781 1265 2874 quod

225 2916 436 2988 vererentur,
460 2926 520 2990 ne,
543 2903 634 2970 omni
663 2915 779 2994 pacata
802 2897 924 2987 Gallia,
954 2897 996 2966 ad
1021 2923 1076 2966 eos
1103 2903 1265 2973 exercitus

227 3034 339 3089 noster
364 3020 597 3106 adduceretur3
622 3017 756 3106 deinde,
783 3017 873 3112 quod
895 3019 935 3086 ab
963 3017 1129 3087 nonnullis
1159 3019 1265 3089 Gallis

227 3137 502 3226 sollicitarentur,
517 3141 639 3233 partim
655 3138 728 3231 qui,
743 3151 781 3206 ut
795 3143 981 3210 Germanos
998 3137 1124 3207 diutius
1138 3139 1173 3205 in
1189 3137 1265 3206 Gal·

225 3256 270 3326 lia
292 3259 415 3328 versari
438 3257 629 3345 noluerant,
647 3257 694 3326 ita
718 3254 831 3349 populi
852 3257 980 3328 romani
1001 3260 1181 3327 exercitum
1198 3256 1265 3324 hie-

224 3402 316 3446 mare
345 3395 445 3470 atque
472 3379 707 3446 inveterascere
735 3377 770 3444 in
798 3373 908 3444 Gallia
934 3377 1069 3447 moleste
1094 3377 1263 3462 ferebant;

225 3496 346 3590 partim
372 3497 430 3589 qui
452 3493 635 3564 mobilitate
658 3508 692 3565 ct
713 3493 848 3564 levitate
869 3497 970 3564 animi
998 3498 1093 3564 novis
1117 3497 1263 3588 imperiis

226 3615 404 3686 studebant
422 3641 430 3684 ε
449 3617 490 3685 ab
507 3613 674 3686 nonnullis
688 3617 803 3705 etiarn,
824 3616 914 3711 quod
931 3618 966 3684 in
982 3612 1092 3685 Gallie
1108 3641 1128 3682 a
1145 3628 1263 3707 poten·

229 3736 385 3825 tioribus,
406 3753 504 3831 atque
529 3737 579 3806 his
598 3739 656 3830 qui
680 3737 723 3807 ad
744 3735 976 3806 conducendos
995 3734 1145 3802 homines
1162 3731 1263 3800 facul·

227 3870 309 3925 tates
331 3857 514 3944 habebant,
535 3855 636 3951 vulgo
660 3881 762 3952 regne
784 3856 1049 3949 occupabantur,
1073 3852 1130 3946 qui
1154 3851 1263 3920 minus

228 3973 323 4044 facile
353 4001 425 4045 eam
453 4001 522 4044 rem
553 3977 587 4043 in
618 3978 757 4069 imperio
784 3990 896 4046 nostro
921 3974 1076 4066 consequi
1098 3986 1262 4067 poterunt.
