3038 4766
497 393 548 448 nn
569 390 694 447 annno
714 391 831 448 cutm
851 392 921 448 un.
940 391 993 448 ιιι.
1099 409 1100 414 ¹
1226 414 1264 470 99

232 519 350 586 tiniurn
374 514 517 610 legatum
538 515 580 584 ad
599 515 706 609 ripam
728 516 833 609 ipsam
854 514 1016 604 fluminis,
1033 518 1091 609 qui
1115 541 1170 604 ea,
1190 543 1264 612 qnae
1350 504 1353 514 ⁹

232 637 373 704 maxime
385 633 428 703 ad
442 657 554 728 pacem
567 635 731 727 pertinere
745 634 944 722 viderentur,
956 649 1083 728 ageret,
1101 649 1133 704 et
1149 637 1264 707 crebro

232 779 350 848 magna
367 777 447 822 voce
467 755 713 846 pronuntiaret,
730 753 912 823 «liceretne
927 755 1053 824 civibus
1068 754 1110 824 ad
1124 756 1209 824 cives
1224 755 1265 835 de

230 899 311 966 pace
330 873 397 942 duo
417 871 539 967 legatos
556 873 813 966 mittere,.quod
831 875 929 942 etiam
952 873 1099 966 fugitivis
1116 875 1158 943 ab
1177 875 1263 945 saltu

231 995 386 1085 Pyrenaeo
397 990 671 1085 praedonibusque
682 991 826 1064 licuisset
841 1019 849 1061 :
865 995 1062 1086 presertim,
1082 1009 1119 1062 ut
1136 993 1170 1062 id
1185 1019 1262 1088 age·

230 1125 321 1199 rent,
341 1135 383 1180 ne
402 1113 488 1191 cives
507 1086 733 1181 cum‘civthus
755 1115 854 1181 armis
880 1105 1107 1184 decertarent?
1122 1141 1137 1178 a
1154 1112 1262 1182 Multa

229 1229 420 1325 suppliciter
441 1230 569 1300 locutus
591 1245 657 1318 eat,
679 1245 716 1300 ut
737 1230 779 1300 de
796 1246 969 1325 sonatque
987 1233 1137 1304 onmium
1157 1230 1262 1302 salute

229 1350 390 1436 debebat,
408 1342 604 1443 silentioqffl
620 1349 662 1418 ab
680 1351 828 1444 utrisque
851 1349 1010 1421 militibus
1034 1351 1176 1420 auditus.
1196 1357 1262 1421 Re·

229 1494 386 1564 sponsum
406 1483 455 1562 est
471 1471 513 1538 ab
534 1468 637 1540 altera
657 1483 764 1564 parte,
781 1473 820 1557 A,
839 1473 1022 1543 Varronem
1039 1471 1209 1564 profiteri,
1227 1495 1262 1540 se

228 1585 330 1658 altera
343 1589 396 1658 die
412 1589 454 1658 ad
472 1587 672 1681 colloquium
687 1602 880 1674 venturum3
895 1603 993 1683 atque
1005 1613 1070 1658 utra
1087 1591 1186 1658 etiam
1203 1591 1260 1658 ubi

228 1710 383 1803 utrinque
402 1708 581 1778 admodum
602 1721 677 1778 tuto
700 1705 797 1801 legati
822 1709 953 1795 venire,
969 1721 1000 1776 et
1019 1731 1094 1801 quae
1118 1707 1258 1796 vellent,

227 1849 389 1922 exponere
405 1841 552 1921 possent,
569 1841 761 1918 certumque
778 1828 807 1894 ei
822 1827 869 1896 rei
886 1840 1016 1921 tempus
1035 1829 1257 1896 constituitur.

227 1949 305 2036 Quo
332 1971 436 2039 quum
456 1961 540 2014 esset
559 1959 691 2039 postero
713 1945 766 2014 die
788 1959 941 2032 ventum,
963 1969 1083 2040 magna
1105 1949 1260 2040 utrinque
1374 2007 1377 2012 .

227 2063 406 2134 multitudo
423 2065 590 2151 convenit3
608 2087 793 2159 magnaque
811 2079 880 2135 erat
891 2065 964 2156 'ejus
977 2065 1024 2132 rei
1042 2065 1258 2159 exspectatio,

227 2198 327 2277 atque
343 2185 490 2253 omnium
514 2184 633 2253 intenti
650 2185 753 2254 animi
773 2183 815 2252 ad
835 2208 947 2277 pacem
964 2208 1033 2253 esse
1050 2183 1257 2255 videbantur.

227 2305 302 2392 Qun
317 2329 356 2372 ex
371 2303 554 2397 frequentia
566 2307 605 2371 T.
619 2303 782 2372 Labienus
797 2303 922 2395 prodit,
934 2303 1259 2378 submissaoratiene

226 2422 318 2516 loqui
331 2422 372 2492 de
383 2447 484 2518 pace,
502 2437 600 2516 atque
617 2421 766 2491 altercari
780 2446 853 2490 cum
868 2423 1002 2491 Vatinio
1021 2425 1145 2517 incipit.
1165 2425 1259 2512 Quo·
1302 2487 1305 2496 .

227 2543 472 2612 rum·mediam
497 2545 678 2610 orationem
703 2543 951 2632 interrumpunt
979 2541 1125 2634 undique
1149 2543 1258 2615 subito

203 2638 291 2738 'tela
316 2663 477 2744 immissa,
497 2683 571 2752 quae
596 2658 650 2726 ille
667 2658 818 2727 obtectus
842 2661 941 2726 armis
964 2657 1107 2728 militum
1131 2663 1257 2730 vitavit.

226 2779 455 2852 Vulnerantur
472 2794 580 2855 tamen
593 2775 797 2871 complures3
816 2779 849 2844 in
868 2778 918 2844 his
933 2778 1106 2848 Cornelius
1122 2777 1257 2867 Balbus,

225 2903 274 2968 M.
296 2897 442 2985 Plotius,
465 2901 504 2966 L.
524 2897 695 2965 Tiburtius
719 2897 943 2982 centuriones,
966 2895 1151 2990 militesque
1175 2919 1258 2968 non-

228 3016 322 3087 nulli.
345 3020 431 3086 Tum
450 3014 640 3086 Labienus:
659 3017 834 3114 «Desipite
853 3041 933 3110 ergo
955 3016 996 3084 de
1022 3017 1258 3111 compositione

226 3134 318 3229 loqui
339 3159 442 3205 :nam
463 3135 580 3222 nobis,
601 3136 663 3204 nisi
686 3137 824 3204 Caesaris
840 3138 947 3230 capite
967 3134 1086 3222 relato,
1105 3161 1170 3231 pax
1189 3163 1258 3208 esse

226 3253 316 3324 nulla
335 3270 483 3350 potest.»
1171 3302 1176 3311 ·

274 3379 348 3445 XX.
367 3375 488 3445 Iisdem
504 3376 705 3469 temporibus
724 3379 837 3444 Roma
849 3378 896 3445 M.
914 3374 1037 3445 Coelius
1055 3376 1162 3446 Rufus
1178 3402 1258 3471 prae·

225 3508 288 3583 tor,
307 3519 405 3568 causa
421 3485 610 3564 debitorum
626 3509 794 3589 suscepta,
812 3497 908 3565 initio
924 3499 1135 3590 magistratus
1152 3498 1256 3567 tribu-

224 3615 279 3685 nal
296 3641 393 3689 suum
407 3617 501 3710 juxta
522 3619 559 3686 C.
578 3616 735 3685 Trebonii
753 3617 903 3708 praetoris
921 3616 1039 3685 urbani
1056 3616 1167 3685 sellam
1185 3616 1256 3686 col·

224 3733 369 3820 locarit3
401 3752 434 3808 at
462 3739 490 3805 si
519 3738 593 3829 quis
622 3735 815 3830 appellasset
845 3733 1130 3807 de.aestimatione
1155 3752 1189 3805 et
1216 3736 1258 3806 de
1313 3721 1316 3730 ¹

226 3852 465 3942 solutionibus,
485 3881 558 3948 quoe
579 3881 636 3949 per
649 3856 823 3925 arbitrium
846 3854 978 3941 fierent,
999 3870 1036 3925 ut
1053 3859 1164 3926 Ceasar
1177 3883 1256 3952 prae·

223 3997 297 4041 sens
322 3977 554 4064 constituerat,
577 3976 647 4045 sore
669 3974 791 4046 auxilio
816 3975 1040 4069 pollicebatur.
1068 3978 1133 4047 Sed
1159 3977 1257 4046 fiebat

1093 4109 1124 4180 7.
