3050 4772
251 397 306 457 156
405 399 436 452 C.
457 396 555 451 JULII
578 393 741 450 CAESARIS
762 385 1129 446 COMMENTARIORUM

250 525 311 591 tati
331 520 456 616 praeda,
477 516 822 614 longius-procedunt.
844 515 921 582 Non
939 513 1000 579 hos
1017 510 1128 604 palus,
1149 511 1184 578 in
1201 509 1289 580 bello

249 640 494 732 latrociniisque
510 654 623 722 natos,
642 661 709 704 non
730 633 819 704 silva
838 647 1013 702 morantur
1030 658 1041 698 :¹
1052 631 1173 724 quibus
1192 631 1225 699 in
1243 629 1292 698 lo·

249 763 295 828 cis
307 762 350 828 sit
375 764 502 846 Caesar,
525 783 564 826 ex
589 758 728 852 captivis
753 768 920 849 quaerunt3
946 751 1134 846 profectum
1160 749 1291 844 longius

249 881 433 973 reperiunt,
452 901 651 971 omnemque
670 876 851 944 exercitum
869 872 1054 942 discessisse
1073 884 1289 966 cognoscunt.

256 1000 362 1092 Atque
382 1023 469 1066 unus
487 1023 527 1065 ex
542 997 695 1090 captivis,
712 1025 729 1060 a
744 993 838 1084 Quid
856 1017 930 1078 vos,
949 992 1072 1085 inquit,
1088 991 1174 1058 hauc
1191 990 1291 1057 mise·

251 1141 376 1185 ramae
393 1131 525 1186 tenuem
539 1117 710 1186 sectamini
727 1113 886 1210 praedam,
902 1111 1023 1206 quibus
1041 1109 1120 1178 licet
1136 1109 1208 1202 jam
1223 1133 1295 1178 esse.

251 1235 539 1306 fortunatissimis?
561 1237 681 1306 Tribus
698 1237 789 1304 horis
811 1233 1019 1304 Aduatucam
1047 1231 1160 1298 venire
1181 1243 1297 1323 potes-¹

252 1356 294 1423 tis
310 1380 318 1422 :
339 1355 406 1450 buc
419 1380 533 1425 omnes
547 1380 622 1424 suas
637 1355 785 1426 fortunas
799 1354 960 1422 exercitus
972 1355 1202 1420 Romanorum
1216 1372 1292 1415 con·

253 1473 358 1542 tulit:
379 1474 668 1569 prasidiitantum
692 1488 755 1562 est,
779 1488 817 1543 ut
844 1498 886 1559 ne
907 1495 1023 1540 murus
1043 1467 1179 1562 quidem
1204 1467 1292 1560 cingi
1399 1455 1402 1465 ’

253 1594 370 1687 possit,
400 1619 507 1688 neque
540 1596 714 1688 quisquam
745 1591 858 1688 egredi
882 1606 977 1660 extra
1002 1589 1203 1658 munitiones
1233 1609 1293 1654 au-

254 1712 339 1782 deat.
354 1743 371 1779 u
388 1712 510 1784 Oblata
521 1739 593 1809 spe,
607 1713 785 1800 Germani,
801 1735 903 1805 quam
918 1709 1008 1778 nacti
1021 1723 1117 1778 erant
1132 1703 1293 1801 praedam,

254 1833 289 1899 in
302 1832 437 1908 occulto
457 1831 668 1926 relinquunt;
688 1833 752 1926 ipsi
771 1830 978 1901 Aduatucam
997 1826 1220 1910 contendunt,
1241 1823 1292 1891 usi

255 1949 368 2018 eodem
387 1952 485 2038 duce,
502 1952 595 2044 cujus
613 1955 680 2022 haec
694 1950 817 2018 indicio
829 1927 1064 2045 cognoverant.
1154 2009 1155 2012 ,

301 2071 457 2150 XXXVI.
474 2071 608 2158 Cicero,
628 2071 685 2164 qui
705 2094 764 2163 per
783 2094 898 2140 omnes
913 2071 1099 2163 superiores
1118 2067 1187 2134 dies
1207 2090 1291 2157 prae-

255 2188 359 2280 ceptis
376 2190 658 2258 Caesaris-summa
674 2187 844 2284 diligentia
862 2188 981 2257 milites
998 2191 1032 2256 in
1051 2188 1167 2256 castris
1182 2187 1290 2254 conti·

255 2309 394 2396 unisset,
409 2333 446 2376 ae
460 2332 502 2376 ne
514 2307 661 2378 calonem
676 2308 808 2403 quidem
819 2321 1123 2402 quemquamextra
1133 2306 1292 2373 munitio·

255 2449 331 2494 nem
345 2427 457 2521 egredi
473 2452 587 2521 passus
598 2441 696 2516 esset,
706 2431 847 2523 septimo
860 2428 912 2496 die
922 2426 1091 2514 diffidens,
1102 2426 1143 2494 de
1152 2450 1293 2494 numero

256 2545 383 2615 dierum
406 2549 566 2616 Cesaram
587 2547 687 2616 fidem
710 2563 932 2635 servaturum,
956 2545 1047 2640 quod
1068 2545 1199 2640 lougius
1216 2533 1292 2615 euni

255 2689 466 2759 progressum
482 2667 651 2753 audiebat,
669 2692 775 2761 neque
793 2667 861 2736 ulla
873 2667 914 2735 de
930 2668 1000 2760 ejus
1016 2665 1124 2735 reditu
1142 2666 1230 2735 fama
1244 2669 1293 2736 af·

255 2784 436 2871 ferebatur,
449 2785 547 2855 simul
562 2811 678 2856 eorum
696 2800 866 2881 permotus
888 2789 1037 2874 vocibus,
1054 2787 1111 2882 qui
1130 2787 1218 2856 illius
1236 2813 1294 2882 pa·

255 2905 403 2974 tientiam
424 2931 517 3001 paene
547 2908 770 2977 obcessionem
791 2907 1014 3003 appellabant,
1040 2910 1068 2978 si
1091 2909 1226 3004 quidem
1253 2932 1293 2976 ex

255 3027 370 3092 rastiis
387 3026 499 3119 egredi
515 3052 582 3094 non
605 3027 719 3097 liceret
743 3079 751 3116 ,
770 3026 898 3098 nullum
919 3029 1081 3122 ejusmodi
1107 3053 1220 3099 casum
1240 3053 1294 3096 ex·

255 3156 421 3237 spectans,
447 3169 533 3238 quo,
556 3173 675 3218 novem
695 3151 854 3242 oppositis
875 3146 1060 3242 legionibus
1082 3151 1294 3242 maximoque

255 3265 422 3358 equitatu,
441 3264 595 3360 dispersis
612 3295 650 3338 ac
669 3295 760 3364 paene
776 3269 891 3339 deletis
908 3269 1074 3354 hostibus,
1094 3269 1129 3335 in
1146 3267 1293 3337 millibus

255 3410 411 3480 passuum
431 3411 471 3456 ιιι
490 3387 613 3456 offendi
632 3404 756 3484 posset,
776 3391 923 3483 quinque
943 3389 1095 3457 cohortes
1113 3388 1294 3457 frumenta-

190 3533 193 3538 ·
257 3521 329 3575 tum
344 3507 378 3574 in
394 3509 560 3600 proximas
574 3524 698 3602 segetes
714 3511 823 3596 misit,
838 3535 918 3604 quas
934 3511 1021 3578 inter
1036 3524 1069 3577 et
1084 3523 1192 3578 castra
1208 3531 1293 3576 unus

255 3629 393 3696 omnino
408 3625 502 3696 collis
519 3630 686 3697 intererat.
702 3629 898 3724 Complures
912 3633 1051 3700 erantin
1067 3632 1182 3700 castris
1195 3654 1235 3698 ex
1248 3628 1296 3697 le-

256 3749 408 3842 gionibus
427 3749 506 3842 aegri
529 3747 650 3834 relicti3
671 3774 711 3817 ex
736 3751 856 3842 quibus
877 3759 934 3844 qui
953 3751 1017 3819 hoc
1038 3752 1143 3844 spatio
1165 3749 1294 3818 dierum

254 3867 509 3956 convaluerant,
534 3869 665 3937 circiter
684 3893 747 3940 ccc
771 3871 832 3938 sub
860 3871 978 3940 vexillo
1000 3897 1065 3939 una
1085 3872 1264 3939 mittuntur
1287 3895 1293 3935 ;

257 4015 374 4082 magna
392 4004 549 4082 praeterea
566 3988 747 4061 multitudo
766 3991 936 4080 calonum,
955 4019 1074 4089 inagna
1094 3993 1142 4062 vis
1162 3993 1295 4086 jumen·
