3038 4766
484 347 535 402 na
555 345 677 402 annno
698 345 813 402 cavus
833 346 902 402 us.
922 348 972 404 111.
1197 345 1235 420 9⁵

209 473 301 542 Orici
322 485 420 566 atque
439 468 620 564 Apolloniae
645 483 762 564 gestae,
787 469 972 564 Dyrrachio
990 468 1128 559 timens,
1147 469 1235 540 dinr·

208 595 261 662 nis
283 616 322 662 eo
346 591 579 685 nocturnisque
602 591 774 660 itineribus
788 589 966 660 contendit.
984 591 1063 678 Quo
1082 591 1178 660 simul
1197 615 1235 664 ac

182 795 188 802 ι
208 715 318 782 Cesar
327 711 593 806 appropinquare
604 709 785 794 dicebatur,
796 723 907 780 tantus
919 725 1026 780 terror
1035 710 1150 782 incidit
1163 711 1235 803 ejus

208 833 380 916 exercitui,
396 829 485 925 qnod
502 853 684 926 properans
699 843 832 899 noctem
848 830 913 900 disi
928 833 1158 924 conjunxerat,
1175 855 1234 900 ne·

208 977 273 1046 que
284 953 347 1022 iter
358 953 594 1038 intermiserat,
612 964 649 1020 ut
667 973 758 1044 panc
774 973 888 1020 ornnes
902 951 938 1018 in
955 951 1056 1044 Epiro
1072 949 1236 1020 finitimis·
1354 970 1357 974 ·

209 1096 274 1165 que
288 1069 476 1166 regionibus
486 1071 581 1164 signa
597 1067 838 1164 relinquerent,
857 1067 1043 1163 complures
1059 1093 1151 1138 arma
1162 1094 1237 1166 pro-

207 1192 362 1285 jicerent,
381 1214 419 1261 ac
434 1189 517 1284 fuge
531 1188 635 1258 simile
654 1190 715 1258 iter
730 1188 906 1258 videretur.
924 1187 1002 1272 Sed,
1016 1213 1118 1282 quum
1131 1213 1236 1286 prope

209 1309 427 1404 Dyrrachium
442 1311 616 1403 Pompeius
631 1310 846 1392 constitisset,
862 1323 1032 1403 castraque
1044 1312 1160 1380 metari
1171 1311 1237 1403 jus·
1269 1290 1274 1299 Ι

211 1430 322 1516 sisset,
340 1430 514 1524 perterrito
529 1431 630 1506 etiam
649 1441 718 1498 tum
732 1429 891 1516 exercitu,
903 1429 1056 1522 princeps
1071 1429 1236 1499 Labienus

212 1549 378 1644 procedit,
392 1548 547 1642 juratque
561 1572 594 1617 se
607 1571 683 1616 eum
698 1571 767 1616 non
779 1547 1003 1635 deserturum,
1020 1547 1236 1640 eumdemque
1278 1554 1282 1562 '

211 1693 324 1740 casum
344 1669 554 1756 subiturum,
582 1691 821 1760 quemcumque
846 1667 876 1736 ci
900 1667 1033 1736 fortuna
1059 1667 1234 1739 tribuisset.

212 1791 283 1858 Hoc
310 1787 395 1858 idem
417 1785 535 1879 reliqui
557 1788 670 1879 jurant
696 1784 793 1880 legati
815 1811 823 1853 ε
845 1783 906 1854 bos
933 1785 1062 1854 tribuni
1092 1761 1237 1857 militurn¹

213 1908 485 2000 centurionesque
504 1920 698 1998 sequuntur,
722 1919 822 1997 atque
840 1905 926 1974 idem
948 1906 1057 1973 omnis
1077 1905 1238 1973 exercitus

210 2026 310 2119 jurat
327 2028 446 2111 Caescr,
462 2039 690 2119 praeoccupato
707 2025 821 2092 itinere
832 2025 873 2094 ad
886 2023 1120 2117 Dyrrachium,
1139 2023 1239 2093 fincm

215 2144 414 2239 properandi
421 2144 513 2232 facit,
522 2157 695 2236 castraque
701 2142 744 2211 ad
754 2142 874 2212 flumen
888 2139 1015 2237 Apsum
1024 2145 1118 2236 ponit
1128 2143 1241 2212 inlini·

213 2265 276 2332 bus
284 2263 556 2358 Apolloniatium,
569 2279 606 2333 ut
617 2261 737 2358 vigiliis
747 2261 949 2356 castellisque
963 2263 1046 2332 beno
1060 2266 1182 2334 meritae
1192 2267 1239 2334 ci·

215 2383 330 2454 vitares
346 2397 424 2454 tutte
437 2399 544 2454 essent
559 2382 729 2478 praesidi03
746 2383 856 2475 ibique
873 2381 1074 2475 reliquarum
1090 2408 1130 2452 ex
1146 2382 1242 2454 Italia

215 2500 380 2598 legionum
398 2507 575 2576 adventum
594 2517 796 2596 exspectem,
813 2515 847 2574 et
863 2503 924 2570 sub
940 2502 1080 2596 pellibus
1097 2504 1241 2574 hiemare

216 2624 395 2692 constituit.
409 2623 482 2690 Hoc
493 2619 578 2690 idem
594 2621 767 2714 Pompeius
781 2618 876 2706 facit3
889 2634 922 2688 ct
936 2635 1026 2690 trans
1040 2622 1162 2692 flumen
1179 2626 1243 2718 Ap·

217 2765 289 2810 sum
301 2741 416 2834 positis
425 2741 539 2808 castris
549 2790 559 2821 ,
571 2763 611 2806 eo
624 2739 734 2833 copias
744 2761 858 2808 omnes
872 2739 1058 2834 auxiliaque
1073 2742 1242 2812 conduxit.
1266 2773 1272 2786 ¹

230 2889 233 2896 ’
265 2861 356 2929 XIV.
375 2857 538 2946 Calenus,
554 2846 757 2952 legionibus,
776 2858 1007 2953 equitibusque
1025 2860 1192 2932 brundisii
1208 2863 1242 2933 in

218 3003 316 3048 nares
333 2979 513 3073 impositis,
530 2992 569 3046 ut
582 2991 652 3046 erat
668 2991 865 3072 praeceptum
882 3002 901 3047 a
918 2979 1065 3068 Caesare,
1083 2996 1243 3074 quantum

219 3100 353 3167 narium
379 3096 565 3168 facultatem
591 3096 748 3186 babebat,
774 3089 872 3167 nares
899 3097 1015 3188 solvit,
1042 3100 1244 3197 paulumque

220 3241 409 3313 progressus
425 3243 445 3288 a
461 3233 576 3314 portu,
593 3217 717 3288 litteras
732 3241 753 3286 a
767 3220 895 3288 Cesare
910 3221 1045 3314 accipit,
1061 3223 1183 3315 quibus
1194 3240 1246 3294 est

219 3337 345 3408 certior.
354 3335 477 3425 lactus,
493 3351 610 3432 portus
623 3333 783 3431 litoraque
797 3339 908 3408 omnia
922 3337 1077 3410 classibus
1090 3342 1243 3413 adversa·

220 3460 346 3529 riorum
365 3461 479 3528 teneri.
498 3459 576 3547 Quo
592 3459 744 3553 cognito,
762 3481 796 3526 sc
817 3458 852 3526 in
875 3474 1010 3552 portum
1030 3462 1167 3555 recipit,
1186 3488 1245 3533 na·
1263 3495 1266 3502 ⁴

220 3603 341 3672 vesque
362 3601 478 3648 omnes
501 3591 644 3647 revocat.
667 3581 744 3648 Una
765 3601 803 3645 ex
829 3578 883 3667 iis,
913 3602 985 3671 quse
1009 3583 1245 3672 perseveravit,

182 3793 185 3800 Δ
221 3722 326 3791 neque
344 3693 481 3794 imperio'
499 3695 613 3769 Caleni
634 3697 886 3792 obtemperarit,
903 3697 993 3792 quod
1013 3713 1083 3767 erat
1101 3700 1171 3768 sine
1184 3703 1246 3769 mi·

221 3813 356 3921 litibus,
391 3819 586 3912 privatoque
623 3817 760 3890 consilio
797 3819 1105 3906 administrabatur,
1140 3818 1246 3890 delata

220 3933 377 4048 Qricuan,
398 3949 495 4030 atquc
518 3962 538 4007 a
560 3936 679 4008 Ribulo
703 3955 889 4035 expugnata
911 3954 961 4010 est
979 3965 988 4009 ε
1008 3940 1066 4033 qui
1084 3938 1126 4009 de
1145 3942 1247 4010 serris
