3042 4772
279 378 332 438 rda
429 369 460 424 C.
479 370 578 424 JULlI
598 369 761 426 CAESARIS
782 370 1149 429 commutatamoauu

275 497 403 564 hostem
415 495 589 586 jaceretur.
610 496 659 560 Ita
680 493 749 562 sine
776 492 924 587 periculo
945 493 1130 590 legionum,
1154 511 1187 565 ct
1215 511 1311 593 paene'

155 653 158 662 v
274 615 344 684 sinc
362 613 514 702 vulnere,
532 611 652 682 bellum
672 611 897 682 conficiemus.
916 613 956 682 Id
968 631 1079 692 autem
1095 614 1226 686 difficile
1238 643 1307 688 uon

275 751 343 818 est,
356 760 459 828 quum
477 749 606 803 tantum
623 733 771 824 equitatu
790 731 965 802 valeamus.
982 735 1116 804 »Simul
1137 736 1309 806 denuntia·

275 858 336 942 vit,
354 871 420 924 nut
439 867 549 923 essent
572 853 683 920 animo
700 853 805 944 parati
824 853 860 920 iu
877 869 1062 946 posterum3
1080 869 1129 940 et,
1149 857 1308 948 quoniam

274 975 368 1043 fieret
384 971 560 1042 dimicandi
580 985 742 1066 potestas,
761 985 798 1039 ut
820 996 903 1064 sape
921 972 1164 1066 cogitavissent,
1182 999 1225 1044 ne
1244 1001 1309 1045 usu

274 1097 439 1184 manuque
457 1090 659 1184 reliquorum
679 1090 869 1184 opinionem
888 1089 1078 1160 fallerent.»

322 1215 524 1281 LXXXVII.
545 1215 641 1279 Hunc
666 1209 832 1279 Labienus
850 1211 992 1304 excepit3
1008 1225 1057 1298 et,
1077 1236 1179 1305 quum
1199 1215 1308 1283 Caesa-

274 1332 443 1424 riscopias
470 1329 669 1422 despiceret,
689 1327 836 1422 Pompeii
858 1327 1030 1398 consilium
1051 1333 1186 1400 summis
1204 1330 1309 1401 laudi·

274 1451 335 1518 bus
351 1449 504 1518 efferret:
524 1477 541 1514 a
557 1447 654 1533 Noli,
674 1449 796 1542 inquit,
815 1449 1014 1536 existimare,
1031 1453 1199 1544 Pompeii,
1218 1451 1309 1522 hunc

274 1593 343 1640 esse
371 1569 567 1654 exercitum,
589 1569 649 1663 qui
676 1566 818 1637 Galliam
843 1570 1120 1662 Germaniamque
1138 1571 1304 1640 devicerit.

275 1690 438 1758 Omnibus
452 1687 584 1757 interfui
600 1685 743 1782 proeliis;
760 1711 867 1780 neque
883 1701 1003 1758 temere
1019 1690 1220 1782 incognitam
1237 1717 1304 1760 rem

275 1809 648 1901 prenunciasti-exigua
659 1833 734 1901 pars
745 1806 830 1878 illius
839 1808 1000 1876 exercitus
1011 1823 1174 1900 superest:
1186 1833 1306 1904 magna

275 1951 349 2020 pars
377 1927 536 2022 deperiit,
555 1926 645 2019 quod
671 1925 817 1994 accidere
840 1940 889 1992 tot
913 1923 1034 2018 proeliis
1062 1926 1124 1994 tuit
1141 1952 1303 1998 necesse:
1404 1919 1409 1926 ’

274 2043 395 2113 multos
422 2047 572 2114 autumni
596 2043 782 2137 pestilentia
809 2045 846 2112 iu
867 2043 961 2112 Italia
973 2049 1191 2139 consumpsit,
1212 2047 1304 2116 multi

274 2163 408 2234 domum
426 2162 663 2250 discesserunt,
678 2161 860 2232 multisunt
876 2161 979 2232 relicti
994 2165 1029 2231 in
1044 2167 1237 2235 continenti.
1251 2173 1304 2237 An

274 2307 341 2352 non
367 2281 565 2366 exaudistis,
585 2307 625 2350 ex
650 2282 707 2369 iis,
725 2282 781 2374 qui
809 2305 1012 2376 percausam
1035 2281 1230 2354 valetudinis
1255 2269 1315 2355 re-‘

274 2416 486 2486 manserunt,
514 2402 665 2470 cohortes
684 2424 754 2470 esse
772 2400 936 2470 Brundisii
957 2399 1080 2470 lactas?
1107 2407 1166 2471 Hc
1188 2407 1303 2498 copiae,

274 2545 355 2614 quas
371 2521 505 2604 videtis,
525 2544 564 2588 ex
579 2518 751 2588 dilectibus
769 2520 887 2588 horum
910 2544 1072 2589 annorum
1091 2523 1126 2590 in
1144 2523 1304 2592 Citeriore

273 2639 383 2712 Gallia
398 2655 475 2708 sunt
496 2639 639 2724 refectas,
666 2653 700 2706 et
718 2635 866 2731 plerique
887 2653 964 2708 sunt
984 2664 1024 2708 ex
1043 2639 1179 2710 coloniis
1199 2657 1303 2712 trans-

156 2834 159 2844 ,
274 2760 410 2856 padanis
441 2783 449 2827 :
472 2773 632 2846 attamen,
659 2757 749 2851 quod
771 2758 835 2827 Iuit
855 2757 1000 2846 roboris,
1022 2759 1151 2830 duobus
1184 2760 1304 2856 proeliis

274 2880 479 2974 dyrraclrinis
498 2880 633 2948 interiit.
651 2907 668 2942 r
686 2882 763 2948 Haec
780 2903 883 2972 quum
898 2877 1050 2968 dixisset,
1069 2881 1206 2974 juravit,
1225 2911 1242 2946 n
1254 2907 1303 2968 se,

274 3002 335 3071 nisi
365 3001 538 3085 victorem,
562 3000 597 3067 in
610 3013 716 3066 castra
740 3021 807 3066 non
833 3021 1055 3086 reversurum
1078 2999 1304 3096 reliquosque,

274 3133 311 3188 ut
328 3118 414 3187 idem
433 3115 595 3205 facerent,
616 3117 766 3186 hortatus
779 3131 850 3186 est.
873 3121 941 3184 llos
959 3115 1096 3186 laudans
1113 3123 1305 3216 Pompeius,

274 3236 360 3306 Idem
375 3237 526 3329 juravit:
552 3261 613 3307 uec
629 3259 706 3308 vero
730 3260 769 3304 ex
786 3234 920 3330 reliquis
943 3229 1006 3306 fuit'
1030 3237 1222 3329 quisquam,
1248 3242 1304 3332 qui

270 3356 383 3448 jurare
404 3355 577 3424 dubitaret.
600 3357 678 3424 ttaeo
706 3379 809 3448 quum
839 3354 924 3424 lacta
950 3369 1059 3422 essent
1087 3341 1120 3422 in'
1148 3353 1302 3440 consilio,

274 3497 394 3569 magna
418 3497 476 3568 spe
505 3489 539 3544 ct
559 3472 670 3544 latitia
691 3475 841 3544 omnium
863 3471 1040 3540 discessum
1063 3487 1112 3540 est
1137 3495 1145 3538 :
1172 3496 1211 3540 ac
1233 3472 1302 3563 jam

274 3596 385 3666 animo
408 3595 579 3664 victoriam
603 3594 852 3689 praecipiebant,
869 3589 960 3682 quod
977 3589 1019 3656 de
1040 3613 1077 3657 re
1093 3603 1204 3675 tanta,
1226 3605 1260 3660 et
1282 3615 1304 3660 a

275 3727 341 3782 tarn
367 3716 473 3808 perito
496 3716 715 3808 imperatore,
740 3708 822 3780 nihil
846 3709 967 3777 frustra
993 3707 1184 3778 confirmari
1210 3710 1303 3779 vide·

273 3831 380 3902 batur.

258 4025 261 4036 ι
322 3952 542 4024 LXXXVIII.
557 3955 684 4036 Cesar,
702 3973 805 4044 quum
823 3950 972 4044 Pompeii
991 3950 1106 4020 castris
1123 3950 1304 4044 appropin-
