3038 4766
305 350 359 405 126
456 346 485 401 C.
505 345 602 400 JULIl
621 343 786 400 CAESARIS
808 343 1172 400 COMMENTARIORUM

301 471 484 565 perioribus
507 469 622 538 diebus
643 470 760 538 timeus
779 471 909 551 Caesar,
934 493 976 536 ue
999 470 1137 538 navibus
1159 473 1262 540 nostri
1276 473 1341 542 eir-

301 593 587 676 cumvcnireutur,
608 588 771 682 duplicem
786 612 826 656 eo
847 587 920 656 loco
936 587 1056 656 fecerat
1073 586 1215 676 vallum,
1231 605 1289 678 ut,
1307 594 1338 660 si

299 712 435 804 ancipiti
459 707 573 803 proelio
595 708 820 792 dimicaretur,
837 722 945 802 posset
965 708 1082 776 resisti.
1103 707 1168 776 Sed
1197 731 1338 803 operum

301 826 510 923 tnagnitudo,
535 843 568 896 et
590 829 762 896 continens
782 828 932 894 omniurn
954 825 1081 894 dierum
1106 824 1215 912 labor,
1245 829 1339 922 quod

298 947 400 1018 millia
429 973 584 1043 passuum
612 949 645 1015 in
673 948 814 1016 circuitu
839 971 926 1018 xvrrt
949 946 1132 1016 munitione
1154 965 1224 1017 erat
1247 974 1338 1018 com·

298 1067 432 1162 plexus,
464 1066 652 1162 perficiendi
679 1067 820 1159 spatium
846 1090 914 1134 nou
942 1064 1051 1133 dabat.
1076 1068 1192 1158 Itaque
1219 1085 1337 1138 contra

299 1212 389 1257 mare
408 1202 631 1256 transversum
646 1183 782 1265 vallum,
797 1187 855 1278 qui
872 1185 931 1253 bas
942 1182 1024 1253 duas
1035 1187 1235 1256 munitiones
1254 1214 1333 1258 con·

299 1307 463 1401 tingeret,
485 1305 633 1374 nondum
659 1304 850 1398 perfecerat.
869 1305 952 1393 Quae
976 1329 1029 1372 res
1058 1321 1136 1374 nota
1154 1321 1225 1374 erat
1240 1311 1336 1376 Pom·
1407 1312 1413 1322 “

225 1492 230 1504 ,
298 1426 393 1519 peio,
419 1423 526 1493 delata
549 1449 607 1517 per
625 1423 817 1518 Allobroges
840 1423 1007 1517 perfugas,
1026 1448 1249 1518 magnumque
1277 1454 1337 1496 no-

298 1547 374 1615 stris
387 1544 498 1614 attulit
515 1544 770 1613 incommodum.
790 1545 892 1628 Nam,
910 1558 952 1612 ut
969 1542 1011 1612 ad
1033 1569 1124 1612 mare
1144 1561 1262 1615 uostrae
1279 1573 1336 1615 co-

297 1665 409 1738 hortes
442 1689 536 1734 nonae
570 1662 707 1758 legionis
749 1663 989 1748 excubuerant,
1019 1686 1191 1742 ¹accessere
1224 1665 1336 1734 subito

298 1788 404 1880 prima
425 1783 498 1854 luce
524 1784 715 1878 Pompeiani
734 1784 913 1869 exercitus,
939 1806 1110 1874 novusque
1139 1807 1254 1852 eorum
1277 1785 1337 1852 ad·

300 1919 416 1973 ventus
432 1905 575 1990 exstitit,
596 1902 693 1972 simul
712 1927 752 1970 ex
778 1902 915 1970 navibus
932 1902 1140 1970 circumvecti
1159 1902 1277 1972 milites
1298 1906 1336 1974 in

299 2025 494 2092 exteriorem
516 2021 635 2092 vallum
656 2020 718 2090 tela
731 2021 912 2115 jaciebant,
931 2021 1088 2118 fossaeque
1108 2047 1226 2117 aggere
1241 2019 1336 2092 'com-

299 2141 476 2237 plebantur
495 2168 503 2209 :
521 2157 554 2210 et
571 2141 761 2235 legionarii,
787 2143 951 2210 interioris
977 2143 1171 2210 munitionis
1187 2142 1335 2212 defenso·

299 2287 366 2347 res,
382 2262 475 2331 scalis
496 2261 652 2348 admotis,
679 2262 853 2330 tormentis
871 2261 1031 2354 cujusque
1050 2263 1177 2355 generis
1197 2261 1335 2356 telisque

299 2382 479 2468 terrebanu
500 2403 682 2476 magnaque
701 2378 880 2448 multitudo
902 2381 1145 2473 sagittariorum
1174 2382 1216 2449 ab
1246 2397 1336 2450 utra·

297 2526 362 2594 que
375 2515 468 2594 parte
489 2498 823 2568 circumfundebatur.
842 2498 988 2568 Multum
1011 2513 1120 2567 autem
1147 2501 1189 2568 ab
1209 2503 1275 2570 ictu
1291 2499 1334 2570 la-

297 2620 430 2714 pidum,
448 2618 538 2713 quod
561 2644 662 2687 unum
693 2620 813 2688 nostris
840 2632 912 2688 erat
935 2616 1053 2706 telum,
1083 2621 1224 2688 viminea
1255 2624 1331 2714 tegi·

296 2753 402 2808 menta
423 2737 523 2834 galeis
542 2739 693 2831 imposita
714 2736 942 2807 defendebant.
963 2743 1096 2832 Itaque,
1111 2749 1214 2832 'quum
1231 2740 1332 2806 omui·

296 2859 356 2927 bus
376 2859 474 2928 rebus
495 2858 599 2928 nostri
619 2873 862 2952 premerentur,
889 2873 986 2952 atque
1014 2883 1100 2952 aegre
1124 2859 1331 2943 resisterent,

295 2977 557 3052 animadversum
586 2991 635 3045 est
659 2977 776 3045 vitium
800 2978 1007 3060 munitionis,
1037 2976 1126 3071 quod
1152 3003 1252 3071 supra
1281 2976 1332 3044 de-

296 3111 515 3170 monstratum
529 3110 597 3180 est,
615 3109 712 3188 atque
727 3097 812 3164 inter
827 3094 910 3164 duos
929 3094 1045 3184 vallos,
1061 3121 1128 3189 qua
1146 3096 1329 3191 perfectum

294 3238 378 3304 opus
406 3239 473 3282 nou
498 3229 587 3300 erat,
610 3240 668 3308 per
689 3240 778 3284 mare
798 3217 936 3286 navibus
960 3217 1099 3310 expositi
1123 3219 1156 3284 in
1178 3217 1330 3285 adversos

295 3345 423 3400 nostros
440 3333 601 3426 impetum
618 3334 782 3419 fecerunt,
809 3349 907 3428 atque
924 3359 962 3404 ex
983 3351 1123 3428 utraque
1146 3335 1330 3402 munitione

294 3449 437 3544 dejectos
454 3466 545 3546 terga
565 3467 692 3522 vertere
707 3469 898 3548 coegerunt.

342 3573 463 3642 LXIV.
491 3575 563 3642 Hoc
584 3571 729 3641 tumultu
750 3573 916 3658 nuntiato,
942 3568 1156 3640 Marcellinus
1176 3568 1328 3638 cohortes

294 3689 441 3761 subsidio
461 3692 580 3760 nostris
599 3689 824 3760 laborantibus
848 3689 1012 3757 submittit
1033 3712 1129 3780 :quae
1156 3689 1328 3772 ex,castris

294 3809 456 3903 fugientes
482 3812 693 3905 conspicatae,
721 3831 825 3900 neque
850 3805 922 3874 illos
950 3832 1009 3876 suo
1035 3805 1180 3876 adventu
1208 3808 1328 3878 confir·

293 3951 383 3996 mare
398 3943 593 4022 potuerunt,
610 3952 716 4019 neque
734 3928 813 4020 ipsae
827 3927 971 3996 hostium
990 3927 1150 4020 impetum
1168 3925 1325 3998 tulerunt.
