3086 4766
493 350 544 405 DE
565 351 684 408 BELLO
707 349 866 408 usfflco
887 351 955 406 Lnt.
973 351 1021 406 tv.
1236 347 1273 407 83

244 489 312 561 tur,
324 475 537 562 sustinerent,
552 475 661 568 quoad
680 477 749 569 ipse
760 499 836 545 cum
857 475 1002 545 exercitu
1019 477 1155 571 propius
1171 501 1276 547 acces·

242 595 345 664 sisset.

292 716 367 784 ΧΠ.
385 715 429 782 At
443 710 568 800 hostes,
586 714 640 782 ubi
655 715 798 805 primum
815 727 945 785 nostros
960 715 1085 806 equites
1099 738 1275 808 conspexe-

244 845 339 916 runt,
353 854 495 924 quorum
506 845 578 900 erat
590 834 738 926 quinque
750 830 891 904 millium
909 857 1080 920 numerus,
1097 858 1202 927 quum
1215 836 1277 929 ipsi

246 975 314 1019 non
327 948 468 1044 amplius
480 973 567 1020 noco
582 952 708 1044 equites
720 950 898 1039 haberent,
913 951 1002 1044 quod
1015 955 1053 1038 ii,
1066 953 1124 1046 qui
1134 952 1279 1028 frumen·

248 1069 338 1137 tandi
364 1093 462 1138 causa
486 1070 593 1138 ierant
619 1083 710 1138 trans
738 1073 884 1157 Mosam,
914 1071 1063 1155 nondum
1090 1069 1277 1174 redierant,

245 1187 329 1256 nihil
350 1189 541 1259 timentibus
561 1190 696 1278 uostris,
717 1189 807 1282 quod
826 1188 925 1286 legati
945 1213 1058 1276 eorum
1082 1188 1184 1283 paulo
1203 1206 1280 1262 ante

248 1309 412 1384 aCaesare
427 1305 656 1396 discesserant,
680 1322 780 1402 atque
802 1309 829 1377 is
850 1307 920 1376 dies
939 1307 1077 1378 induciis
1092 1323 1163 1378 erat
1175 1311 1216 1378 ab
1240 1311 1280 1396 iis

247 1427 386 1523 petitus,
404 1426 531 1519 impetu
548 1425 651 1512 iacto,
670 1425 820 1498 eeleriter
840 1441 971 1498 nostros
992 1428 1279 1521 perturbaverunt.

250 1549 376 1614 Rursus
395 1544 620 1613 resistentibus
636 1547 772 1633 nostris,
792 1545 1028 1615 eonsuetudine
1045 1571 1103 1617 sua
1120 1547 1161 1616 ad
1183 1545 1280 1640 pedes

250 1662 466 1751 desiluerunt,
485 1662 706 1756 subfossisque
724 1665 832 1756 equis,
855 1662 1144 1758 oompluribusque
1161 1665 1281 1734 uostris

251 1781 400 1877 dejectis,
420 1780 563 1876 reliquos
584 1784 618 1850 in
638 1781 750 1876 fugam
771 1783 1002 1875 conjecerunt,
1022 1795 1121 1874 atque
1142 1784 1186 1850 ita
1207 1807 1282 1876 per

253 1903 384 2010 terqitos
396 1915 551 1995 egerunt,
567 1915 685 1968 utnon
701 1901 793 1992 prius
808 1900 885 1994 fuga
900 1899 1110 1987 desisterent,
1129 1925 1228 1995 quarn
1248 1903 1282 1970 iu

253 2035 465 2116 conspectum
488 2017 626 2114 agminis
648 2021 751 2087 nostri
776 2021 952 2088 venissent.
975 2024 1015 2089 Iu
1039 2043 1079 2088 eo
1103 2011 1219 2113 proelio
1243 2046 1284 2090 ex

254 2141 419 2234 equitibus
435 2137 556 2207 uost'ris
573 2137 816 2206 interficiuntur
835 2153 917 2207 1vet
934 2163 1014 2225 nxx3
1031 2141 1065 2208 in
1083 2139 1134 2208 his
1149 2142 1201 2208 vir
1217 2140 1284 2209 for·

255 2260 399 2329 tissimus
422 2260 498 2327 Piso
522 2258 713 2351 aquitanus,
734 2253 935 2350 amplissimo
957 2281 1076 2352 genere
1096 2273 1208 2346 natus,
1226 2283 1284 2327 cu·

251 2380 305 2472 jus
328 2403 408 2448 avus
423 2379 457 2445 in
481 2377 613 2446 civitate
635 2400 694 2444 sua
713 2400 853 2470 regnum
874 2376 1080 2464 obtinuerat,
1101 2379 1225 2446 amicus
1245 2379 1285 2446 ab

255 2511 371 2566 senatu
390 2512 504 2566 nostro
520 2493 713 2589 appellatus.
732 2495 796 2566 Hic
813 2518 916 2587 quum
935 2495 1028 2565 fratri
1048 2494 1227 2565 intercluso
1245 2496 1287 2563 ab
1398 2585 1401 2592 γ

254 2616 404 2684 hostibus
421 2613 580 2683 auxilium
597 2614 712 2700 ferret,
729 2611 823 2682 illum
838 2639 882 2682 ex
896 2613 1042 2707 periculo
1057 2614 1201 2708 eripuit:
1219 2615 1288 2706 ipse

257 2758 344 2826 equo
357 2733 531 2802 vulnerato
550 2732 711 2826 dejectus,
730 2732 840 2826 quoad
856 2735 980 2828 potuit,
1001 2733 1177 2802 fortissime
1195 2735 1288 2802 resti·

259 2855 308 2922 tit.
331 2853 446 2940 Quum
462 2853 720 2938 circumventus,
734 2849 848 2920 multis
860 2849 1051 2920 vulneribus
1065 2853 1223 2946 acceptis,
1235 2877 1288 2922 ce-

257 2974 407 3060 cidisset,
423 2985 522 3064 atque
542 2969 578 3038 id
593 2969 713 3056 frater,
727 2972 783 3062 qui
794 2971 862 3063 jam
877 2969 993 3064 proelio
1006 2987 1202 3060 excesserat,
1217 2997 1289 3067 pro·

259 3092 312 3162 cul
335 3088 633 3177 animadvertisset,
659 3089 795 3158 incitato
819 3112 904 3182 equo
925 3111 960 3158 se
982 3089 1132 3160 hostibus
1153 3089 1290 3176 obtulit,

255 3226 358 3306 atque
375 3209 563 3279 interfectus
580 3223 638 3278 est.

306 3333 398 3399 XIII.
416 3334 487 3399 Hoc
503 3329 590 3397 sacto
608 3327 739 3422 proelio,
758 3328 866 3396 Caesar
880 3351 984 3421 neque
999 3331 1068 3423 jam
1085 3331 1147 3398 sibi
1167 3327 1292 3423 legatos

260 3449 458 3532 audiendos,
485 3473 594 3541 neque
615 3445 818 3516 oouditiones
841 3448 1046 3540 accipiendas
1069 3449 1293 3518 arbitrabatur
1350 3525 1352 3530 ¹

259 3571 301 3638 ab
318 3569 384 3656 his,
403 3568 459 3662 qui
480 3591 540 3660 per
559 3562 672 3636 dolum
686 3579 786 3660 atque
798 3565 948 3654 iusidias,
969 3567 1072 3660 petita
1087 3589 1186 3659 pace,
1203 3565 1294 3635 ultro

261 3685 384 3758 bellum
402 3685 608 3772 intulissent3
625 3698 813 3778 exspectare
827 3707 920 3770 vero,
936 3683 1015 3753 dum
1029 3685 1173 3754 hostium
1191 3686 1294 3776 copie

261 3819 475 3900 augerentur,
500 3806 732 3898 equitatusque
750 3817 987 3889 reverteretur,
1007 3827 1142 3874 summe
1161 3801 1295 3871 demeu-

264 3925 316 3994 tie
339 3948 408 3994 esse
436 3921 621 4017 judicabat,
650 3937 699 4010 et,
727 3923 857 4017 cognita
884 3918 1057 3991 Gallorum
1089 3919 1295 4009 infirmitate,

1118 4039 1151 4106 6.
