3060 4768
284 469 339 525 ψ
459 451 490 504 c.
510 449 606 503 sucu
626 447 790 504 cassare
811 447 1007 503 couneus.
1029 449 1139 502 menn

283 589 364 642 turae
388 571 490 640 millia
514 598 544 638 x.
571 576 643 640 Hoc
669 572 722 639 die
745 577 781 640 Α.
811 572 954 656 Baebius,
981 586 1015 639 et
1039 574 1077 641 C.
1105 570 1255 654 Flavius,
1279 585 1310 638 ct

282 698 323 763 Δ.
342 689 542 776 Trebellius,
566 692 690 783 equites
709 691 838 758 romani
863 704 1022 775 astenses,
1046 697 1183 782 argento
1207 713 1310 783 prope

282 813 359 880 tecti
375 811 499 903 equites
516 808 558 877 ad
572 812 731 878 Caesarem
745 809 1007 902 transfugerunt3
1024 809 1079 902 qui
1094 810 1310 894 nuntiarunt,

282 930 408 1022 equites
429 952 581 997 romanos
598 929 785 1020 conjurasse
801 952 933 1013 omncs,
953 929 1010 1021 qui
1030 929 1064 996 in
1083 929 1198 996 castris
1210 932 1309 997 Pom·

284 1050 349 1143 peii
366 1062 493 1131 essent,
513 1059 550 1115 ut
569 1047 795 1115 transitionem
814 1045 971 1132 facerent;
991 1047 1076 1114 servi
1098 1045 1219 1115 indicio
1236 1072 1310 1114 om·

285 1191 342 1235 nes
362 1169 395 1234 in
423 1165 605 1234 custodiam
635 1189 704 1234 esse
724 1168 905 1257 conjectos,
931 1165 1113 1257 equibus,
1140 1167 1311 1234 occasione

284 1299 398 1378 capta,
423 1308 457 1352 se
472 1283 693 1378 transfugisse.
711 1287 795 1353 Item
814 1286 878 1353 hoc
898 1284 951 1354 die
970 1284 1085 1352 litterae
1102 1299 1179 1353 sunt
1197 1284 1312 1377 depre-

284 1405 410 1488 hensae,
435 1426 516 1493 quas
536 1402 687 1472 mittebat
702 1405 885 1472 Ursaonem
904 1407 965 1472 Cn.
980 1405 1164 1498 Pompeius.
1182 1433 1199 1467 α
1215 1407 1249 1471 S.
1269 1405 1310 1470 V.

283 1525 326 1590 G.
350 1524 389 1589 E.
417 1522 459 1590 V.
481 1522 568 1606 Etsi,
585 1535 685 1614 prout
708 1536 818 1590 nostra
835 1521 989 1607 felicitas,
1007 1547 1047 1590 ex
1074 1523 1234 1590 sententia
1255 1520 1313 1590 ad·

285 1641 444 1709 versarios
472 1640 580 1708 adhuc
602 1639 774 1733 propulsos
800 1641 977 1727 habemus,
1003 1657 1131 1727 tamen,
1163 1641 1190 1708 si
1218 1664 1311 1732 aequo

284 1757 357 1827 loco
372 1760 422 1827 sui
436 1772 630 1851 potestatem
649 1757 813 1843 facerent,
831 1756 985 1844 celerius,
999 1783 1098 1850 quarn
1117 1773 1222 1826 restra
1239 1760 1312 1851 opi·

284 1879 340 1945 nio
358 1877 436 1961 fert,
448 1875 569 1946 bellum
584 1875 804 1944 confecissem.
816 1875 879 1942 Sed
894 1877 1071 1944 exercitum
1084 1878 1225 1944 tironem
1243 1901 1311 1944 non

284 1993 448 2062 audentin
459 2017 611 2086 campum
626 1990 803 2078 deducere,
820 1993 1005 2084 nostrisque
1023 1990 1131 2061 adhu'c
1143 1992 1217 2061 freti
1234 2019 1313 2087 prae-

284 2112 388 2195 sidiis,
406 2110 525 2178 bellurn
543 2109 667 2179 ducunt
686 2135 694 2176 ε
713 2134 788 2178 nam
807 2109 951 2204 singulas
970 2113 1118 2180 civitates
1137 2113 1314 2180 circumsc-

285 2232 420 2318 deruut3
441 2229 516 2298 inde
534 2231 803 2299 sibicommeatus
822 2233 966 2324 cupiunt.
987 2231 1099 2320 Quare
1115 2247 1148 2301 et
1163 2234 1312 2302 civitates

286 2363 472 2420 nostrarum
497 2349 641 2441 partium
661 2349 878 2432 conservabo,
898 2363 931 2418 et
955 2349 1078 2418 bellum
1105 2352 1211 2444 primo
1231 2377 1313 2444 quo·

284 2494 349 2562 que
366 2483 514 2562 tempore
527 2467 709 2538 conficiam.
724 2469 886 2562 Cohortes
903 2469 1060 2537 inanimo
1076 2470 1179 2538 habeo
1194 2469 1236 2538 ad
1253 2495 1312 2539 vos

285 2589 423 2656 mittere.
432 2586 584 2657 Profecto
593 2601 706 2657 nostro
721 2601 908 2656 commeatu
922 2588 1061 2680 privati,
1078 2589 1258 2658 necessario
1267 2589 1312 2657 ad

284 2705 505 2775 dimicandum
523 2705 766 2776 descendent.»

331 2829 471 2897 XXVII.
494 2827 683 2920 insequenti
703 2841 851 2920 tempore
874 2851 977 2919 quum
999 2829 1105 2896 nostri
1129 2843 1252 2897 temere
1275 2829 1310 2895 in

284 2971 382 3039 opere
393 2947 524 3015 distenti
539 2959 660 3032 essent,
678 2949 803 3038 equites
818 2947 853 3014 in
869 2945 1006 3024 oliveto,
1023 2947 1103 3015 dum
1124 2946 1310 3043 dignantur,

284 3064 446 3134 interiecti
463 3079 540 3133 suut
557 3063 692 3158 aliquot.
712 3064 804 3133 Servi
822 3065 1082 3160 transfugerunt,
1104 3069 1162 3160 qui
1179 3067 1312 3134 nuntia·

283 3197 419 3267 rerunt,
439 3209 469 3250 a.
486 3182 519 3250 d.
542 3206 583 3252 111
593 3207 759 3251 nonarum
782 3185 891 3252 martii
905 3183 1077 3277 proelium,
1095 3184 1137 3253 ad
1154 3185 1311 3254 Soritiam

283 3299 372 3394 quod
386 3300 510 3369 facturn
530 3315 596 3386 est,
614 3327 654 3369 ex
672 3321 714 3370 eo
733 3289 880 3394 tempore
897 3318 1023 3371 metum
1045 3327 1114 3372 csse
1136 3329 1312 3398 magnum,

283 3433 316 3488 et
333 3420 458 3489 Attium
489 3423 616 3490 Varum
635 3421 759 3488 circum
781 3419 912 3490 castella
932 3445 1077 3515 praeesse.
1104 3423 1231 3492 Eodem
1259 3422 1313 3492 die

282 3539 458 3632 Pompeius
486 3554 590 3608 castra
618 3541 735 3628 movit,
755 3553 789 3610 et
819 3557 934 3612 contra
952 3540 1111 3636 Hispalim
1133 3543 1167 3612 in
1189 3541 1312 3611 oliveto

284 3659 441 3728 constitit.
467 3663 575 3729 Caesar
599 3659 692 3751 prius
710 3683 807 3752 quam
824 3659 938 3728 eodem
954 3675 1003 3727 est
1019 3660 1204 3753 profectus,
1232 3661 1313 3731 luna

281 3777 363 3846 hora
377 3779 508 3848 circiter
520 3801 555 3846 vr
573 3780 643 3847 visa
659 3794 720 3847 est.
736 3780 788 3845 Ita
803 3779 916 3846 castris
933 3780 1029 3848 motis
1041 3781 1203 3866 Ucubim,
1215 3785 1316 3850 Pom·

282 3897 374 3991 peius
394 3896 606 3991 presidium,
630 3897 721 3990 quod
740 3893 892 3990 reliquit,
911 3898 1007 3991 jussit
1028 3899 1260 3988 incenderent,
1280 3917 1314 3970 et

282 4013 396 4086 deusto
404 4015 528 4112 oppido
547 4017 580 4085 in
601 4031 706 4086 castra
725 4017 849 4110 majora
865 4043 899 4088 se
914 4019 1105 4114 reciperent.
1122 4020 1314 4114 Insequenti
