3038 4766
299 366 353 421 130
454 367 484 420 C.
503 365 601 421 JULll
622 365 784 420 CAESARIS
805 365 1169 422 contusarnalonun

296 492 407 560 sistere
435 491 629 576 conabatur,
655 507 753 584 atque
777 489 863 558 ultro
888 493 922 558 in
943 507 1072 559 nostros
1099 493 1255 585 impetum
1278 494 1327 561 la'-

294 611 410 679 ciebat.
428 611 602 703 Equitatus
619 613 775 698 Caesaris,
793 610 883 704 quod
900 625 1039 704 angusto
1057 612 1173 679 itinere
1194 635 1253 704 per
1268 637 1328 707 ag·

296 755 389 823 geres
421 730 633 819 ascendebat,
663 734 808 825 receptui
837 755 896 799 suo
923 733 1056 816 timeas,
1081 730 1212 799 initium
1244 731 1328 826 ingae

295 850 443 918 faciebat.
470 854 632 918 Dextrum
661 875 783 937 cornu,
810 849 900 942 quod
926 865 996 918 erat
1020 875 1039 919 a
1065 851 1198 918 sinistro
1223 848 1328 920 seclu-

295 993 387 1058 sam,
406 983 531 1038 terrore
548 969 696 1062 equitum
724 967 966 1056 animadverso,
992 994 1035 1036 ne
1057 970 1145 1038 intra
1170 971 1328 1038 munitio·

296 1113 370 1158 nem
394 1090 652 1183 opprimeretur,
674 1113 712 1157 ea
730 1102 838 1182 parte,
857 1113 923 1181 qua
945 1104 1134 1181 prorueret,
1155 1113 1224 1158 sese
1244 1092 1328 1158 reci·

296 1208 424 1300 plebat,
443 1231 480 1276 ac
500 1207 647 1302 plerique
666 1233 705 1276 ex
728 1211 786 1294 iis,
812 1231 854 1275 ne
877 1210 910 1275 in
938 1210 1105 1302 angustias
1125 1209 1325 1296 inciderent,

295 1326 406 1394 decern
435 1329 557 1420 pedum
582 1329 775 1396 munitionis
803 1351 837 1395 se
861 1330 894 1395 in
923 1325 1023 1396 fossas
1050 1329 1327 1422 praecipitabant:

295 1447 474 1540 primisque
490 1447 669 1542 oppressis,
685 1446 803 1540 reliqui
819 1471 877 1540 per
896 1447 1014 1516 borum
1031 1471 1171 1541 corpora
1186 1445 1326 1516 salutem

295 1567 356 1634 sibi
391 1581 489 1660 atque
523 1568 649 1635 exitum
683 1567 863 1660 pariebant.
887 1567 1026 1636 Sinistro
1043 1588 1156 1635 cornu
1190 1563 1324 1652 milites,

295 1711 397 1780 quum
417 1710 456 1756 ex
475 1684 563 1754 vallo
588 1687 780 1780 Pompeium
801 1685 914 1754 adesse
940 1698 973 1754 et
989 1707 1065 1754 suos
1083 1684 1196 1778 fugere
1213 1709 1326 1753 cerne·

294 1821 386 1892 rent,
407 1809 520 1893 veriti,
540 1832 582 1874 ne
598 1807 757 1899 angustiis
775 1805 1090 1892 intercluderentur,
1109 1829 1213 1898 quum
1231 1821 1324 1873 extra

294 1939 328 1992 et
341 1926 428 1994 intus
445 1925 573 1995 hostem
586 1925 760 2011 baberent,
774 1925 903 2010 eodem,
918 1948 985 2018 quo
999 1937 1173 2009 venerant,
1191 1940 1324 2018 receptu

295 2043 356 2111 sibi
384 2043 616 2130 consulebant3
646 2045 821 2136 omniaque
845 2057 939 2112 erant
968 2041 1145 2130 turnultus,
1176 2043 1323 2127 timoris,

294 2164 379 2257 fugae
401 2163 520 2257 plena,
549 2162 630 2233 adeo
657 2178 708 2250 ut,
735 2187 839 2256 quum
866 2165 976 2232 Caesar
1003 2166 1096 2258 signa
1124 2163 1321 2256 fugientium

293 2307 394 2352 manu
415 2283 645 2377 prehenderet,
672 2298 704 2352 et
724 2286 900 2353 consistere
914 2284 1061 2377 juberet,
1096 2281 1151 2352 alii
1181 2283 1322 2352 dimissis

292 2405 385 2496 equis
404 2403 556 2473 eumdem
582 2428 715 2473 cursum
736 2403 952 2490 conficerent,
973 2401 1029 2471 alii
1050 2427 1090 2473 ex
1114 2417 1203 2472 metu
1222 2404 1322 2472 etiam

292 2523 386 2616 signa
424 2523 647 2611 dimitterent,
679 2547 786 2616 neque
820 2524 994 2617 quisquam
1027 2525 1163 2592 omnino
1196 2523 1321 2592 consis-

292 2657 386 2712 teret.

338 2765 443 2831 Lxx.
476 2765 535 2834 His
557 2765 654 2833 tantis
682 2764 777 2832 malis
804 2765 873 2832 haec
900 2763 1045 2833 subsidia
1071 2759 1321 2845 succurrebant,

292 2905 358 2974 quo
375 2884 483 2952 minus
500 2885 606 2951 omnis
630 2881 806 2952 dederetur
831 2884 1006 2969 exercitus,
1030 2881 1120 2974 quod
1146 2871 1321 2975 Pompeius

291 3001 424 3070 insidias
442 3003 560 3071 timens
578 3003 713 3097 (credo,
738 3002 828 3096 quod
850 3003 919 3072 haeo
938 3015 1055 3096 praeter
1076 3025 1167 3096 spem
1193 3000 1320 3070 aocide·

290 3133 366 3186 rant
383 3121 468 3212 ejas,
485 3121 543 3212 qui
559 3121 659 3215 paulo
676 3137 752 3190 ante
771 3147 811 3191 ex
829 3124 942 3191 castris
960 3121 1123 3215 fugientes
1142 3145 1219 3190 suos
1240 3145 1321 3190 cou-

290 3253 440 3330 spexerat
451 3237 480 3333 l,
499 3242 737 3311 munitionibus
754 3245 1021 3337 appropinquare
1038 3241 1230 3334 aliquandiu
1251 3265 1318 3308 non

290 3354 446 3442 audebat,
473 3360 663 3454 equitesque
683 3363 773 3456 ejus,
794 3364 940 3460 angustis
964 3361 1082 3456 portis,
1104 3375 1203 3452 atque
1227 3359 1277 3425 his
1299 3381 1321 3425 a

290 3478 427 3546 Caesaris
445 3475 604 3548 militibus
622 3483 805 3575 occupatis,
824 3481 866 3550 ad
884 3479 1120 3572 insequendum
1139 3477 1317 3546 tardaban-

290 3609 355 3664 tur.
385 3599 436 3665 lta
457 3621 566 3691 parvae
589 3622 641 3668 res
663 3623 820 3694 magnum
843 3601 875 3666 in
901 3611 1074 3689 utramque
1097 3611 1223 3689 partem
1247 3619 1319 3663 mo·

289 3731 438 3786 mentum
456 3717 653 3786 habuerant.
685 3719 886 3787 Munitiones
905 3716 1009 3800 enim,
1026 3739 1046 3782 a
1063 3713 1178 3783 castris
1194 3714 1237 3784 ad
1255 3713 1319 3783 flu·

288 3857 367 3903 men
391 3835 574 3929 perductae,
596 3838 790 3930 expugnatis
812 3837 880 3930 jam
908 3835 1023 3904 castris
1048 3835 1214 3928 Pompeii,
1240 3859 1319 3930 pro·

288 3955 394 4045 priam
410 3969 444 4022 et
456 3955 641 4049 expeditam
656 3957 791 4026 Caesaris
808 3957 979 4026 victoriam
997 3953 1290 4050 interpellaverunt
1308 3979 1332 4050 :³
