3060 4768
489 455 538 512 DE
559 454 682 510 benuo
701 451 945 510 fflsraulunst
1177 451 1232 510 283

202 588 345 659 clamore
360 583 507 668 sublato,
526 583 615 651 omni
633 605 751 676 genere
768 577 908 648 telorum
928 578 1067 660 emisso,
1084 601 1233 671 pugnare

202 733 264 802 pro
281 729 376 774 muro
395 717 463 772 toto
476 716 648 796 coeperunt
662 713 814 794 :propter
833 697 921 791 quod
938 697 1006 766 fere
1022 720 1142 792 magna
1157 723 1234 792 pars

202 827 392 911 hominum,
411 825 468 918 qui
487 825 520 890 in
542 823 657 890 castris
670 821 790 889 uostris
800 835 922 904 essent,
938 842 1005 886 non
1020 815 1233 904 dubitarunt,
1247 890 1249 902 Ι

203 947 284 1038 quin
302 945 510 1038 eruptionem
530 966 569 1010 eo
589 940 642 1009 die
658 954 767 1026 essent
784 939 913 1007 facturi.
940 940 1005 1022 lta,
1030 960 1153 1005 corona
1177 939 1236 1006 cir·

204 1063 376 1148 cumdata,
396 1075 580 1156 pugnatum
595 1074 643 1128 est
662 1057 854 1151 aliquandiu
872 1055 1173 1142 vehementissime,
1191 1057 1235 1126 si-

206 1181 341 1275 mulque
359 1181 475 1252 balista
496 1183 594 1248 missa
613 1203 632 1246 a
651 1177 772 1247 nostris
790 1193 916 1246 turrem
934 1176 1078 1269 dejecit:
1095 1199 1162 1269 qua
1180 1173 1237 1244 ad·

206 1303 445 1387 versariorum,
464 1299 520 1393 qui
538 1301 572 1367 in
584 1323 622 1367 ea
640 1313 731 1366 turre
748 1297 894 1386 suerunt,
910 1321 932 1363 v
952 1296 1071 1390 dejecti
1087 1311 1183 1384 sunt,
1203 1311 1237 1364 et

208 1445 309 1514 puer,
326 1423 382 1513 qui
396 1418 549 1488 balistam
562 1418 678 1488 solitus
694 1432 764 1486 erat
783 1418 969 1486 observare.

254 1545 345 1612 XIV.
365 1543 413 1610 Eo
430 1540 595 1633 praeterito
613 1553 781 1631 tempore,
802 1539 978 1632 Pompeius
1003 1553 1093 1606 trans
1113 1537 1236 1606 llumen

206 1659 335 1730 Salsum
350 1657 520 1728 castellum
537 1659 723 1742 constituit3
739 1681 845 1750 neque
858 1681 877 1725 a
890 1657 1009 1726 nostris
1024 1656 1212 1750 prohibitus
1228 1679 1235 1723 :

205 1779 351 1872 falsaque
372 1777 429 1846 illa
447 1774 606 1872 opinione
623 1775 781 1871 gloriatus
802 1789 870 1862 est,
889 1775 979 1868 quod
1000 1799 1102 1869 prope
1121 1778 1155 1843 in
1178 1799 1238 1843 no·

207 1901 283 1967 stris
299 1897 447 1991 partibus
461 1895 569 1964 locum
584 1897 750 1964 tenuisset.
763 1897 846 1963 Item
863 1895 1048 1987 insequenti
1062 1894 1115 1963 die
1126 1893 1238 1962 eadem

207 2016 447 2086 consuetudine
464 2016 543 2084 dum
562 2015 692 2110 longius
703 2015 931 2109 prosequitur,
945 2039 1013 2109 quo
1028 2014 1101 2083 loco
1115 2016 1240 2108 equites

208 2138 313 2206 nostri
330 2137 505 2204 stationem
522 2136 723 2220 habuerant,
741 2132 868 2228 aliquot
888 2149 1004 2203 turma
1021 2159 1098 2204 cum
1113 2133 1179 2202 levi
1193 2157 1244 2202 ar·

210 2272 354 2337 matura,
379 2257 505 2351 impetu
532 2256 635 2344 facto,
660 2253 733 2324 loco
767 2271 844 2324 sunt
869 2255 1016 2349 dejectae,
1047 2270 1080 2324 et
1106 2267 1242 2349 propter

210 2379 407 2470 paucitatem
425 2390 614 2445 nostrorum
625 2377 791 2469 equitum,
801 2374 896 2444 simul
910 2401 985 2444 cum
1000 2373 1061 2444 levi
1076 2389 1243 2443 armatura

209 2498 298 2564 inter
319 2511 442 2565 turmas
461 2495 725 2564 adversariorum
742 2497 900 2588 protritae.
918 2499 991 2564 Hoc
1009 2497 1042 2563 in
1065 2507 1243 2588 conspectu
1350 2579 1353 2584 ¹

211 2630 429 2708 utrorumque
446 2629 629 2684 castrorum
646 2613 843 2706 gerebatur:
862 2627 895 2682 et
912 2615 1036 2706 majore
1050 2613 1244 2706 Pompeiani

211 2732 419 2802 exsultabant
447 2731 566 2825 gloria,
598 2730 728 2825 longius
754 2731 860 2825 quod,
888 2735 1009 2801 nostris
1035 2731 1244 2814 cedentibus,

212 2853 366 2945 prosequi
383 2853 565 2944 coepissent.
583 2853 651 2939 Qui
667 2877 770 2944 quum
789 2850 900 2946 aliquo
922 2852 995 2921 loco
1011 2877 1031 2920 a
1049 2853 1169 2922 nostris
1192 2877 1245 2920 re-

212 2972 298 3065 cepti
314 2985 441 3056 eseent,
460 2985 495 3039 ut
512 2985 742 3057 consuessent,
768 2995 807 3041 ex
834 2971 930 3041 simili
952 2974 1077 3042 virtute
1104 2969 1246 3041 clamore

212 3090 318 3174 facto,
337 3090 475 3158 aversati
493 3105 568 3158 sunt
584 3089 735 3182 proelium
753 3091 868 3160 facere.

260 3210 334 3276 XV.
355 3212 437 3276 Fere
447 3209 535 3302 apud
548 3211 711 3279 exercitus
729 3211 798 3278 haec
812 3226 863 3280 est
874 3212 1034 3305 equestris
1050 3211 1157 3307 proelii
1172 3237 1248 3282 coo·

214 3326 377 3396 suetudo:
397 3353 500 3420 quum
519 3353 619 3421 eques
645 3327 686 3398 ad
714 3330 957 3418 dimicandum,
983 3331 1118 3402 dimisso
1143 3357 1247 3425 equo,

214 3471 290 3516 cum
301 3447 410 3541 pedite
420 3447 648 3543 congreditur,
658 3475 866 3544 nequaquam
876 3476 936 3544 par
945 3451 1094 3522 habetur.
1108 3451 1146 3520 ld
1158 3451 1248 3545 quotl

214 3567 249 3634 in
272 3567 335 3636 hoc
350 3567 470 3636 accidit
489 3570 678 3638 certamine.
708 3572 821 3658 Quum
841 3571 988 3664 pedites,
1005 3596 1045 3640 ex
1063 3569 1128 3639 levi
1146 3595 1250 3639 arma-

215 3700 290 3754 tura
317 3685 411 3774 lecti,
429 3685 470 3756 ad
488 3713 656 3784 pugnarn,
673 3691 842 3784 equitibus
860 3691 980 3760 nostris
1005 3715 1067 3759 nec
1084 3691 1250 3783 opinanti·

214 3803 296 3890 bus,
317 3807 481 3875 venissent
498 3859 507 3894 ,
527 3807 625 3902 idque
653 3811 687 3878 in
715 3807 832 3902 praelio
857 3807 1121 3879 animadversum
1149 3822 1250 3894 esset,

215 3923 402 4019 complures
422 3952 462 3996 ex
491 3931 584 4020 equis
607 3929 859 3999 descenderunt.
888 3933 939 3999 Ita
967 3931 1086 4024 exiguo
1102 3945 1250 4024 tempore

216 4065 319 4134 eques
339 4045 510 4137 pedestre,
529 4046 630 4141 pedes'
652 4065 803 4141 equestre
828 4050 980 4145 proelium
1002 4050 1109 4119 lacere
1134 4051 1251 4144 caepit,
