3086 4766
298 319 352 388 146
454 321 484 378 C.
506 323 601 382 IULII
623 323 786 382 cmuuls
809 323 1177 381 COMMENTARIORUM

294 471 388 534 vern,
404 461 438 516 et
456 447 655 516 Minervam.
672 451 724 518 De
740 447 793 516 his
811 446 961 516 eamdem
979 446 1062 534 sere,
1080 451 1188 539 quem'
1198 447 1330 544 relique

294 579 422 660 gentes,
436 565 560 635 habent
571 568 763 660 opinionem
777 593 785 635 ι
799 565 988 660 Apollinem
1002 566 1137 635 morbos
1150 565 1331 662 depellere;

293 686 481 754 Minervam
501 709 640 780 operum
663 702 763 780 atque
783 685 1001 755 artificiorum
1026 686 1121 754 initio
1142 686 1331 774 transdere,

292 806 408 872 lovem
425 805 601 899 imperium
615 803 796 875 coelestium
811 820 937 891 tenere;
946 808 1092 878 Martem
1104 803 1191 874 bella
1205 829 1329 900 regere.

292 925 397 1012 Huic,
420 947 525 1017 quum
553 923 670 1019 proelio
698 925 856 994 dimicare
887 925 1154 1010 oonstituerunt,
1187 947 1227 993 eo
1258 950 1332 1017 quae

291 1040 379 1111 bello
398 1045 563 1136 ceperint,
581 1044 777 1139 plerumque
794 1046 967 1115 devovent.
982 1047 1067 1134 Quae
1085 1047 1330 1137 superaverint,

291 1161 446 1232 animalia
466 1179 563 1258 capta
586 1164 760 1234 immolant
778 1191 786 1234 :
805 1163 947 1257 reliquas
964 1189 1017 1233 res
1038 1166 1073 1232 in
1093 1187 1200 1234 unum
1219 1161 1331 1234 locum

291 1280 478 1352 conferunt
504 1282 621 1354 Multis
643 1286 678 1352 in
697 1285 885 1354 civitatibus
903 1285 1022 1354 berum
1048 1305 1162 1352 rerum
1182 1296 1332 1352 exstruc-

292 1413 343 1468 tos
370 1399 519 1470 tumulos
544 1400 627 1472 locis
650 1403 852 1472 consecratis
877 1403 1063 1496 conspicari
1090 1401 1196 1471 licet:
1222 1425 1330 1496 neque

292 1544 376 1613 saepe
391 1521 525 1610 accidit,
546 1539 599 1610 ut,
617 1521 765 1618 neglecte
785 1525 948 1617 quispiam
966 1520 1141 1618 religione,
1158 1535 1216 1592 out
1232 1537 1330 1617 copta

291 1640 380 1734 apud
402 1665 435 1710 se
458 1640 639 1730 occultare,
661 1658 719 1711 aut
739 1643 845 1736 posits
866 1641 981 1711 tollere
998 1643 1154 1728 auderet3
1173 1643 1328 1736 gravissi·

290 1783 449 1850 mumque
459 1763 488 1830 ei
499 1763 546 1830 rei
559 1760 758 1855 supplicium
771 1785 847 1830 cum
864 1763 1015 1830 cruciatu
1031 1763 1251 1830 constitutum
1269 1776 1327 1830 est.

338 1884 464 1952 XVHI.
483 1879 573 1950 Gelli
593 1905 627 1948 se
648 1904 763 1948 omnes
780 1880 821 1948 ab
841 1883 920 1949 Dite
935 1897 1030 1975 putre
1047 1896 1228 1976 prognatos
1243 1901 1327 1976 prae·

291 2000 417 2084 dieant3
444 2001 543 2093 idque
566 2000 607 2068 ab
627 1999 800 2068 druidibus
824 1999 993 2093 proditum
1022 2000 1148 2070 dieunt.
1175 2002 1229 2070 Ob
1254 2025 1326 2069 enm

291 2142 423 2188 causam
437 2122 543 2212 spatia
564 2121 672 2188 omnis
691 2121 849 2213 temporis
864 2143 932 2188 non
949 2143 1090 2190 numero
1109 2120 1254 2208 dierum,
1270 2120 1328 2190 sed

289 2240 454 2324 noctium,
471 2239 595 2308 finiunt
610 2265 619 2307 ι
636 2239 706 2307 dies
720 2237 861 2326 natales,
881 2254 916 2307 et
932 2241 1095 2308 mensium
1111 2253 1146 2307 et
1160 2263 1326 2308 annorum

289 2358 384 2425 initia
402 2359 449 2428 sic
467 2358 661 2447 observant,
677 2371 715 2426 ut
730 2373 862 2427 noctem
884 2359 954 2428 dies
968 2360 1197 2451 subsequatur.
1214 2362 1255 2427 Ιιι
1274 2383 1327 2427 re·

286 2619 363 2666 suos
388 2593 523 2684 liberos,
548 2575 612 2666 bisi
637 2621 740 2690 quum
765 2595 983 2685 adoleverint,
1001 2611 1039 2666 ut
1058 2620 1179 2666 munus
1199 2598 1326 2668 militie

287 2717 450 2786 sustinere
476 2717 619 2810 possint,
647 2714 757 2810 palem
790 2718 831 2785 ad
861 2741 896 2786 se
922 2717 1013 2787 adire
1041 2741 1108 2786 non
1137 2719 1324 2811 patiuntur3

286 2834 593 2930 filiumquepuerili
612 2851 706 2905 estete
723 2837 757 2905 in
782 2835 959 2931 publico,
951 2863 986 2906 ιιι
1008 2852 1187 2931 conspectu
1206 2839 1323 3004 petris,

285 2956 447 3042 assistere,
462 2970 559 3050 turpe
574 2954 712 3024 ducunt.

332 3076 423 3143 xlx.
449 3075 523 3143 Viri
531 3089 702 3168 ,quantus
723 3078 880 3170 pecunias
905 3076 947 3144 ab
970 3076 1131 3145 uxoribus
1148 3076 1235 3146 dotis
1261 3101 1322 3148 no-

284 3195 374 3262 mine
383 3208 600 3288 aeceperunt,
611 3209 719 3264 tantas
733 3221 772 3264 ex
782 3197 849 3265 suis
859 3195 975 3281 bonis,
992 3196 1207 3264 estimatione
1219 3197 1321 3285 facta,

283 3336 359 3381 cum
379 3312 511 3383 dotibus
535 3316 790 3384 communicant.
811 3315 918 3406 Hujus
942 3315 1049 3382 omnis
1070 3314 1218 3406 pecunie
1241 3341 1320 3384 eon-

280 3433 423 3526 junctim
436 3435 521 3502 ratio
534 3434 691 3522 habetur,
705 3434 898 3528 fructusque
913 3447 1104 3502 servantur:
1118 3448 1192 3503 nter
1203 3458 1319 3504 eorum

281 3553 350 3622 vita
366 3554 546 3646 superarit,
562 3552 604 3621 ad
621 3577 696 3622 euru
713 3579 790 3646 pars
810 3555 982 3647 utriusque
997 3578 1073 3622 curn
1089 3551 1251 3624 fructibus
1268 3581 1320 3624 su·

216 3674 451 3792 periornm
474 3687 662 3766 temporum
685 3674 845 3768 pervenit.
869 3674 975 3743 Viri
968 3696 1001 3740 ιιι
1021 3697 1155 3762 uxores,
1178 3676 1263 3743 sieut
1283 3676 1318 3744 in

232 3793 268 3836 “*
269 3771 417 3877 liberos,
437 3793 514 3862 rite
533 3793 690 3888 necisque
707 3793 831 3864 hebent
844 3807 1071 3887 potestatem:
1087 3809 1121 3864 et
1137 3817 1240 3887 quum
1259 3819 1319 3890 pa·

282 3925 331 3980 ter
347 3909 493 3998 familie,
511 3910 681 3982 illustriori
696 3911 769 3982 loco
783 3925 898 3997 natus,
923 3913 1122 4003 deoessit,
1094 3937 1165 4009 oJus
1182 3918 1319 4011 propin·
