<?xml version="1.0" encoding="UTF-8"?>
<!DOCTYPE html PUBLIC "-//W3C//DTD XHTML 1.0 Transitional//EN"
    "http://www.w3.org/TR/xhtml1/DTD/xhtml1-transitional.dtd">
<html xmlns="http://www.w3.org/1999/xhtml" xml:lang="en" lang="en">
 <head>
  <title>
</title>
<meta http-equiv="Content-Type" content="text/html;charset=utf-8" />
  <meta name='ocr-system' content='tesseract 3.04.00' />
  <meta name='ocr-capabilities' content='ocr_page ocr_carea ocr_par ocr_line ocrx_word'/>
</head>
<body>
  <div class='ocr_page' id='page_1' title='image "./cjcaesarisopera00caesgoog_0120.png"; bbox 0 0 3026 4768; ppageno 0'>
   <div class='ocr_carea' id='block_1_1' title="bbox 293 335 1233 417">
    <p class='ocr_par' dir='ltr' id='par_1_1' title="bbox 293 335 1233 417">
     <span class='ocr_line' id='line_1_1' title="bbox 293 335 1233 417; baseline 0.007 -10"><span class='ocrx_word' id='word_1_1' title='bbox 293 335 330 417; x_wconf 82' lang='lat'>98</span> <span class='ocrx_word' id='word_1_2' title='bbox 408 352 440 408; x_wconf 83' lang='lat' dir='ltr'>r.</span> <span class='ocrx_word' id='word_1_3' title='bbox 459 353 559 410; x_wconf 80' lang='lat' dir='ltr'>suen</span> <span class='ocrx_word' id='word_1_4' title='bbox 579 353 745 411; x_wconf 74' lang='lat' dir='ltr'>cnsnms</span> <span class='ocrx_word' id='word_1_5' title='bbox 768 355 887 410; x_wconf 80' lang='lat' dir='ltr'>oonu.</span> <span class='ocrx_word' id='word_1_6' title='bbox 909 353 961 411; x_wconf 81' lang='lat' dir='ltr'>os</span> <span class='ocrx_word' id='word_1_7' title='bbox 984 357 1103 414; x_wconf 80' lang='lat' dir='ltr'>seem</span> <span class='ocrx_word' id='word_1_8' title='bbox 1123 359 1233 415; x_wconf 76' lang='lat' dir='ltr'>cam.</span> 
     </span>
    </p>
   </div>
   <div class='ocr_carea' id='block_1_2' title="bbox 210 478 1337 3804">
    <p class='ocr_par' dir='ltr' id='par_1_2' title="bbox 290 478 1337 2131">
     <span class='ocr_line' id='line_1_2' title="bbox 342 478 1335 576; baseline 0.006 -32"><span class='ocrx_word' id='word_1_9' title='bbox 342 479 516 546; x_wconf 79' lang='lat' dir='ltr'><strong>XXXVII.</strong></span> <span class='ocrx_word' id='word_1_10' title='bbox 542 478 676 566; x_wconf 86' lang='lat' dir='ltr'>Quibus</span> <span class='ocrx_word' id='word_1_11' title='bbox 702 503 742 546; x_wconf 79' lang='lat' dir='ltr'>en</span> <span class='ocrx_word' id='word_1_12' title='bbox 766 480 906 549; x_wconf 85' lang='lat' dir='ltr'>navibus</span> <span class='ocrx_word' id='word_1_13' title='bbox 932 504 1037 573; x_wconf 89' lang='lat' dir='ltr'>quum</span> <span class='ocrx_word' id='word_1_14' title='bbox 1063 499 1172 552; x_wconf 87' lang='lat' dir='ltr'><strong>essent</strong></span> <span class='ocrx_word' id='word_1_15' title='bbox 1197 484 1335 576; x_wconf 84' lang='lat' dir='ltr'>expositi</span> 
     </span>
     <span class='ocr_line' id='line_1_3' title="bbox 295 594 1335 692; baseline 0.007 -29"><span class='ocrx_word' id='word_1_16' title='bbox 295 594 415 664; x_wconf 86' lang='lat' dir='ltr'><strong>milites</strong></span> <span class='ocrx_word' id='word_1_17' title='bbox 433 597 565 667; x_wconf 82' lang='lat' dir='ltr'>circiter</span> <span class='ocrx_word' id='word_1_18' title='bbox 581 622 661 683; x_wconf 91' lang='lat' dir='ltr'>ccc,</span> <span class='ocrx_word' id='word_1_19' title='bbox 683 613 783 692; x_wconf 86' lang='lat' dir='ltr'>atque</span> <span class='ocrx_word' id='word_1_20' title='bbox 803 599 837 668; x_wconf 89' lang='lat' dir='ltr'>in</span> <span class='ocrx_word' id='word_1_21' title='bbox 859 614 966 668; x_wconf 88' lang='lat' dir='ltr'>castra</span> <span class='ocrx_word' id='word_1_22' title='bbox 986 602 1240 690; x_wconf 77' lang='lat' dir='ltr'>contenderent,</span> <span class='ocrx_word' id='word_1_23' title='bbox 1261 606 1335 672; x_wconf 90' lang='grc' dir='ltr'>Μο-</span> 
     </span>
     <span class='ocr_line' id='line_1_4' title="bbox 292 717 1336 816; baseline 0.005 -31"><span class='ocrx_word' id='word_1_24' title='bbox 292 717 376 801; x_wconf 83' lang='lat' dir='ltr'>rini,</span> <span class='ocrx_word' id='word_1_25' title='bbox 401 742 486 810; x_wconf 87' lang='lat' dir='ltr'>quos</span> <span class='ocrx_word' id='word_1_26' title='bbox 508 721 632 804; x_wconf 75' lang='lat' dir='ltr'>Cesar,</span> <span class='ocrx_word' id='word_1_27' title='bbox 653 720 689 787; x_wconf 92' lang='lat' dir='ltr'>iu</span> <span class='ocrx_word' id='word_1_28' title='bbox 713 719 920 789; x_wconf 75' lang='lat' dir='ltr'>Britanniam</span> <span class='ocrx_word' id='word_1_29' title='bbox 946 719 1174 814; x_wconf 86' lang='lat' dir='ltr'>proficiscens,</span> <span class='ocrx_word' id='word_1_30' title='bbox 1202 737 1336 816; x_wconf 84' lang='lat' dir='ltr'>pacatos</span> 
     </span>
     <span class='ocr_line' id='line_1_5' title="bbox 293 836 1337 937; baseline 0.006 -32"><span class='ocrx_word' id='word_1_31' title='bbox 293 836 489 934; x_wconf 73' lang='lat' dir='ltr'>reliquerat,</span> <span class='ocrx_word' id='word_1_32' title='bbox 514 864 572 932; x_wconf 92' lang='lat' dir='ltr'>spe</span> <span class='ocrx_word' id='word_1_33' title='bbox 594 837 712 931; x_wconf 81' lang='lat' dir='ltr'>praedae</span> <span class='ocrx_word' id='word_1_34' title='bbox 733 836 890 927; x_wconf 89' lang='lat' dir='ltr'>adducti,</span> <span class='ocrx_word' id='word_1_35' title='bbox 917 839 1027 934; x_wconf 93' lang='lat' dir='ltr'>primo</span> <span class='ocrx_word' id='word_1_36' title='bbox 1053 842 1189 910; x_wconf 88' lang='lat' dir='ltr'>nonita</span> <span class='ocrx_word' id='word_1_37' title='bbox 1216 865 1337 937; x_wconf 88' lang='lat' dir='ltr'>magno</span> 
     </span>
     <span class='ocr_line' id='line_1_6' title="bbox 291 959 1335 1047; baseline 0.005 -22"><span class='ocrx_word' id='word_1_38' title='bbox 291 981 428 1028; x_wconf 89' lang='lat' dir='ltr'>suorum</span> <span class='ocrx_word' id='word_1_39' title='bbox 457 981 597 1027; x_wconf 91' lang='lat' dir='ltr'>numero</span> <span class='ocrx_word' id='word_1_40' title='bbox 621 959 927 1045; x_wconf 89' lang='lat' dir='ltr'>circumsteterunt,</span> <span class='ocrx_word' id='word_1_41' title='bbox 954 983 1009 1047; x_wconf 89' lang='lat' dir='ltr'>ac,</span> <span class='ocrx_word' id='word_1_42' title='bbox 1038 960 1066 1028; x_wconf 91' lang='lat' dir='ltr'>si</span> <span class='ocrx_word' id='word_1_43' title='bbox 1095 985 1165 1030; x_wconf 89' lang='lat' dir='ltr'>sese</span> <span class='ocrx_word' id='word_1_44' title='bbox 1195 961 1335 1030; x_wconf 88' lang='lat' dir='ltr'>interfici</span> 
     </span>
     <span class='ocr_line' id='line_1_7' title="bbox 292 1075 1337 1172; baseline 0.004 -26"><span class='ocrx_word' id='word_1_45' title='bbox 292 1075 438 1162; x_wconf 87' lang='lat' dir='ltr'>nollent,</span> <span class='ocrx_word' id='word_1_46' title='bbox 464 1104 557 1147; x_wconf 90' lang='lat' dir='ltr'>arma</span> <span class='ocrx_word' id='word_1_47' title='bbox 575 1103 700 1172; x_wconf 89' lang='lat' dir='ltr'>ponere</span> <span class='ocrx_word' id='word_1_48' title='bbox 726 1081 907 1172; x_wconf 88' lang='lat' dir='ltr'>jusserunt.</span> <span class='ocrx_word' id='word_1_49' title='bbox 926 1080 1041 1168; x_wconf 91' lang='lat' dir='ltr'>Quum</span> <span class='ocrx_word' id='word_1_50' title='bbox 1067 1078 1114 1148; x_wconf 93' lang='lat' dir='ltr'>illi</span> <span class='ocrx_word' id='word_1_51' title='bbox 1141 1080 1222 1148; x_wconf 89' lang='lat' dir='ltr'>orbe</span> <span class='ocrx_word' id='word_1_52' title='bbox 1248 1082 1337 1150; x_wconf 87' lang='lat' dir='ltr'>facto</span> 
     </span>
     <span class='ocr_line' id='line_1_8' title="bbox 292 1195 1336 1292; baseline 0.002 -27"><span class='ocrx_word' id='word_1_53' title='bbox 292 1221 362 1265; x_wconf 89' lang='lat' dir='ltr'>sese</span> <span class='ocrx_word' id='word_1_54' title='bbox 379 1196 609 1285; x_wconf 78' lang='lat' dir='ltr'>defenderent,</span> <span class='ocrx_word' id='word_1_55' title='bbox 626 1195 779 1292; x_wconf 76' lang='lat' dir='ltr'>celeriter</span> <span class='ocrx_word' id='word_1_56' title='bbox 793 1197 836 1267; x_wconf 92' lang='lat' dir='ltr'>ad</span> <span class='ocrx_word' id='word_1_57' title='bbox 855 1197 1036 1268; x_wconf 88' lang='lat' dir='ltr'>clamorem</span> <span class='ocrx_word' id='word_1_58' title='bbox 1047 1199 1222 1268; x_wconf 90' lang='lat' dir='ltr'>hominum</span> <span class='ocrx_word' id='word_1_59' title='bbox 1239 1201 1336 1269; x_wconf 88' lang='lat' dir='ltr'>circi-</span> 
     </span>
     <span class='ocr_line' id='line_1_9' title="bbox 293 1314 1337 1409; baseline 0.005 -26"><span class='ocrx_word' id='word_1_60' title='bbox 293 1331 344 1384; x_wconf 86' lang='lat' dir='ltr'>ter</span> <span class='ocrx_word' id='word_1_61' title='bbox 363 1314 467 1385; x_wconf 90' lang='lat' dir='ltr'>millia</span> <span class='ocrx_word' id='word_1_62' title='bbox 484 1342 517 1386; x_wconf 80' lang='lat' dir='ltr'>vr</span> <span class='ocrx_word' id='word_1_63' title='bbox 536 1336 774 1387; x_wconf 85' lang='lat' dir='ltr'>convenerunt.</span> <span class='ocrx_word' id='word_1_64' title='bbox 794 1321 870 1409; x_wconf 89' lang='lat' dir='ltr'>Qua</span> <span class='ocrx_word' id='word_1_65' title='bbox 893 1343 929 1387; x_wconf 91' lang='lat' dir='ltr'>re</span> <span class='ocrx_word' id='word_1_66' title='bbox 951 1320 1119 1401; x_wconf 89' lang='lat' dir='ltr'>nuntiata,</span> <span class='ocrx_word' id='word_1_67' title='bbox 1138 1321 1247 1388; x_wconf 71' lang='lat' dir='ltr'>Caesar</span> <span class='ocrx_word' id='word_1_68' title='bbox 1264 1344 1337 1388; x_wconf 93' lang='lat' dir='ltr'>om·</span> 
     </span>
     <span class='ocr_line' id='line_1_10' title="bbox 292 1435 1337 1531; baseline 0.004 -27"><span class='ocrx_word' id='word_1_69' title='bbox 292 1460 369 1505; x_wconf 87' lang='lat' dir='ltr'>uem</span> <span class='ocrx_word' id='word_1_70' title='bbox 386 1439 549 1505; x_wconf 81' lang='lat' dir='ltr'>excastris</span> <span class='ocrx_word' id='word_1_71' title='bbox 561 1439 747 1531; x_wconf 87' lang='lat' dir='ltr'>equitatum</span> <span class='ocrx_word' id='word_1_72' title='bbox 761 1439 829 1506; x_wconf 89' lang='lat' dir='ltr'>suis</span> <span class='ocrx_word' id='word_1_73' title='bbox 846 1435 970 1506; x_wconf 83' lang='lat' dir='ltr'>auxilio</span> <span class='ocrx_word' id='word_1_74' title='bbox 986 1439 1085 1506; x_wconf 83' lang='lat' dir='ltr'>misit.</span> <span class='ocrx_word' id='word_1_75' title='bbox 1103 1441 1242 1507; x_wconf 88' lang='lat' dir='ltr'>Interim</span> <span class='ocrx_word' id='word_1_76' title='bbox 1259 1465 1337 1508; x_wconf 92' lang='lat' dir='ltr'>nos-</span> 
     </span>
     <span class='ocr_line' id='line_1_11' title="bbox 292 1554 1335 1653; baseline 0.006 -30"><span class='ocrx_word' id='word_1_77' title='bbox 292 1557 334 1623; x_wconf 87' lang='lat' dir='ltr'>tri</span> <span class='ocrx_word' id='word_1_78' title='bbox 349 1554 468 1625; x_wconf 86' lang='lat' dir='ltr'>milites</span> <span class='ocrx_word' id='word_1_79' title='bbox 485 1559 647 1651; x_wconf 88' lang='lat' dir='ltr'>impetum</span> <span class='ocrx_word' id='word_1_80' title='bbox 658 1557 803 1625; x_wconf 84' lang='lat' dir='ltr'>bostium</span> <span class='ocrx_word' id='word_1_81' title='bbox 819 1557 1064 1644; x_wconf 89' lang='lat' dir='ltr'>sustinuerunt,</span> <span class='ocrx_word' id='word_1_82' title='bbox 1079 1572 1179 1651; x_wconf 91' lang='lat' dir='ltr'>atque</span> <span class='ocrx_word' id='word_1_83' title='bbox 1191 1557 1335 1653; x_wconf 86' lang='lat' dir='ltr'>amplius</span> 
     </span>
     <span class='ocr_line' id='line_1_12' title="bbox 291 1676 1336 1772; baseline 0.006 -29"><span class='ocrx_word' id='word_1_84' title='bbox 291 1676 383 1744; x_wconf 86' lang='lat' dir='ltr'>boris</span> <span class='ocrx_word' id='word_1_85' title='bbox 407 1701 442 1746; x_wconf 80' lang='lat' dir='ltr'>tv</span> <span class='ocrx_word' id='word_1_86' title='bbox 463 1677 640 1748; x_wconf 86' lang='lat' dir='ltr'>fortissime</span> <span class='ocrx_word' id='word_1_87' title='bbox 660 1691 909 1770; x_wconf 82' lang='lat' dir='ltr'>pugnaverunt,</span> <span class='ocrx_word' id='word_1_88' title='bbox 930 1692 977 1765; x_wconf 91' lang='lat' dir='ltr'>et,</span> <span class='ocrx_word' id='word_1_89' title='bbox 1003 1681 1118 1772; x_wconf 89' lang='lat' dir='ltr'>paucis</span> <span class='ocrx_word' id='word_1_90' title='bbox 1143 1677 1336 1750; x_wconf 85' lang='lat' dir='ltr'>vulneribus</span> 
     </span>
     <span class='ocr_line' id='line_1_13' title="bbox 291 1796 1336 1894; baseline 0.006 -30"><span class='ocrx_word' id='word_1_91' title='bbox 291 1799 451 1892; x_wconf 89' lang='lat' dir='ltr'>acceptis,</span> <span class='ocrx_word' id='word_1_92' title='bbox 468 1796 655 1892; x_wconf 88' lang='lat' dir='ltr'>complures</span> <span class='ocrx_word' id='word_1_93' title='bbox 668 1821 707 1864; x_wconf 81' lang='lat' dir='ltr'>en</span> <span class='ocrx_word' id='word_1_94' title='bbox 726 1797 766 1866; x_wconf 90' lang='lat' dir='ltr'>iis</span> <span class='ocrx_word' id='word_1_95' title='bbox 779 1797 982 1866; x_wconf 89' lang='lat' dir='ltr'>occiderunt.</span> <span class='ocrx_word' id='word_1_96' title='bbox 1000 1801 1118 1868; x_wconf 88' lang='lat' dir='ltr'>Postea</span> <span class='ocrx_word' id='word_1_97' title='bbox 1135 1823 1216 1868; x_wconf 83' lang='lat' dir='ltr'>vero</span> <span class='ocrx_word' id='word_1_98' title='bbox 1233 1826 1336 1894; x_wconf 90' lang='lat' dir='ltr'>quam</span> 
     </span>
     <span class='ocr_line' id='line_1_14' title="bbox 290 1918 1336 2012; baseline 0.004 -26"><span class='ocrx_word' id='word_1_99' title='bbox 290 1919 457 2010; x_wconf 87' lang='lat' dir='ltr'>equitatus</span> <span class='ocrx_word' id='word_1_100' title='bbox 465 1932 579 1986; x_wconf 86' lang='lat' dir='ltr'>noster</span> <span class='ocrx_word' id='word_1_101' title='bbox 588 1918 623 1985; x_wconf 90' lang='lat' dir='ltr'>in</span> <span class='ocrx_word' id='word_1_102' title='bbox 631 1931 844 2010; x_wconf 89' lang='lat' dir='ltr'>conspectum</span> <span class='ocrx_word' id='word_1_103' title='bbox 854 1918 1075 2002; x_wconf 87' lang='lat' dir='ltr'>venit,b0stes</span> <span class='ocrx_word' id='word_1_104' title='bbox 1089 1919 1224 2012; x_wconf 88' lang='lat' dir='ltr'>abjectis</span> <span class='ocrx_word' id='word_1_105' title='bbox 1234 1923 1336 1990; x_wconf 90' lang='lat' dir='ltr'>armis</span> 
     </span>
     <span class='ocr_line' id='line_1_15' title="bbox 291 2042 1334 2131; baseline 0.007 -29"><span class='ocrx_word' id='word_1_106' title='bbox 291 2051 384 2131; x_wconf 90' lang='lat' dir='ltr'>terga</span> <span class='ocrx_word' id='word_1_107' title='bbox 401 2050 586 2124; x_wconf 87' lang='lat' dir='ltr'>verterunt,</span> <span class='ocrx_word' id='word_1_108' title='bbox 603 2060 809 2131; x_wconf 82' lang='lat' dir='ltr'>magnusque</span> <span class='ocrx_word' id='word_1_109' title='bbox 825 2060 939 2104; x_wconf 88' lang='lat' dir='ltr'>eorum</span> <span class='ocrx_word' id='word_1_110' title='bbox 957 2059 1116 2106; x_wconf 88' lang='lat' dir='ltr'>numerus</span> <span class='ocrx_word' id='word_1_111' title='bbox 1135 2053 1184 2107; x_wconf 89' lang='lat' dir='ltr'>est</span> <span class='ocrx_word' id='word_1_112' title='bbox 1196 2042 1334 2109; x_wconf 86' lang='lat' dir='ltr'>occisus.</span> 
     </span>
    </p>

    <p class='ocr_par' dir='ltr' id='par_1_3' title="bbox 210 2155 1336 3804">
     <span class='ocr_line' id='line_1_16' title="bbox 340 2155 1334 2253; baseline 0.004 -28"><span class='ocrx_word' id='word_1_113' title='bbox 340 2158 534 2225; x_wconf 88' lang='lat' dir='ltr'><strong>XXXVIII.</strong></span> <span class='ocrx_word' id='word_1_114' title='bbox 551 2159 677 2241; x_wconf 80' lang='lat' dir='ltr'>Caesar,</span> <span class='ocrx_word' id='word_1_115' title='bbox 691 2169 825 2249; x_wconf 90' lang='lat' dir='ltr'>postero</span> <span class='ocrx_word' id='word_1_116' title='bbox 840 2155 909 2242; x_wconf 90' lang='lat' dir='ltr'>die,</span> <span class='ocrx_word' id='word_1_117' title='bbox 925 2159 964 2225; x_wconf 87' lang='lat' dir='ltr'>T.</span> <span class='ocrx_word' id='word_1_118' title='bbox 985 2157 1169 2225; x_wconf 81' lang='lat' dir='ltr'>Labienum</span> <span class='ocrx_word' id='word_1_119' title='bbox 1189 2158 1334 2253; x_wconf 84' lang='lat' dir='ltr'>legatum</span> 
     </span>
     <span class='ocr_line' id='line_1_17' title="bbox 290 2275 1334 2372; baseline 0.003 -27"><span class='ocrx_word' id='word_1_120' title='bbox 290 2301 368 2346; x_wconf 80' lang='lat' dir='ltr'>cum</span> <span class='ocrx_word' id='word_1_121' title='bbox 387 2277 428 2345; x_wconf 88' lang='lat' dir='ltr'>iis</span> <span class='ocrx_word' id='word_1_122' title='bbox 447 2275 631 2372; x_wconf 85' lang='lat' dir='ltr'>legionibus</span> <span class='ocrx_word' id='word_1_123' title='bbox 647 2300 728 2369; x_wconf 86' lang='lat' dir='ltr'>quas</span> <span class='ocrx_word' id='word_1_124' title='bbox 745 2301 784 2345; x_wconf 82' lang='lat' dir='ltr'>ex</span> <span class='ocrx_word' id='word_1_125' title='bbox 805 2276 976 2345; x_wconf 81' lang='lat' dir='ltr'>Britannia</span> <span class='ocrx_word' id='word_1_126' title='bbox 993 2276 1187 2364; x_wconf 84' lang='lat' dir='ltr'>reduxerat,</span> <span class='ocrx_word' id='word_1_127' title='bbox 1205 2279 1239 2346; x_wconf 92' lang='lat' dir='ltr'>in</span> <span class='ocrx_word' id='word_1_128' title='bbox 1257 2283 1334 2348; x_wconf 92' lang='lat' dir='ltr'>Mo-</span> 
     </span>
     <span class='ocr_line' id='line_1_18' title="bbox 289 2394 1335 2492; baseline 0 -26"><span class='ocrx_word' id='word_1_129' title='bbox 289 2399 398 2483; x_wconf 90' lang='lat' dir='ltr'>rinos,</span> <span class='ocrx_word' id='word_1_130' title='bbox 413 2397 471 2491; x_wconf 92' lang='lat' dir='ltr'>qui</span> <span class='ocrx_word' id='word_1_131' title='bbox 485 2394 701 2465; x_wconf 87' lang='lat' dir='ltr'>rebellionem</span> <span class='ocrx_word' id='word_1_132' title='bbox 717 2395 877 2480; x_wconf 85' lang='lat' dir='ltr'>fecerant,</span> <span class='ocrx_word' id='word_1_133' title='bbox 897 2396 997 2463; x_wconf 91' lang='lat' dir='ltr'>misit.</span> <span class='ocrx_word' id='word_1_134' title='bbox 1014 2396 1085 2483; x_wconf 92' lang='lat' dir='ltr'>Qui</span> <span class='ocrx_word' id='word_1_135' title='bbox 1098 2421 1219 2489; x_wconf 89' lang='lat' dir='ltr'>quum,</span> <span class='ocrx_word' id='word_1_136' title='bbox 1231 2422 1335 2492; x_wconf 91' lang='lat' dir='ltr'>prop-</span> 
     </span>
     <span class='ocr_line' id='line_1_19' title="bbox 290 2514 1336 2611; baseline -0.002 -22"><span class='ocrx_word' id='word_1_137' title='bbox 290 2534 342 2589; x_wconf 93' lang='lat' dir='ltr'>ter</span> <span class='ocrx_word' id='word_1_138' title='bbox 356 2519 521 2588; x_wconf 88' lang='lat' dir='ltr'>siccitates</span> <span class='ocrx_word' id='word_1_139' title='bbox 541 2514 719 2611; x_wconf 89' lang='lat' dir='ltr'>paludum,</span> <span class='ocrx_word' id='word_1_140' title='bbox 735 2539 803 2608; x_wconf 89' lang='lat' dir='ltr'>quo</span> <span class='ocrx_word' id='word_1_141' title='bbox 819 2539 853 2583; x_wconf 91' lang='lat' dir='ltr'>se</span> <span class='ocrx_word' id='word_1_142' title='bbox 865 2517 1068 2609; x_wconf 85' lang='lat' dir='ltr'>reciperent,</span> <span class='ocrx_word' id='word_1_143' title='bbox 1086 2539 1154 2584; x_wconf 91' lang='lat' dir='ltr'>non</span> <span class='ocrx_word' id='word_1_144' title='bbox 1172 2517 1336 2587; x_wconf 89' lang='lat' dir='ltr'>habereut</span> 
     </span>
     <span class='ocr_line' id='line_1_20' title="bbox 290 2633 1336 2734; baseline -0.002 -25"><span class='ocrx_word' id='word_1_145' title='bbox 290 2638 376 2734; x_wconf 85' lang='lat' dir='ltr'>(quo</span> <span class='ocrx_word' id='word_1_146' title='bbox 400 2639 552 2734; x_wconf 87' lang='lat' dir='ltr'>perfugio</span> <span class='ocrx_word' id='word_1_147' title='bbox 575 2636 745 2732; x_wconf 89' lang='lat' dir='ltr'>superiore</span> <span class='ocrx_word' id='word_1_148' title='bbox 763 2660 852 2704; x_wconf 84' lang='lat' dir='ltr'>anno</span> <span class='ocrx_word' id='word_1_149' title='bbox 872 2633 1002 2706; x_wconf 86' lang='lat' dir='ltr'>fuerant</span> <span class='ocrx_word' id='word_1_150' title='bbox 1023 2634 1109 2730; x_wconf 91' lang='lat' dir='ltr'>usi),</span> <span class='ocrx_word' id='word_1_151' title='bbox 1129 2661 1245 2706; x_wconf 89' lang='lat' dir='ltr'>omnes</span> <span class='ocrx_word' id='word_1_152' title='bbox 1265 2637 1336 2707; x_wconf 86' lang='lat' dir='ltr'>fere</span> 
     </span>
     <span class='ocr_line' id='line_1_21' title="bbox 288 2755 1333 2853; baseline 0.003 -28"><span class='ocrx_word' id='word_1_153' title='bbox 288 2759 324 2826; x_wconf 92' lang='lat' dir='ltr'>in</span> <span class='ocrx_word' id='word_1_154' title='bbox 348 2773 546 2853; x_wconf 88' lang='lat' dir='ltr'>potestatem</span> <span class='ocrx_word' id='word_1_155' title='bbox 571 2755 710 2825; x_wconf 88' lang='lat' dir='ltr'>Labieni</span> <span class='ocrx_word' id='word_1_156' title='bbox 735 2770 908 2826; x_wconf 90' lang='lat' dir='ltr'>venerunt.</span> <span class='ocrx_word' id='word_1_157' title='bbox 932 2759 976 2825; x_wconf 83' lang='lat' dir='ltr'>At</span> <span class='ocrx_word' id='word_1_158' title='bbox 995 2757 1038 2846; x_wconf 87' lang='lat' dir='ltr'>Q.</span> <span class='ocrx_word' id='word_1_159' title='bbox 1057 2757 1208 2826; x_wconf 83' lang='lat' dir='ltr'>Titurius</span> <span class='ocrx_word' id='word_1_160' title='bbox 1232 2772 1267 2826; x_wconf 89' lang='lat' dir='ltr'>et</span> <span class='ocrx_word' id='word_1_161' title='bbox 1291 2762 1333 2828; x_wconf 95' lang='lat' dir='ltr'>L.</span> 
     </span>
     <span class='ocr_line' id='line_1_22' title="bbox 239 2874 1333 2973; baseline 0 -27"><span class='ocrx_word' id='word_1_162' title='bbox 239 2960 243 2968; x_wconf 22' lang='grc' dir='ltr'>ι</span> <span class='ocrx_word' id='word_1_163' title='bbox 290 2879 404 2964; x_wconf 89' lang='lat' dir='ltr'>Cotta,</span> <span class='ocrx_word' id='word_1_164' title='bbox 431 2877 545 2973; x_wconf 89' lang='lat' dir='ltr'>legati,</span> <span class='ocrx_word' id='word_1_165' title='bbox 575 2877 633 2970; x_wconf 92' lang='lat' dir='ltr'>qui</span> <span class='ocrx_word' id='word_1_166' title='bbox 649 2877 684 2944; x_wconf 92' lang='lat' dir='ltr'>iu</span> <span class='ocrx_word' id='word_1_167' title='bbox 708 2876 944 2968; x_wconf 88' lang='lat' dir='ltr'>Menapiorum</span> <span class='ocrx_word' id='word_1_168' title='bbox 962 2875 1044 2944; x_wconf 80' lang='lat' dir='ltr'>fines</span> <span class='ocrx_word' id='word_1_169' title='bbox 1062 2874 1205 2970; x_wconf 74' lang='lat' dir='ltr'>legiones</span> <span class='ocrx_word' id='word_1_170' title='bbox 1229 2876 1333 2946; x_wconf 69' lang='lat' dir='ltr'>dune</span> 
     </span>
     <span class='ocr_line' id='line_1_23' title="bbox 289 2995 1335 3089; baseline 0.001 -25"><span class='ocrx_word' id='word_1_171' title='bbox 289 3008 380 3080; x_wconf 87' lang='lat' dir='ltr'>rant,</span> <span class='ocrx_word' id='word_1_172' title='bbox 397 2997 552 3065; x_wconf 89' lang='lat' dir='ltr'>omnibus</span> <span class='ocrx_word' id='word_1_173' title='bbox 572 3019 687 3064; x_wconf 86' lang='lat' dir='ltr'>eorum</span> <span class='ocrx_word' id='word_1_174' title='bbox 707 2996 794 3089; x_wconf 89' lang='lat' dir='ltr'>agris</span> <span class='ocrx_word' id='word_1_175' title='bbox 813 2996 965 3080; x_wconf 87' lang='lat' dir='ltr'>vastatis,</span> <span class='ocrx_word' id='word_1_176' title='bbox 983 2995 1159 3064; x_wconf 90' lang='lat' dir='ltr'>frumentis</span> <span class='ocrx_word' id='word_1_177' title='bbox 1180 2997 1335 3084; x_wconf 86' lang='lat' dir='ltr'>succisis,</span> 
     </span>
     <span class='ocr_line' id='line_1_24' title="bbox 288 3113 1335 3209; baseline 0.004 -26"><span class='ocrx_word' id='word_1_178' title='bbox 288 3113 435 3183; x_wconf 76' lang='lat' dir='ltr'>aedificiis</span> <span class='ocrx_word' id='word_1_179' title='bbox 446 3116 602 3203; x_wconf 86' lang='lat' dir='ltr'>incensis,</span> <span class='ocrx_word' id='word_1_180' title='bbox 616 3114 705 3209; x_wconf 88' lang='lat' dir='ltr'>quod</span> <span class='ocrx_word' id='word_1_181' title='bbox 719 3115 867 3209; x_wconf 89' lang='lat' dir='ltr'>Menapii</span> <span class='ocrx_word' id='word_1_182' title='bbox 885 3139 919 3183; x_wconf 94' lang='lat' dir='ltr'>se</span> <span class='ocrx_word' id='word_1_183' title='bbox 936 3139 1051 3184; x_wconf 89' lang='lat' dir='ltr'>omnes</span> <span class='ocrx_word' id='word_1_184' title='bbox 1068 3117 1103 3183; x_wconf 89' lang='lat' dir='ltr'>in</span> <span class='ocrx_word' id='word_1_185' title='bbox 1122 3115 1335 3187; x_wconf 84' lang='lat' dir='ltr'>densissimas</span> 
     </span>
     <span class='ocr_line' id='line_1_25' title="bbox 288 3232 1333 3328; baseline 0.009 -30.322"><span class='ocrx_word' id='word_1_186' title='bbox 288 3233 385 3302; x_wconf 84' lang='lat' dir='ltr'>silvas</span> <span class='ocrx_word' id='word_1_187' title='bbox 406 3232 615 3320; x_wconf 82' lang='lat' dir='ltr'>abdiderant,</span> <span class='ocrx_word' id='word_1_188' title='bbox 636 3259 671 3302; x_wconf 88' lang='lat' dir='ltr'>se</span> <span class='ocrx_word' id='word_1_189' title='bbox 690 3234 732 3302; x_wconf 93' lang='lat' dir='ltr'>ad</span> <span class='ocrx_word' id='word_1_190' title='bbox 751 3237 915 3304; x_wconf 86' lang='lat' dir='ltr'>Caesarem</span> <span class='ocrx_word' id='word_1_191' title='bbox 934 3249 1143 3328; x_wconf 89' lang='lat' dir='ltr'>receperunt.</span> <span class='ocrx_word' id='word_1_192' title='bbox 1165 3238 1275 3306; x_wconf 78' lang='lat' dir='ltr'>Cesar</span> <span class='ocrx_word' id='word_1_193' title='bbox 1297 3240 1333 3307; x_wconf 90' lang='lat' dir='ltr'>in</span> 
     </span>
     <span class='ocr_line' id='line_1_26' title="bbox 210 3349 1334 3449; baseline 0.003 -25"><span class='ocrx_word' id='word_1_194' title='bbox 210 3349 221 3404; x_wconf 60' lang='grc' dir='ltr'>-ἕ</span> <span class='ocrx_word' id='word_1_195' title='bbox 288 3353 396 3448; x_wconf 83' lang='lat' dir='ltr'>Belgis</span> <span class='ocrx_word' id='word_1_196' title='bbox 421 3355 572 3423; x_wconf 89' lang='lat' dir='ltr'>omnium</span> <span class='ocrx_word' id='word_1_197' title='bbox 603 3352 769 3449; x_wconf 88' lang='lat' dir='ltr'>legionum</span> <span class='ocrx_word' id='word_1_198' title='bbox 801 3353 940 3422; x_wconf 89' lang='lat' dir='ltr'>hiberna</span> <span class='ocrx_word' id='word_1_199' title='bbox 969 3355 1153 3423; x_wconf 89' lang='lat' dir='ltr'>constituit.</span> <span class='ocrx_word' id='word_1_200' title='bbox 1180 3359 1229 3425; x_wconf 93' lang='lat' dir='ltr'>Eo</span> <span class='ocrx_word' id='word_1_201' title='bbox 1258 3357 1334 3428; x_wconf 85' lang='lat' dir='ltr'>duae</span> 
     </span>
     <span class='ocr_line' id='line_1_27' title="bbox 288 3473 1333 3562; baseline 0.002 -18"><span class='ocrx_word' id='word_1_202' title='bbox 288 3474 424 3544; x_wconf 90' lang='lat' dir='ltr'>omnino</span> <span class='ocrx_word' id='word_1_203' title='bbox 451 3475 600 3542; x_wconf 89' lang='lat' dir='ltr'>civitates</span> <span class='ocrx_word' id='word_1_204' title='bbox 626 3497 665 3542; x_wconf 82' lang='lat' dir='ltr'>en</span> <span class='ocrx_word' id='word_1_205' title='bbox 691 3473 865 3562; x_wconf 82' lang='lat' dir='ltr'>Britannia</span> <span class='ocrx_word' id='word_1_206' title='bbox 887 3473 1017 3542; x_wconf 89' lang='lat' dir='ltr'>obsides</span> <span class='ocrx_word' id='word_1_207' title='bbox 1040 3476 1227 3544; x_wconf 86' lang='lat' dir='ltr'>miserunt:</span> <span class='ocrx_word' id='word_1_208' title='bbox 1251 3476 1333 3546; x_wconf 87' lang='lat' dir='ltr'>reli·</span> 
     </span>
     <span class='ocr_line' id='line_1_28' title="bbox 287 3590 1333 3687; baseline 0.007 -27"><span class='ocrx_word' id='word_1_209' title='bbox 287 3617 360 3686; x_wconf 83' lang='lat' dir='ltr'>quae</span> <span class='ocrx_word' id='word_1_210' title='bbox 370 3592 595 3687; x_wconf 82' lang='lat' dir='ltr'>neglexerunt.</span> <span class='ocrx_word' id='word_1_211' title='bbox 605 3593 666 3660; x_wconf 90' lang='lat' dir='ltr'>His</span> <span class='ocrx_word' id='word_1_212' title='bbox 680 3592 779 3660; x_wconf 87' lang='lat' dir='ltr'>rebus</span> <span class='ocrx_word' id='word_1_213' title='bbox 793 3591 907 3687; x_wconf 86' lang='lat' dir='ltr'>gestis,</span> <span class='ocrx_word' id='word_1_214' title='bbox 922 3617 962 3660; x_wconf 86' lang='lat' dir='ltr'>ex</span> <span class='ocrx_word' id='word_1_215' title='bbox 979 3590 1098 3664; x_wconf 88' lang='lat' dir='ltr'>litteris</span> <span class='ocrx_word' id='word_1_216' title='bbox 1110 3597 1246 3666; x_wconf 68' lang='lat' dir='ltr'>Caesaris</span> <span class='ocrx_word' id='word_1_217' title='bbox 1261 3597 1333 3667; x_wconf 84' lang='lat' dir='ltr'>die·</span> 
     </span>
     <span class='ocr_line' id='line_1_29' title="bbox 287 3709 1020 3804; baseline -0.001 -24"><span class='ocrx_word' id='word_1_218' title='bbox 287 3735 362 3780; x_wconf 82' lang='lat' dir='ltr'>rum</span> <span class='ocrx_word' id='word_1_219' title='bbox 378 3737 422 3780; x_wconf 80' lang='lat' dir='ltr'>xx</span> <span class='ocrx_word' id='word_1_220' title='bbox 439 3709 636 3804; x_wconf 87' lang='lat' dir='ltr'>supplicatio</span> <span class='ocrx_word' id='word_1_221' title='bbox 650 3737 670 3780; x_wconf 91' lang='lat' dir='ltr'>a</span> <span class='ocrx_word' id='word_1_222' title='bbox 682 3725 797 3780; x_wconf 84' lang='lat' dir='ltr'>senatu</span> <span class='ocrx_word' id='word_1_223' title='bbox 814 3709 946 3779; x_wconf 90' lang='lat' dir='ltr'>decreta</span> <span class='ocrx_word' id='word_1_224' title='bbox 960 3726 1020 3779; x_wconf 83' lang='lat' dir='ltr'>est.</span> 
     </span>
    </p>
   </div>
   <div class='ocr_carea' id='block_1_3' title="bbox 656 4012 948 4036">
    <p class='ocr_par' dir='ltr' id='par_1_4' title="bbox 656 4012 948 4036">
     <span class='ocr_line' id='line_1_30' title="bbox 656 4012 948 4036; baseline 0 -5"><span class='ocrx_word' id='word_1_225' title='bbox 656 4012 948 4036; x_wconf 63' lang='lat'>-—-*-—-—</span> 
     </span>
    </p>
   </div>
   <div class='ocr_carea' id='block_1_4' title="bbox 0 0 1518 4768">
    <p class='ocr_par' dir='ltr' id='par_1_5' title="bbox 0 0 1518 4768">
     <span class='ocr_line' id='line_1_31' title="bbox 0 0 1518 4768; baseline 0 1"><span class='ocrx_word' id='word_1_226' title='bbox 0 0 1518 4768; x_wconf 95' lang='lat' dir='ltr'> </span> 
     </span>
    </p>
   </div>
  </div>
 </body>
</html>
