3068 4772
506 362 557 418 DE
579 361 701 418 amo
723 357 840 418 elvttt
862 363 932 420 tls.
949 362 999 418 111.
1221 364 1274 420 135

291 490 461 558 LXXVII.
480 491 615 558 Postero
624 487 677 554 die
689 489 809 573 Caesar,
823 485 971 556 similiter
983 487 1157 580 praemissis
1168 490 1275 582 prima

243 624 340 678 nocte
363 605 619 700 impedimentis,
645 605 687 674 de
715 620 832 699 quarta
861 605 971 700 vigilio
997 607 1066 700 ipse
1094 606 1274 700 egreditur,

245 741 299 813 ut,
315 728 342 796 si
364 751 429 819 qus
448 727 602 819 imposita
619 739 702 794 esset
719 724 895 794 dimicandi
914 725 1107 812 necessitas,
1127 725 1273 796 subitum

242 870 354 916 cesum
368 843 523 938 expedito
537 845 681 914 exercitu
701 843 836 913 subiret.
851 849 922 912 Hoc
937 843 1023 914 idem
1041 841 1174 936 reliquis
1194 845 1271 913 fecit

242 964 368 1034 diebus.
388 965 521 1056 Quibus
545 963 643 1034 rebus
668 962 849 1058 perfectum
874 978 942 1051 est,
963 978 999 1032 ut
1019 962 1184 1034 altissimis
1209 965 1272 1037 flu·

242 1083 387 1153 minibus
400 1098 500 1178 atque
510 1081 767 1177 impeditissimis
783 1083 954 1154 itineribus
967 1081 1095 1152 nulium
1110 1085 1272 1178 acciperet

242 1201 498 1273 incommodum.
518 1203 696 1296 Pompeius
715 1202 824 1290 enim,
842 1203 940 1296 primi
963 1201 1027 1271 diei
1048 1226 1141 1273 mora
1163 1200 1270 1291 illata,

242 1335 275 1390 et
293 1319 499 1414 reliquorum
518 1320 646 1391 dierum
665 1322 787 1390 frustra
805 1319 914 1390 labore
932 1307 1104 1417 suscepto,
1120 1345 1223 1416 quum
1235 1347 1270 1394 se

241 1441 368 1536 magnis
396 1441 568 1510 itineribus
592 1440 803 1527 extenderet,
834 1454 867 1508 et
891 1465 1086 1536 progressos
1113 1444 1270 1536 consequi

241 1553 394 1654 cuperet,
413 1575 532 1654 quarto
556 1558 610 1628 die
634 1559 731 1628 finem
755 1559 912 1652 sequendi
938 1560 1033 1645 fecit,
1055 1574 1153 1654 atque
1180 1559 1269 1632 aliud

240 1680 302 1750 sibi
315 1659 490 1753 consilium
502 1678 699 1773 cupiendum
715 1679 921 1748 existimavit.

271 1801 476 1869 -Lxxvnt
499 1801 634 1886 Caesari,
662 1799 703 1868 ad
729 1800 857 1868 saucios
887 1799 1116 1892 deponendos,
1145 1799 1268 1892 stipen-

240 1919 331 1988 dium
344 1919 500 1988 exercitui
513 1918 673 2002 dandum,
686 1920 791 1988 socios
802 1917 1063 2002 confirmandos,
1077 1916 1266 2016 presidium

242 2037 378 2108 urbibus
398 2035 670 2131 relinquendum,
689 2062 821 2108 necesse
842 2052 913 2106 erut
937 2037 1028 2108 adire
1045 2035 1264 2130 Apollonium.

240 2157 305 2226 Sed
327 2158 379 2226 his
401 2155 498 2227 rebus
521 2171 650 2226 tantum
675 2157 830 2251 temporis
856 2157 991 2242 tribuit,
1011 2171 1171 2248 quantum
1194 2169 1266 2226 erat

238 2277 429 2370 properanti
460 2301 591 2346 necesse
616 2302 625 2344 :
651 2278 834 2370 timensque
860 2277 1026 2364 Domitio,
1051 2299 1092 2346 nc
1120 2275 1267 2344 adventu

238 2397 386 2490 Pompeii
403 2410 696 2490 preoccuparetur,
715 2396 757 2466 ad
774 2397 955 2465 cumomni
974 2393 1141 2466 celeritate
1153 2410 1186 2464 et
1198 2409 1266 2464 stn-

237 2513 292 2584 dio
311 2516 466 2585 incitatus
487 2515 659 2584 ferebatur.
685 2517 801 2584 Totius
819 2529 928 2584 autem
947 2517 994 2582 rei
1017 2513 1191 2584 masiliam
1214 2515 1266 2582 his

236 2635 419 2702 rationibus
440 2633 642 2727 explicabat,
665 2647 719 2718 ut,
738 2633 766 2702 si
787 2634 962 2726 Pompeius
984 2631 1102 2700 eodem
1125 2647 1263 2702 conteu-

236 2751 349 2838 deret,
366 2751 544 2822 abductum
562 2751 655 2819 illum
672 2776 691 2819 a
708 2753 792 2820 mari
809 2765 910 2844 atque
926 2751 1021 2820 abiis
1038 2753 1162 2844 copiis,
1183 2777 1265 2844 quas

236 2870 413 2963 Dyrrachii
438 2887 704 2964 comparaverat,
732 2871 897 2942 frumento
924 2895 962 2940 ac
990 2886 1175 2940 commeatu
1203 2871 1263 2940 ab·

236 3003 413 3075 structum,
436 2989 506 3083 pari
529 2989 719 3060 conditione
742 2989 819 3060 belli
840 3015 954 3062 ειιοιιιιι
978 2989 1143 3060 decertare
1168 3014 1264 3085 coge·

235 3121 317 3176 ret:
344 3109 370 3176 si
395 3110 429 3177 in
455 3107 582 3178 Italiam
607 3112 782 3196 transiret,
805 3112 981 3204 conjuncto
1011 3111 1157 3179 exercitu
1185 3134 1263 3179 cum

234 3229 383 3300 Domitio
405 3254 464 3323 per
484 3227 651 3324 Illyricum
676 3228 779 3300 Italics
800 3229 947 3300 subsidio
969 3230 1262 3325 proficisceretur:

231 3349 284 3416 siu
304 3347 511 3441 Apolloniam
527 3350 731 3442 Oricumque
751 3373 963 3443 oppugnare,
980 3363 1063 3418 etse
1080 3350 1172 3418 omni
1193 3372 1263 3416 rna·

234 3469 342 3537 ritima
354 3493 412 3538 ora
426 3466 598 3538 excindere
615 3483 800 3556 conaremr,
817 3467 950 3538 obsesso
965 3483 1073 3537 nmen
1091 3469 1262 3560 Scipione,

235 3589 414 3657 necessario
426 3587 519 3657 illum
535 3589 602 3657 suis
619 3587 778 3658 auxilium
793 3587 878 3656 ferre
888 3603 1027 3681 cogeret
1044 3589 1173 3678 ltaque,
1185 3609 1264 3680 pres·

233 3707 340 3778 missis
363 3701 488 3777 nuntiis
512 3707 554 3778 ad
577 3711 639 3778 Cn.
664 3708 868 3796 Domitium,
894 3711 1003 3778 Caessr
1029 3706 1178 3800 scripsit,
1207 3721 1261 3794 et,

232 3825 312 3916 quid
336 3825 404 3895 fieri
431 3827 547 3916 veliet,
572 3828 740 3898 ostendit:
761 3827 979 3923 presidioque
998 3824 1182 3920 Apolloniae
1204 3851 1260 3894 co-

228 3935 382 4012 ¹hortibus
402 3969 450 4032 iv,
468 3949 551 4014 Lissi
575 3971 602 4034 ι,
625 3972 664 4018 ιιι
685 3950 777 4017 Orici
802 3946 938 4034 relictis,
960 3948 1083 4039 quique
1105 3961 1199 4016 erant
1222 3969 1262 4014 ex
1318 3940 1334 3967 '
