3086 4766
250 377 305 436 166
406 379 438 436 C.
458 373 738 434 tunn'cfflssnts
761 369 1130 429 commurmmnunt

248 503 358 597 briges
373 517 406 572 et
417 500 633 588 Gabalos,·ah
650 499 800 591 utrisque
812 496 942 566 obsides
956 497 1095 591 accipit;
1108 503 1158 582 et,
1172 520 1292 591 magne

248 635 362 691 coacta
385 637 504 707 manu,
521 623 555 688 in
580 618 807 706 Provinciam,
824 618 1018 687 Narbonem
1042 641 1174 701 versus,
1192 641 1292 711 erup·

250 744 376 811 tionem
396 741 503 810 lacere
523 737 704 808 contendit
721 739 799 827 Qua
817 761 854 806 re
872 738 1039 822 nuntiata,
1060 737 1171 805 Caesar
1186 737 1293 804 omni·

133 853 134 856 ¹
248 864 311 931 bus
330 859 475 930 consiliis
497 856 775 928 antevertendum
795 856 1016 944 existimavit,
1039 871 1077 923 ut
1098 856 1292 924 Narbonem

249 981 524 1079 proficisceretur.
543 985 593 1050 Eo
612 1003 717 1074 quum
739 979 899 1064 venisset,
921 977 1075 1046 timentes
1095 977 1292 1063 confirmat,

251 1102 400 1198 praesidia
413 1103 448 1171 in
458 1101 598 1172 Rutenis
607 1096 878 1195 provincialibus,
884 1095 997 1166 Volcis
1008 1096 1223 1182 Arecomicis,
1232 1099 1294 1164 To·

250 1220 424 1308 losetibus,
437 1222 629 1314 circumque
640 1217 851 1305 Narbonem,
863 1242 936 1311 quae
951 1215 1023 1285 loca
1034 1216 1184 1285 hostibus
1197 1229 1295 1284 erant

252 1341 406 1429 finitima,
420 1341 592 1410 constituit
607 1365 615 1408 τ
631 1354 759 1435 partem
773 1339 946 1433 copiarum
959 1363 999 1406 ex
1011 1337 1204 1424 Provincia,
1219 1360 1294 1430 sup·

253 1459 526 1556 plementumque
539 1461 629 1554 quod
641 1483 678 1528 ex
693 1459 791 1529 Italia
807 1458 1005 1538 adduxerat,
1023 1459 1057 1525 in
1070 1457 1223 1546 Helvios,
1234 1458 1293 1550 qui

252 1579 334 1651 fines
350 1584 578 1651 Arvernorum
597 1581 818 1674 contingunt,
834 1579 1013 1648 convenire
1027 1579 1133 1672 jubet.

300 1701 393 1772 vill.
422 1703 482 1770 His
511 1701 609 1769 rebus
633 1701 850 1794 comparatis,
876 1724 1026 1793 represso
1048 1699 1117 1792 jam
1138 1699 1294 1766 Lucterio

253 1835 286 1890 et
306 1836 452 1907 remoto,
467 1819 557 1914 quod
577 1821 701 1888 intrare
717 1822 803 1889 intra
824 1819 974 1913 presidia
993 1813 1217 1913 periculosum
1233 1842 1296 1911 pu·

256 1940 358 2027 tabat,
376 1941 411 2007 in
433 1939 567 2009 Helvios
586 1939 819 2034 proficiscitur.
839 1943 910 2010 Etsi
931 1964 1027 2008 mons
1048 1943 1220 2025 Cevenna,
1236 1938 1295 2031 qui

255 2063 424 2126 Arvernos
441 2058 482 2126 ab
500 2057 625 2128 Helviis
643 2057 814 2145 discludit,
835 2057 1012 2128 durissimo
1030 2072 1180 2152 tempore
1195 2059 1295 2146 enni,

256 2174 413 2246 altissima
440 2179 516 2247 nive
536 2179 599 2247 iter
617 2177 837 2272 impediebat,
864 2193 974 2247 tamen
994 2179 1141 2247 discussa
1164 2179 1241 2246 nive
1259 2202 1294 2249 vr

256 2299 290 2365 in
310 2295 522 2366 altitudinem
543 2298 681 2390 pedum,
699 2312 798 2392 atque
815 2300 861 2367 ita
878 2299 938 2367 viis
956 2297 1148 2392 patefactis,
1164 2323 1295 2367 summo

257 2414 399 2485 militum
423 2416 542 2486 sudore
563 2417 605 2485 ad
626 2415 707 2486 lines
727 2423 958 2489 Arvernorum,
978 2419 1139 2511 pervenit.
1163 2417 1296 2506 Quibus

257 2538 421 2630 oppressis
451 2537 720 2630 inopinantibus,
740 2538 830 2631 quod
862 2563 896 2606 se
919 2541 1093 2626 Cevenna,
1120 2553 1156 2608 ut
1181 2563 1296 2623 muro,

258 2659 405 2727 munitos
424 2657 676 2742 existimabant,
693 2683 731 2728 ac
752 2661 793 2727 ne
813 2656 973 2752 singulari
994 2658 1127 2752 quidem
1149 2683 1296 2753 unquam

259 2777 386 2846 homini
407 2801 447 2846 eo
470 2792 620 2871 ternpore
648 2779 726 2846 anni
755 2779 877 2846 semitae
903 2793 1099 2872 patuerant,
1129 2779 1297 2872 equitibus

259 2897 399 2989 imperat
413 2912 473 2982 ut,
492 2922 593 2990 quarn
613 2895 772 2966 latissime
791 2899 935 2991 possint,
953 2915 1125 2993 vagentur,
1146 2913 1180 2968 et
1196 2922 1296 2991 quam

260 3015 438 3084 maximum
472 3017 622 3085 hostibus
650 3031 811 3085 terrorem
848 3018 1001 3085 inferant.
1036 3017 1196 3086 Celeriter
1228 3017 1298 3087 haec

259 3135 346 3202 fama
362 3155 400 3203 ac
417 3138 542 3206 nuntiis
558 3138 600 3206 ad
613 3137 920 3231 Vercingetorigem
939 3138 1153 3229 perferuntur
1171 3163 1297 3230 :quem

261 3255 426 3348 perterriti
442 3279 558 3324 omnes
569 3258 711 3326 Arverni
726 3257 975 3325 circumsistunt
992 3270 1092 3346 atque
1107 3257 1296 3337 obsecrant,

262 3389 299 3441 ut
317 3374 383 3442 suis
404 3373 544 3444 fortunis
567 3373 736 3462 consulat,
754 3401 817 3443 neu
836 3374 930 3451 seab
952 3375 1102 3444 hostibus
1118 3373 1218 3468 diripi
1237 3399 1297 3469 pa·

261 3493 373 3578 tiator,
386 3495 567 3586 presertim
583 3518 686 3587 quum
701 3493 810 3563 videat
825 3518 924 3562 omne
940 3493 982 3561 ad
999 3518 1033 3563 se
1048 3491 1173 3562 bellum
1190 3508 1298 3562 trans-

262 3609 376 3680 latum.
396 3613 549 3701 Quorum
570 3611 624 3682 ille
640 3613 792 3707 precibus
809 3628 1000 3707 permotus,
1014 3627 1122 3682 castra
1142 3639 1182 3682 cx
1204 3615 1296 3684 Ritu·

263 3732 385 3826 rigibus
405 3746 516 3800 movet
535 3734 569 3802 in
589 3737 756 3803 Arvernos
778 3759 899 3802 versus.

310 3853 367 3920 lx.
386 3855 433 3920 At
447 3855 568 3939 Ctesar,
585 3851 723 3922 biduum
740 3854 773 3921 in
793 3855 832 3922 iis
848 3853 927 3924 locis
945 3871 1108 3939 moratus,
1126 3855 1215 3948 quod
1231 3855 1299 3924 haec

262 3971 302 4038 (lc
315 3971 588 4065 Vercingetorige
606 3999 667 4041 usu
681 3988 820 4040 ventura
836 3976 994 4066 opinione
1011 3991 1226 4070 praeccpcrat,
1239 3999 1299 4069 per

232 4200 243 4231 ΔΛ,

217 4255 225 4268 .
