3062 4766
283 411 338 470 ott,
437 403 467 456 C.
490 401 586 456 JIILII
607 401 769 458 CAESARIS
791 401 1157 458 COMMENTARIORUM

280 529 387 595 virtus
400 529 471 619 ejus
485 539 584 613 esset,
602 524 675 594 telis
691 527 837 594 hostium
851 525 1058 619 flammaque
1076 549 1110 594 se
1126 523 1319 595 offerebant.

328 649 450 714 XLIII.
478 650 588 714 Caesar
606 671 710 738 quum
735 645 924 741 complures
946 669 1022 714 suos
1042 641 1210 712 vulnerari
1228 639 1320 710 vide'·

281 780 352 849 ret,
378 790 418 833 ex
444 765 598 834 omnibus
618 764 733 859 oppidi
755 765 905 858 partibus
929 764 1082 832 cohortes
1105 777 1252 831 montem
1268 785 1320 828 as·

279 885 436 972 candere,
453 899 507 972 et,
530 883 740 953 simulatione
759 885 918 952 moenium
941 881 1233 977 occupandorum,
1253 879 1320 949 cla·

279 990 406 1073 morem
427 1003 576 1097 undiquc
594 1005 691 1098 jubet
711 1001 837 1072 tollere.
858 1005 937 1091 Quo
962 1003 1049 1071 facto
1072 1001 1240 1096 perterriti
1259 1024 1320 1093 op·

279 1123 413 1217 pidani,
440 1147 545 1216 quum
574 1122 655 1217 quid
685 1137 839 1216 ageretur
866 1123 900 1189 in
934 1120 1015 1190 locis
1047 1120 1182 1214 reliquis
1212 1136 1319 1189 essent

280 1243 404 1335 ignari,
425 1243 576 1336 suspensi
599 1256 756 1310 revocant
773 1243 814 1310 ab
833 1240 1067 1336 impugnandis
1087 1241 1243 1334 operibus
1263 1236 1318 1308 ar·

280 1373 402 1446 matos,
416 1363 586 1454 murisque
599 1361 792 1456 disponunt.
808 1363 858 1429 Ita
874 1362 996 1446 nostri,
1009 1359 1075 1428 fine
1093 1357 1200 1453 proelii
1217 1359 1318 1446 Iacto,
1354 1353 1357 1360 ⁴

280 1478 431 1548 celeriter
441 1505 543 1574 opera
558 1481 691 1550 flamma
706 1481 943 1575 comprehensa
959 1482 1078 1572 partim
1093 1481 1319 1572 restinguunt,

280 1601 402 1692 partim
417 1600 670 1670 interscindunt.
688 1602 803 1690 Quum
822 1599 1036 1694 pertinaciter
1051 1599 1242 1667 resisterent
1257 1623 1318 1691 op-

281 1717 415 1810 pidani,
432 1735 479 1807 et,
494 1721 563 1814 jam
580 1743 698 1814 magna
717 1732 810 1812 parte
829 1743 966 1788 suorum
979 1721 1033 1789 siti
1047 1719 1183 1806 amissa,
1201 1719 1235 1785 in
1249 1741 1321 1786 sen·

280 1841 383 1907 tentia
397 1854 645 1933 permanerent,
660 1838 702 1907 ad
715 1841 919 1931 postremum
936 1837 1096 1906 cuniculis
1113 1833 1205 1907 venae
1217 1838 1320 1907 sontis

280 1957 442 2026 intercisae
456 1974 535 2027 sunt
550 1972 650 2051 atque
661 1981 799 2026 aversae.
817 1959 896 2048 Quo
913 1957 1001 2026 facto
1015 1971 1151 2050 repente
1167 1943 1320 2051 perennis

279 2077 409 2144 exaruit
425 2077 515 2163 fons,
534 2083 727 2171 tantamque
746 2076 859 2146 attulit
874 2073 1051 2172 oppidanis
1074 2076 1188 2146 salutis
1204 2077 1321 2172 despe-

279 2195 461 2281 rationem,
487 2212 525 2265 ut
553 2197 588 2265 id
616 2222 682 2265 non
710 2198 884 2266 hominum
914 2194 1066 2282 consilio,
1094 2196 1151 2264 sed
1180 2197 1320 2267 deorum

279 2312 450 2384 voluntate
461 2315 588 2386 factum
605 2330 771 2412 putarent.
789 2319 923 2410 Itaque,
943 2315 1137 2384 necessitate
1149 2320 1271 2406 coacti,
1286 2343 1320 2388 se

280 2433 499 2504 tradiderunt.

327 2555 448 2625 XLIV.
474 2558 599 2646 Ceasar,
616 2583 718 2652 quum
735 2585 828 2629 suam
844 2557 1013 2628 lenitatem
1028 2560 1195 2654 cognitam
1212 2562 1320 2628 omni·

278 2672 341 2742 bus
361 2675 474 2763 sciret,
493 2701 602 2770 neque
621 2695 791 2748 vereretur
812 2704 854 2748 ne
877 2678 959 2773 quid
975 2676 1172 2749 crudelitate
1193 2693 1320 2749 naturae

277 2770 448 2868 uideretur
475 2799 622 2892 asperius
651 2798 785 2887 fecisse,
811 2823 919 2892 neque
947 2801 1071 2869 exitum
1105 2799 1318 2869 consiliorum

279 2940 415 2984 suorum
438 2916 717 2987 animadverteret
740 2920 767 2988 si
793 2919 850 2988 tali
874 2921 1004 2990 ratione
1025 2919 1162 2989 diversis
1182 2921 1215 2986 in
1238 2917 1319 2987 locis

279 3032 390 3128 plures
406 3035 566 3105 rebellare
588 3035 725 3107 consilia
747 3040 902 3126 inissent,
919 3037 1072 3133 exemplo
1092 3035 1245 3133 supplicii
1265 3039 1320 3107 de-

280 3154 452 3224 terrendos
470 3155 616 3251 reliquos
632 3158 839 3227 existimavit.
854 3161 971 3251 Itaque
986 3158 1141 3231 omnibus
1158 3159 1216 3251 qui
1229 3183 1320 3228 arma

281 3273 426 3345 tulerant
445 3303 563 3347 manus
589 3277 753 3373 praeeidit3
768 3281 870 3348 vitam
893 3280 1071 3358 concessit,
1087 3303 1154 3372 quo
1171 3280 1321 3349 testatior

279 3413 364 3467 essct
384 3421 478 3491 poena
496 3398 736 3492 improborum.
756 3403 924 3493 Drappes,
942 3423 1041 3492 quern
1057 3414 1192 3494 captum
1214 3425 1284 3469 esse
1302 3425 1321 3468 a

279 3519 421 3586 CanInio
444 3517 562 3606 docui,
588 3520 655 3588 sive
682 3519 880 3616 indignitate
902 3535 935 3589 et
958 3519 1073 3590 dolore
1089 3518 1320 3606 vinculorum,

278 3637 347 3705 sive
369 3637 489 3704 timore
509 3639 670 3731 gravioris
695 3639 866 3735 supplicii,
887 3642 1000 3733 paucis
1021 3641 1137 3710 diebus
1157 3665 1226 3710 seso
1247 3643 1320 3711 cibo

279 3757 456 3845 abstinuit,
473 3771 572 3850 atque
592 3762 638 3828 ita
661 3762 796 3832 interiit.
815 3760 941 3832 Eodem
957 3774 1105 3854 tempore
1126 3763 1319 3848 Lucterius,

279 3899 378 3968 quem
397 3875 581 3972 profugisse
602 3905 641 3948 ex
658 3881 775 3976 prcelio
794 3884 926 3976 scripsi,
946 3905 1049 3976 quum
1073 3883 1106 3950 in
1123 3897 1320 3976 potestatem
1369 3869 1374 3878 ¹

282 3996 423 4065 venisset
440 4000 618 4092 Epasnacti
634 4003 774 4071 Arverni
791 4000 922 4094 (crebro
934 4002 1023 4072 enim
1039 4003 1207 4072 mutandis
1223 4001 1320 4092 locis,
