3068 4772
465 367 668 468 ¹ntssurnn
688 407 977 466 stsxsnunrno.
1186 409 1241 466 sos

209 539 420 608 Carmonem.
447 533 517 603 Sub
537 532 624 602 idem
645 547 773 626 tempus
794 531 979 602 Trebonius
998 531 1176 623 proconsul
1201 531 1242 602 ad

206 654 411 750 provinciam
429 650 644 720 obtinendam
662 652 763 720 venit.
789 653 841 722 De
856 650 951 744 cujus
971 649 1115 720 adventu
1135 664 1173 720 ut
1189 676 1242 720 co-

206 775 322 869 gnovit
340 773 489 856 Cassius,
509 769 672 864 legiones,
690 794 772 864 ques
790 793 901 840 secum
922 769 1099 857 babuerat,
1118 770 1243 862 equits·

206 909 345 986 tumque
362 893 397 960 in
413 891 550 960 hiberna
569 888 735 960 distribuit
753 913 761 956 τ
782 890 870 983 ipse,
887 889 1049 958 omnibus·
1057 889 1125 958 suis
1144 889 1241 960 rebus

204 1011 355 1082 celeriter
372 1011 547 1105 correptis,
565 1008 728 1080 Malacam
754 1009 941 1096 contendit;
966 1009 1077 1101 ibique
1104 1008 1242 1080 adverso

208 1147 354 1226 tempore
367 1129 543 1224 navigandi
559 1153 658 1200 nares
671 1127 876 1213 conscendit,
892 1143 929 1197 ut
942 1128 1012 1222 ipse
1025 1127 1242 1223 predicabat,

206 1276 249 1322 ue
262 1275 296 1322 se
312 1248 458 1345 Lepido,
475 1263 509 1318 et
522 1248 706 1333 Trebonio,
724 1261 758 1316 et
775 1245 935 1316 Marcello
950 1249 1185 1335 committeret;
1204 1263 1242 1319 ut

205 1374 303 1442 amici
321 1372 391 1465 ejus
412 1369 624 1454 dictitabant,
645 1394 687 1437 ne
705 1392 764 1462 per
781 1392 855 1438 eam
882 1369 1087 1461 provinciam
1113 1369 1241 1439 minore

205 1516 281 1562 cum
299 1490 460 1586 dignitate
476 1491 538 1558 iter
552 1489 690 1575 luceret,
708 1488 803 1580 cujus
819 1512 936 1582 magna
953 1513 1030 1582 pars
1047 1490 1088 1558 ab
1103 1514 1143 1558 co
1156 1489 1242 1558 defe-

205 1625 314 1693 cerat;
332 1625 369 1680 ut
383 1609 481 1678 ceteri
498 1607 742 1692 existimabant,
758 1632 799 1676 ue
811 1607 950 1701 pecunia
960 1605 1031 1694 illa,
1047 1632 1087 1676 ex
1104 1608 1242 1680 infinitis

204 1730 329 1824 rupinis
344 1729 514 1814 conlecta,
530 1729 563 1796 in
585 1741 776 1820 potestatem
797 1727 989 1820 cujusquam
1011 1728 1145 1796 veniret.
1163 1731 1243 1798 Pro·

206 1872 336 1944 gressus
354 1847 517 1935 secunda,
532 1861 569 1915 ut
591 1847 745 1931 hiberna,
767 1859 973 1939 tempestate,
992 1871 1096 1938 quum
1117 1845 1150 1916 in
1168 1847 1243 1916 Ibe-

205 1991 279 2036 rum
310 1965 433 2036 llumen
459 1967 565 2036 noctis
586 1964 727 2034 vitandos
746 1988 845 2034 causa
868 1989 903 2034 se
928 1962 1141 2051 contulisset,
1165 1968 1244 2038 indo

204 2083 305 2178 paulo
321 2084 562 2156 vehementiore
578 2098 771 2177 tempestate
786 2081 890 2154 nihilo
907 2083 1122 2178 periculosius
1135 2111 1169 2156 se
1188 2111 1242 2156 na·

204 2205 395 2299 rigaturum
412 2203 563 2292 credens,
581 2203 747 2299 profectus
765 2201 909 2272 adversis
935 2202 1102 2292 ductibus,
1127 2230 1242 2275 occur·

204 2323 354 2394 rentibus
374 2324 458 2394 ostio
479 2323 640 2412 llumiuis,
661 2324 694 2392 in
718 2323 797 2417 ipsis
816 2320 982 2407 faucibus,
1005 2347 1107 2416 quum
1135 2349 1242 2418 neque

204 2441 335 2512 flectere
349 2445 459 2512 navim
473 2457 610 2538 propter
626 2443 693 2511 vim
708 2441 871 2529 lluminis,
885 2467 991 2534 neque
1005 2441 1161 2512 directam
1173 2458 1242 2514 tau·

205 2563 246 2632 tis
265 2561 419 2632 lluctibus
435 2577 548 2632 tenere
566 2575 688 2655 posset,
708 2561 857 2630 demersa
875 2562 968 2647 navi,
987 2564 1095 2654 periit

253 2684 358 2751 LXV.
373 2683 487 2768 Quum
507 2681 543 2749 in
554 2681 682 2773 Syriam
698 2681 808 2748 Caesar
819 2703 858 2748 ex
872 2680 1013 2774 AEgypto
1024 2683 1182 2771 venisset,
1195 2700 1240 2754 at·

204 2825 269 2893 que
279 2800 321 2868 ab
333 2801 388 2884 iis,
401 2801 457 2893 qui
471 2803 576 2868 Roma
588 2812 749 2867 venerant
760 2798 802 2866 ad
813 2823 904 2886 eum,
916 2817 1146 2894 cognosceret,
1159 2802 1243 2874 litte·

204 2909 315 3013 risque
326 2919 461 2988 urbanis
474 2917 767 3007 animadverteret,
781 2916 884 2988 multu
900 2922 1013 2989 Rome
1027 2919 1153 2991 maleet
1168 2925 1242 2994 inu·

204 3035 304 3106 tiliter
318 3038 558 3120 administrari,
574 3061 681 3130 neque
698 3035 798 3106 ullam
813 3052 941 3132 partem
958 3039 1146 3135 reipublicae
1160 3045 1240 3113 satis

202 3154 373 3226 commode
391 3157 476 3251 geri,
492 3153 582 3248 quod
600 3168 632 3226 et
649 3157 917 3226 contentionibus
933 3157 1113 3230 tribunitiis
1129 3163 1240 3255 perni-

202 3275 299 3344 ciosae
307 3273 483 3344 seditiones
495 3275 672 3358 orirentur,
683 3288 715 3342 et
725 3274 906 3346 ambitione
917 3291 1017 3370 atque
1035 3277 1241 3374 indulgentis

200 3395 410 3465 tribunorum
434 3392 593 3482 militum,
615 3393 721 3486 etqui
740 3391 924 3488 legionibus
938 3412 1116 3489 praeerant,
1135 3399 1241 3472 multu

201 3531 316 3586 contra
331 3537 456 3586 morem
473 3512 811 3606 consuetudinemque
828 3512 1003 3584 militarem
1022 3514 1150 3604 lierent,
1165 3545 1240 3612 quae

200 3633 601 3729 dissolvendaedisciplinae
611 3631 859 3726 severitatisque
870 3647 995 3722 essent,
1010 3657 1113 3726 eaque
1126 3639 1238 3708 omnia

200 3749 348 3844 flugitare
357 3754 533 3826 adveutum
544 3777 640 3824 suum
648 3751 789 3841 videret,
800 3767 911 3821 tamen
922 3752 1160 3846 praeferendum
1174 3759 1240 3825 exi-

201 3869 446 3966 stimavit,quas
456 3873 489 3941 in
501 3873 686 3966 provincias
696 3873 909 3966 regionesque
919 3871 1184 3961 venissetessits
1194 3899 1240 3946 re-

201 3984 349 4078 linquere
366 3992 579 4079 constitutas,
597 4005 634 4059 ut
647 3990 835 4062 domesticis
848 3989 1107 4062 dissensionibus
1125 3992 1240 4067 libera·
