3026 4768
460 297 510 404 Dlt
530 347 651 406 nunno
671 341 835 400 GALLlCO
856 341 927 398 LlB.
944 341 977 395 V.
1187 345 1235 399 131

192 485 285 565 gato,
309 493 409 565 quem
432 467 556 563 legioni
581 489 645 538 xtu
665 465 873 561 praefecerat,
902 469 1022 538 certior
1052 481 1100 536 est
1125 468 1244 560 sactus,

192 612 332 684 magnas
352 585 528 676 Gallorum
550 589 661 683 copias
682 610 796 656 earum
818 585 1008 674 civitatum,
1027 611 1102 682 quse
1124 595 1245 660 Amo-

191 710 269 778 ricae
284 707 512 803 appellantur,
528 707 745 804 oppugnandi
759 710 810 778 sui
823 731 938 797 causa,
954 710 1149 780 convenisse
1166 736 1174 780 ι
1189 735 1247 780 ne·

193 853 260 922 que
276 828 409 924 longius
423 827 526 898 millia
537 853 694 923 passuum
709 853 771 900 vui
788 829 830 898 ab
840 830 990 900 hibernis
1008 831 1075 900 suis
1084 831 1246 919 abfuisse3

194 950 252 1019 sed
273 952 392 1020 nuntio
408 949 510 1020 allato
531 951 573 1020 de
588 951 728 1021 victoria
748 952 903 1040 Caesaris,
922 949 1122 1043 discessisse,
1142 951 1246 1044 adso,

194 1083 233 1138 ut
249 1069 334 1165 fugae
350 1070 467 1142 similis
481 1071 644 1141 discessus
663 1071 842 1142 videretur.
898 1157 899 1160 Ἴ

240 1193 329 1264 LIV.
357 1197 403 1263 At
425 1195 550 1282 Caesar,
571 1191 779 1288 principibus
802 1193 965 1288 cujusque
982 1195 1126 1264 civitatis
1149 1195 1248 1265 adse

193 1316 353 1401 evocatis,
377 1312 460 1385 alios
487 1313 691 1402 territando,
721 1338 827 1409 quum
856 1339 891 1385 se
918 1317 1102 1410 scireque
1130 1315 1248 1386 fierent

194 1433 426 1523 denuntiaret,
448 1433 530 1506 alios
554 1433 776 1525 cohortando,
799 1459 956 1531 magnam
977 1450 1106 1531 partem
1129 1435 1249 1508 Gallim

194 1555 228 1622 in
251 1553 362 1625 officio
377 1557 495 1626 tenuit.
512 1559 639 1626 Tamen
655 1558 820 1643 Senones,
838 1581 913 1650 qum
928 1572 979 1626 est
994 1557 1111 1626 civitas
1131 1559 1166 1626 in
1183 1559 1249 1651 pri·

194 1679 259 1748 mis
276 1677 390 1763 firma,
409 1692 443 1746 et
466 1701 594 1773 magnae
615 1677 704 1747 inter
724 1675 843 1748 Gallos
864 1678 1089 1761 auctoritatis,
1109 1677 1249 1746 Caveri}

196 1823 294 1888 num,
311 1823 413 1893 quem
438 1800 548 1868 Caesar
575 1795 665 1892 apud
683 1821 739 1866 eos
760 1821 873 1893 regem
893 1798 1113 1867 constituerat
1132 1796 1249 1892 (cujus

196 1919 299 1990 srater
323 1919 543 2015 Moritasgus,
565 1917 711 1988 adventu
736 1919 771 1987 in
790 1917 935 1989 Galliam
958 1918 1118 2004 Caesaris,
1141 1920 1250 2014 cujus·

133 2113 137 2120 ,
196 2065 262 2135 que
291 2042 434 2135 majores
459 2063 601 2140 regnum
628 2037 876 2135 obtinuerant),
902 2037 1089 2112 interficere
1114 2039 1249 2136 publico

197 2161 339 2232 consilio
364 2163 491 2251 conati,
516 2185 620 2255 quum
643 2158 698 2229 ille
726 2158 948 2254 praesensisset
971 2185 1009 2230 ac
1032 2160 1249 2259 profugisset,

196 2282 361 2376 usquead
377 2282 461 2352 fines
481 2282 639 2368 insecuti,
655 2303 761 2375 regno
782 2279 949 2374 domoque
968 2281 1183 2377 expulerunt3
1199 2297 1250 2373 et,

198 2404 305 2473 missis
327 2401 370 2472 nd
392 2407 557 2475 Caesarem
578 2399 801 2470 satisfaciendi
820 2424 920 2470 causa
944 2393 1074 2497 legatis,
1094 2427 1200 2496 quum
1225 2404 1252 2472 is

198 2549 334 2596 omnem
357 2523 400 2592 ad
419 2549 454 2593 se
471 2538 623 2593 senatum
642 2521 756 2590 venire
772 2521 939 2615 jussisset,
963 2521 1054 2593 dicto
1077 2521 1253 2592 audientes

199 2669 268 2716 non
280 2644 427 2713 suerunt.
440 2646 587 2712 Tantum
600 2641 692 2736 apud
704 2640 856 2710 homines
868 2641 1027 2711 barbaros
1039 2641 1165 2730 valuit,
1182 2665 1251 2711 esse

198 2777 348 2860 repertos
380 2762 510 2857 aliquos
544 2763 709 2857 principes
739 2759 819 2830 belli
846 2759 1028 2847 inferendi,
1057 2775 1254 2855 tantamque

199 2886 354 2956 omnibus
370 2883 580 2954 voluntatum
600 2883 897 2953 commutationem
915 2880 1042 2969 attulit,
1060 2897 1116 2972 ut,
1135 2897 1255 2977 praeter

199 3008 324 3080 AEduos
343 3022 377 3077 et
394 3009 534 3094 Remos,
554 3029 638 3099 quos
657 3003 826 3099 praecipuo
845 3027 977 3098 semper
994 3003 1124 3073 honore
1143 3005 1254 3077 Caesar

200 3129 332 3215 babuit,
349 3127 470 3198 alteros
486 3152 549 3223 pro
565 3141 677 3198 vetere
690 3149 729 3194 ac
745 3137 908 3219 perpetua
922 3149 1001 3218 erga
1019 3123 1184 3220 populum
1200 3151 1256 3196 ro-

201 3275 339 3322 manum
350 3250 416 3321 fide
428 3301 438 3338 ,
451 3249 573 3320 alteros
593 3273 655 3343 pro
673 3245 863 3316 recentibus
883 3243 1006 3315 Gallici
1022 3243 1102 3314 belli
1119 3245 1255 3336 officiis,

201 3370 294 3442 nulla
314 3371 385 3441 sore
401 3372 518 3441 civitas
538 3368 639 3438 fuerit
655 3392 724 3436 non
746 3379 899 3461 suspecta
921 3366 1029 3436 nobis.
1045 3365 1154 3461 quue
1173 3367 1257 3436 adeo

201 3494 289 3564 baud
318 3494 386 3564 scio
405 3490 642 3562 mirandumne
663 3489 725 3578 sit,
745 3513 851 3583 quum
872 3487 1101 3584 compluribus
1121 3487 1195 3560 aliis
1216 3487 1258 3558 de

202 3617 329 3705 causis,
349 3631 423 3684 tum
444 3593 607 3700 maxime,
633 3609 740 3705 quod,
763 3611 821 3704 qui
843 3611 967 3678 virtute
996 3609 1075 3680 belli
1101 3611 1258 3680 omnibus

204 3737 360 3830 gentibus
373 3735 649 3829 praeferebantur,
663 3745 796 3801 tanturn
813 3755 847 3800 se
863 3731 935 3825 ejus
952 3731 1122 3825 opinionis
1138 3728 1259 3827 deper-

204 3855 341 3942 didisse,
359 3871 396 3926 ut
414 3883 434 3929 a
449 3853 577 3951 populo
594 3877 735 3922 romano
752 3853 892 3946 imperia
909 3852 1111 3946 perferrent,
1131 3850 1261 3947 gravis-

203 3979 286 4048 sime
307 3974 476 4048 dolebant.

1086 4127 1113 4178 9.
