3014 4780
448 537 450 542 ἢ
509 465 560 520 na
581 463 706 520 asmo
727 467 935 527 anmcsno,
1184 469 1239 538 aas

204 593 349 660 miserat.
380 591 459 678 Quo
484 591 587 678 facto,
610 593 714 660 cuivis
745 589 840 659 facite
869 591 932 660 fuit
961 591 1143 682 intellectu,
1170 598 1240 666 Sci·

203 713 295 804 pioni
310 709 459 779 additum
475 710 621 779 aninium
635 709 855 804 fiduciamque
872 713 958 806 regis
977 711 1119 785 adventu
1137 741 1145 783 ε
1162 739 1239 805 nam

203 843 335 923 postero
352 828 405 898 die
421 830 590 899 universas
600 855 675 900 suas
691 833 841 926 regisque
856 832 982 926 copias,
996 857 1071 902 cum
1088 832 1240 930 elephan-

168 941 171 950 ¹
203 951 245 1019 tis
264 973 309 1019 cx
333 949 510 1045 productas
531 953 566 1019 in
585 953 706 1039 aciem,
730 976 831 1045 quam
850 954 1087 1046 speciosissime
1112 959 1239 1048 potuit,

203 1070 359 1139 instruxit
376 1095 383 1138 :
404 1095 443 1139 ac
461 1069 560 1165 paulo
577 1070 709 1165 longius
727 1095 921 1166 progressus
938 1073 980 1142 ab
997 1074 1064 1142 suis
1079 1076 1238 1146 munitio·

202 1191 316 1279 nibus,
335 1191 425 1262 baud
443 1194 489 1261 ita
506 1190 563 1261 diu
583 1202 827 1278 commoratus,
846 1219 881 1262 se
897 1196 1019 1289 recepit
1040 1197 1074 1264 in
1095 1209 1213 1266 castra.

249 1314 371 1380 XLIX.
392 1315 502 1382 Caesar
518 1327 692 1414 postquam
710 1313 959 1402 animadvertit,
979 1315 1125 1409 Scipioni
1143 1319 1237 1386 auxi·

200 1430 242 1499 iia
270 1430 360 1522 fere,
384 1455 457 1525 quae
487 1447 725 1526 exspectasset,
748 1435 857 1508 omnia
884 1436 1100 1524 convenisse,
1131 1461 1238 1530 neque

200 1573 327 1620 moram
347 1553 518 1647 pugnandi
538 1552 637 1621 uliam
657 1552 745 1639 fore,
766 1577 826 1646 per
836 1556 954 1648 jugum
973 1579 1141 1624 summum
1160 1581 1236 1624 cum

198 1673 301 1765 copiis
328 1671 484 1767 progredi
509 1673 626 1767 cqepit,
649 1689 682 1743 et
702 1673 835 1742 brachia
861 1675 1013 1767 protinus
1041 1674 1177 1761 ducere,
1205 1691 1238 1744 et

198 1789 330 1861 castella
353 1793 505 1878 munire,
529 1795 731 1888 propiusque
761 1793 948 1888 Scipionem
978 1792 1139 1887 capiendo
1164 1791 1236 1864 loca

198 1910 324 1981 excaisa
363 1935 525 2006 occupare
556 1913 735 1982 contendit.
769 1913 977 2002 Adversarii,
1009 1911 1237 2009 magnitudine

199 2031 368 2124 copiarum
391 2033 527 2121 confisi,
549 2035 734 2126 proximum
760 2030 878 2103 cottem
901 2050 1163 2129 occupaverunt,
1187 2051 1235 2106 nt·

198 2173 263 2241 que
281 2151 326 2220 ita
343 2150 473 2246 longius
496 2151 541 2221 ibi
562 2152 794 2249 progrediendi
817 2155 1011 2246 eripuerunt
1034 2153 1234 2228 facultatem.

198 2269 350 2364 Ejusdem
371 2269 464 2341 coitis
477 2272 659 2367 occupandi
677 2277 783 2367 gratia
803 2274 969 2344 Labienus
988 2273 1163 2345 consilium
1181 2253 1235 2346 ce-

198 2406 309 2485 perat,
333 2407 381 2480 et,
404 2418 471 2486 quo
494 2395 648 2487 propiore
669 2391 743 2462 loco
769 2393 886 2482 fuerit,
905 2419 944 2464 eo
963 2394 1100 2464 celerius
1119 2421 1236 2466 occur·

198 2525 297 2582 rerat.

246 2636 285 2703 L.
313 2637 394 2704 Erat
412 2633 590 2726 convallis,
615 2636 693 2703 satis
712 2657 831 2728 magna
850 2614 1039 2720 latitudine,
1059 2637 1233 2707 altitudine

197 2767 379 2848 praerupta,
407 2755 531 2822 crebris
556 2753 635 2822 ioris
659 2752 821 2847 speluncae
845 2749 878 2827 iri
905 2754 1039 2826 mo'dum
1063 2757 1232 2846 subrutis,

114 2895 117 2902 ’
197 2897 269 2966 quae
284 2887 379 2941 erant
390 2871 659 2966 transgredienda
669 2873 790 2944 Caesari
803 2890 897 2960 ante,
910 2899 1009 2968 quam
1023 2876 1151 2946 adeum
1164 2876 1234 2946 coi-

198 2990 277 3078 iem,
299 3015 397 3085 quem
419 3015 535 3084 capere
556 2989 706 3079 volebat,
727 2995 969 3087 perveniretur3
988 2993 1140 3089 ultraque
1160 3019 1232 3066 eam

197 3108 381 3178 convallem
396 3109 553 3179 olivetum
570 3126 679 3199 vetus,
692 3113 816 3182 crebris
826 3113 998 3184 arboribus
1015 3113 1230 3185 condensum.

181 3209 259 3299 ¹Hic
273 3254 377 3324 quum
393 3232 560 3301 Labienus
575 3232 875 3320 animadvertisset,
892 3235 1069 3324 Caesarem,
1088 3237 1115 3306 si
1133 3235 1233 3306 vellet

195 3375 269 3418 eum
289 3347 397 3419 locum
416 3359 593 3446 occupare,
612 3351 705 3446 prius
726 3377 855 3421 necesse
873 3377 943 3422 esse
962 3353 1144 3424 convallem
1166 3355 1230 3425 oii-

196 3487 373 3565 vetumque
388 3472 594 3568 transgredi,
611 3493 726 3541 eorum
745 3471 892 3544 iocorum
910 3469 1035 3568 peritus
1053 3477 1085 3544 in
1104 3475 1228 3545 insidiis

194 3617 269 3688 cum
287 3609 382 3687 parte
399 3595 563 3687 equitatus
580 3591 709 3686 levique
725 3608 894 3662 armatura
910 3595 1058 3662 consedit
1077 3620 1085 3662 ε
1105 3590 1136 3663 e't
1155 3619 1231 3688 prae·

196 3725 282 3780 terea
302 3728 376 3806 post
396 3728 541 3783 montem
562 3711 726 3805 collesque
745 3713 871 3806 equites
888 3715 921 3780 in
939 3712 1069 3782 occuito
1087 3711 1231 3782 coltoca-

196 3845 307 3914 verat,
327 3848 382 3920 ut,
402 3833 506 3926 quum
525 3835 594 3928 ipse
614 3858 654 3902 ex
674 3834 853 3927 improviso
878 3829 1073 3926 legionarios
1094 3832 1230 3902 adortus

193 3963 295 4038 esset,
313 3976 350 4019 ex
366 3951 450 4023 cotie
467 3979 501 4023 se
517 3957 681 4046 equitatus
699 3954 899 4042 ostenderet,
917 3967 951 4021 et
964 3977 1000 4022 re
1016 3951 1139 4047 duplici
1156 3978 1231 4048 per·

195 4068 345 4138 turbatus
372 4073 481 4141 Cesar
513 4073 647 4166 ejusque
672 4077 849 4162 exercitus,
878 4097 983 4166 neque
1009 4089 1097 4142 retro
1119 4096 1229 4168 regre-
1270 4159 1276 4172 Ι

1007 4193 1059 4264 16.
