3096 4762
457 315 511 372 na
532 315 654 372 amno
676 311 838 372 eunuco
859 317 928 372 nn.
946 317 990 374 11.
1205 320 1254 392 tt

195 465 278 536 pora
291 441 437 535 reliquos
449 439 665 509 audacissime
682 440 823 510 transire
838 455 1013 526 conantes,
1028 439 1243 510 multitudine

197 558 350 630 telorum·
363 557 580 653 repulerunt3
601 562 748 654 primos,
774 561 833 653 qui
856 557 1068 646 transierant,
1090 563 1242 654 equitatu

196 682 444 750 circumventos
455 677 701 748 interfeoerunt.
712 685 846 767 Hostes,
859 681 916 748 ubi
925 695 960 748 et
970 678 1011 748 de
1021 679 1243 773 expugnando

197 799 342 894 oppido,
354 813 388 866 et
404 797 444 866 de
458 797 596 867 flumine
608 798 810 869 transeundo
826 823 918 893 spem
933 796 1136 868 sefefellisse
1148 798 1244 867 intel·

198 916 366 1004 texemus,
380 941 499 1011 neque
517 933 653 988 nostros
679 917 842 989 inlocum
866 919 1065 1013 iniquiorem
1087 918 1244 1014 progredi

199 1036 370 1132 pugnandi
384 1061 484 1106 rausa
493 1037 667 1125 viderunt,
680 1053 778 1133 atque
792 1041 881 1133 ipsos
892 1063 945 1107 res
958 1038 1175 1110 frumentaria
1186 1039 1244 1109 de·

200 1159 426 1254 lioemunpit,
438 1157 581 1229 coneilio
590 1176 789 1248 convocato,
802 1161 1062 1247 constituerunt,
1078 1161 1242 1255 optimum

200 1305 268 1350 esse
277 1333 288 1367 ,
298 1279 435 1350 domum
446 1302 539 1350 suam
554 1305 720 1376 quemque
735 1283 875 1364 reverti;
893 1291 1100 1374 ut,'quorum
1112 1281 1147 1350 in
1161 1279 1248 1351 lines

200 1401 345 1495 primum
357 1400 503 1470 Romani
518 1401 701 1470 exercitum
715 1399 992 1488 introduxissent,
1009 1399 1052 1469 ad
1062 1424 1119 1470 eos
1134 1379 1252 1472 ἆεΐοηζ

201 1521 326 1592 dendos
341 1520 491 1616 undique
505 1522 742 1607 eonvenirent3
758 1534 790 1590 et
806 1523 918 1615 potius
936 1521 968 1588 in
985 1521 1074 1608 suis,
1090 1544 1192 1614 quam
1209 1522 1243 1588 in

200 1640 314 1712 alienis
329 1641 466 1725 finibus,
483 1639 708 1729 decertarent,
723 1655 757 1710 et
777 1639 966 1710 domesticis
986 1640 1091 1732 copiis
1109 1640 1159 1707 rei
1174 1638 1245 1708 fru-

201 1763 371 1832 mentoriae
393 1775 576 1831 uterentur.
606 1760 660 1830 Ad
683 1785 757 1829 eam
787 1761 985 1829 sententiam
1012 1782 1089 1826 cum
1109 1755 1245 1852 reliquis

200 1882 308 1952 causis
325 1881 396 1950 hec
416 1903 550 1974 quoque
571 1881 657 1948 ratio
676 1877 906 1965 eosdeduxit,
929 1875 1020 1972 quod
1040 1877 1244 1947 Divitiacum

202 2015 302 2094 atque
314 1998 439 2070 AEduos
450 1998 572 2068 finibus
584 1995 834 2070 Bellovaoorum
844 1997 1113 2094 appropinquare
1122 2021 1246 2094 cogno·

202 2136 328 2189 verant.
345 2121 404 2188 llis
416 2117 624 2213 persuaderi,
638 2133 675 2186 ut
686 2117 812 2186 diutius
821 2123 1043 2203 morirentur,
1057 2140 1165 2213 neque
1177 2120 1248 2188 suis

202 2239 362 2310 auxilium
379 2239 521 2323 ferrent,
538 2261 605 2309 non
623 2228 762 2333 poteret.

250 2363 315 2430 xt-
335 2363 383 2432 Ea
410 2386 446 2428 re
476 2361 674 2449 constituta,
702 2359 847 2430 secunda
871 2359 985 2456 vigilia
1014 2383 1138 2456 magno
1167 2385 1245 2432 cum

202 2481 343 2575 strepitu
361 2505 401 2550 ac
422 2478 569 2549 tumultu
590 2479 708 2548 eastris
727 2477 875 2574 egressi,
889 2475 984 2549 nullo
1003 2495 1095 2550 certo
1110 2478 1247 2568 ordine,

203 2622 312 2692 neque
331 2599 488 2690 imperio,
509 2621 613 2690 quum
632 2596 853 2691 sibiquisque
875 2599 1020 2692 primum
1040 2598 1170 2668 itineris
1196 2597 1246 2667 lo·

203 2741 282 2786 cum
303 2729 446 2809 peteret,
460 2729 494 2782 et
511 2712 647 2785 domum
664 2717 836 2811 pervenire
853 2731 1064 2810 properaret,
1080 2715 1246 2802 fecerunt,

203 2852 243 2906 ut
257 2832 438 2906 consimilis
454 2833 540 2928 fugas
551 2829 713 2928 profectio
725 2836 903 2905 videretur.
922 2842 990 2907 Hac
1004 2859 1041 2903 re
1056 2835 1248 2908 statimne-

203 2981 258 3026 sar
274 2954 334 3050 per
346 2951 570 3052 speculatores
586 2955 736 3049 cognita,
752 2954 888 3024 insidias
905 2957 1046 3043 veritus,
1060 2955 1166 3049 quod,
1181 2981 1247 3054 qua

204 3075 260 3144 de·
275 3097 373 3144 eausa
398 3071 606 3144 discederent
635 3067 783 3144 nondum
811 3086 1040 3169 perspexerat,
1067 3077 1247 3146 exereitum

202 3197 455 3290 equitatumque
476 3193 593 3264 castris
614 3195 790 3263 continuit.
811 3195 922 3264 Prima
945 3189 1037 3281 luce,
1055 3193 1249 3270 confirmata

203 3340 241 3384 re
251 3315 294 3383 ab
307 3312 591 3408 exploratoribus,
602 3337 736 3383 omnem
746 3313 931 3406 equitatum
942 3367 951 3402 ,
962 3315 1020 3408 qui
1031 3314 1248 3386 novissimum

205 3459 324 3530 agmen
335 3449 540 3520 moraretur,
548 3434 717 3530 praemisit.
733 3435 793 3502 llis
804 3433 848 3523 Q.
862 3433 1003 3502 Pedium
1016 3446 1050 3503 et
1062 3435 1100 3504 L.
1117 3435 1250 3504 Aurun-

205 3551 350 3624 culeium
370 3555 505 3622 Cottam
523 3550 648 3646 legatos
666 3551 822 3647 prefecit.
842 3555 881 3621 T.
899 3553 1082 3624 Labienum
1103 3551 1248 3651 legatum

205 3697 287 3744 cum·
308 3673 494 3768 legionibus
519 3673 625 3742 tribus
648 3673 801 3767 subsequi
830 3673 936 3767 jussit.
962 3672 1026 3758 lli,
1054 3671 1249 3752 novissimos

206 3793 329 3880 adorti,
345 3807 378 3864 et
390 3792 496 3862 multa
511 3791 614 3864 millia
631 3817 788 3886 passuum
803 3791 984 3886 prosecuti,
998 3814 1151 3886 magnam
1164 3789 1250 3862 mul·

208 3913 385 3984 titudinem
406 3937 522 3982 eorum
546 3911 744 4005 fugientium
763 3909 1003 3999 conciderunt,
1023 3935 1127 4004 quum
1141 3910 1182 3980 ab
1198 3935 1250 3980 ex·
