3020 4768
279 413 333 468 262
608 410 719 465 NOTAE
739 411 778 465 IN
797 409 944 465 LIBRUM
961 411 987 462 V

277 545 364 602 graecu
376 517 446 592 ἰθὺς,
459 532 564 591 rectus,
578 522 689 596 gallice,
698 524 747 596 qui
758 534 847 579 eston
860 543 901 578 va
914 541 948 578 en
962 525 1039 597 ligne
1050 523 1164 588 directe,
1182 541 1217 577 en
1230 524 1316 578 droite

277 621 362 694 ligne,
383 611 458 684 lirin,
473 625 550 670 recta
567 613 652 670 feror.
674 613 731 670 Sed
749 614 957 698 obseruandum
977 624 1019 670 est
1039 614 1095 668 hoc
1112 632 1217 668 nomen
1239 615 1315 670 varie

276 712 410 785 seriptum
430 727 505 776 esse,
525 725 628 782 nempe
647 708 718 763 Ituu
734 725 786 780 per
805 719 830 775 t,
847 709 877 762 in
894 707 974 762 libris
988 706 1098 779 scriptis
1112 704 1225 762 Caesaris
1237 707 1314 778 juxta

277 804 425 862 Fulvinum
445 803 594 873 Ursinum,
615 812 644 858 et
662 794 745 858 'Itius
762 799 838 873 apud
856 801 1039 870 Strabonem3
1054 801 1099 855 rel
1114 794 1208 868 Ἰκιύς,
1220 817 1272 872 per
1285 819 1316 869 u,

277 895 353 968 apud
361 896 553 965 Ptolemaeum,
565 895 654 950 Iccius
668 893 790 966 denique
799 910 851 965 per
863 892 932 946 ccin
946 891 1130 965 scriptoribus
1139 891 1238 946 mediae
1251 902 1316 946 aeta-

277 989 325 1057 tis,
334 988 405 1044 sicut
413 989 517 1055 Iccius,
527 989 682 1044 Remorum
690 987 797 1059 legatus
807 985 844 1040 ad
852 983 1000 1052 Caesarem,
1012 1001 1048 1054 ιι,
1058 983 1075 1038 3
1084 995 1113 1039 et
1121 983 1147 1038 6.
1158 982 1189 1039 Si
1196 985 1265 1038 Itt'ur
1277 985 1317 1038 le·

277 1080 401 1152 gendum
412 1079 500 1149 foret,
513 1100 529 1136 a
542 1099 612 1136 voce
625 1097 714 1154 graeca
729 1074 799 1146 llus,
811 1087 917 1146 rectus,
929 1077 1002 1132 vela
1014 1075 1101 1132 latina
1114 1077 1183 1143 itus,
1192 1093 1241 1130 -ua
1245 1115 1256 1142 ,
1271 1086 1318 1130 aut

277 1173 337 1239 itio,
353 1173 458 1240 -r'oma5
473 1171 659 1243 deducerem,
673 1181 702 1227 et
715 1170 751 1226 ad
764 1171 838 1226 hanc
851 1167 1052 1244 etymologiam
1066 1166 1137 1222 mibi
1151 1177 1317 1241 argumento

277 1263 371 1318 forent
387 1263 482 1318 multae
500 1263 699 1337 inscriptiones
710 1281 768 1337 pro
785 1263 825 1317 r'tu
844 1271 873 1316 et
897 1261 1001 1328 reditu,
1024 1259 1137 1333 deaeque
1153 1259 1272 1316 Abeona
1289 1271 1318 1315 et

280 1354 413 1421 Adeona3
427 1365 525 1410 contra
546 1355 571 1410 si
588 1356 662 1410 Icr'us
682 1356 729 1410 vel
741 1355 845 1420 Iccius,
859 1372 875 1407 a
892 1370 983 1426 paca
996 1343 1065 1423 i'ru,
1078 1351 1128 1408 tut.
1139 1342 1206 1427 ῗξω,
1218 1351 1318 1421 renio,

277 1438 348 1523 ἵξις,
361 1446 508 1502 adventus.

317 1564 381 1618 Car.
400 1563 450 1617 111.
471 1561 689 1616 Irrdutiomamr.
707 1561 860 1615 Nummum
874 1559 957 1632 hujus
971 1559 1136 1632 possidebat
1152 1559 1318 1626 Oberlinus,

279 1653 354 1727 cujus
373 1653 466 1708 antica
483 1669 548 1726 pars
565 1651 649 1707 offert
661 1661 744 1725 caput
757 1649 882 1722 juvenile
902 1651 1008 1724 absque
1024 1651 1193 1725 epigraphe3
1211 1651 1318 1725 postica

279 1764 348 1800 vero
365 1744 470 1800 bovem
483 1743 658 1818 gradientem
674 1743 801 1798 cumbae
820 1734 1026 1818 inscriptione:
1043 1744 1245 1799 GERMANVS
1259 1743 1317 1799 nl-

279 1839 378 1892 DVTl.
392 1837 455 1892 1111.
470 1834 527 1891 Sed
538 1835 585 1890 hic
594 1853 723 1890 nummus
732 1833 768 1890 ad
780 1834 1009 1890 Indueiomarum
1022 1835 1093 1890 nihil
1106 1835 1241 1910 pertinet;
1253 1853 1316 1890 nam

279 1931 314 1983 D.
329 1927 461 1983 Mionnet
485 1925 581 2002 (Dese.
603 1927 654 1980 des
675 1927 765 1993 racd„
787 1937 807 1982 t.
831 1947 860 1996 r,
881 1946 909 2000 p.
929 1946 981 2002 90,
996 1928 1032 1981 n⁰
1049 1926 1098 2005 66)
1121 1928 1188 2001 legit
1211 1926 1317 1982 ibidem

280 2018 380 2075 rectius
394 2019 596 2096 GERMANVS
609 2019 810 2074 INDVTILLI.
827 2020 866 2089 l.;
879 2029 906 2074 et
919 2019 990 2074 mibi
1006 2019 1118 2075 ridetur
1132 2011 1256 2074 ultimam
1270 2020 1317 2074 lit—

281 2123 369 2168 teram
384 2113 407 2167 1.
422 2129 484 2168 esse
506 2129 559 2184 pro
580 2111 628 2178 Ε,
645 2109 837 2184 integramque
861 2110 1075 2186 inscriptionem
1092 2112 1240 2186 legendam
1259 2131 1319 2168 esse

283 2203 439 2259 Gennarus
456 2203 847 2274 Indutillifilius.1ndutillus
865 2213 895 2257 ut
919 2202 1056 2270 Celtillus,
1080 2203 1319 2278 Vercingetorigis

280 2303 373 2368 pater,
386 2305 415 2350 et
426 2293 581 2349 Cauarillus
590 2292 703 2348 AEduua.
714 2293 789 2349 Male
797 2292 883 2367 igitur
891 2294 928 2352 ab
939 2293 1078 2350 Oberlino
1092 2295 1267 2352 concluditur
1283 2313 1318 2351 ex

280 2388 336 2442 hoc
348 2403 465 2442 nummo
479 2401 584 2440 nomen
598 2386 806 2442 Indutrbmama
819 2387 998 2444 scribendum
1010 2407 1070 2444 esse
1081 2406 1133 2460 per
1150 2400 1162 2442 t
1168 2429 1178 2456 ,
1195 2407 1254 2444 non
1267 2406 1319 2462 per

280 2479 314 2544 l,
335 2489 366 2533 nt
381 2495 484 2550 grecus
502 2476 639 2551 interpres
663 2478 765 2546 habet,
784 2489 812 2534 et
837 2479 956 2553 requirit
972 2481 1144 2555 etymologia
1161 2501 1167 2536 :
1187 2483 1317 2537 Induere-

281 2587 376 2624 marus
397 2568 473 2622 enim
495 2568 645 2624 formatum
663 2580 705 2624 est
718 2589 735 2624 a
747 2587 819 2625 voce
831 2571 917 2626 latina
936 2573 1058 2627 r‘rrducioe
1078 2584 1135 2628 eta
1153 2573 1243 2628 verbo
1257 2593 1319 2627 ma-

280 2680 345 2730 rus,
363 2669 507 2716 contracto
525 2671 553 2716 et
568 2660 695 2716 derivato
712 2677 728 2715 a
743 2659 846 2731 major,
862 2663 940 2718 urbis
953 2663 1112 2737 praelectus,
1133 2666 1181 2737 qui
1193 2665 1319 2721 induciis

280 2753 444 2828 prepositus
463 2762 517 2824 est,
531 2764 561 2808 ut
572 2755 701 2826 Lycaon,
720 2773 735 2808 a
753 2749 851 2823 utor,
867 2756 957 2829 lupus,
972 2756 1020 2830 qui
1037 2757 1164 2813 inducias
1177 2758 1317 2812 invenisse

280 2846 397 2917 dicium,
406 2846 519 2920 gallice,
532 2849 559 2900 le
575 2847 664 2900 maire
681 2845 728 2901 des
745 2843 845 2914 trdves,
860 2849 891 2902 la
908 2847 979 2903 trdve
995 2849 1034 2903 du
1050 2851 1194 2923 seigneur,
1213 2851 1257 2904 vel
1289 2861 1319 2903 ut
1374 2886 1379 2891 ·

283 2939 311 2992 S.
330 2940 494 3006 Germanus,
512 2937 665 2994 unicornes
681 2938 780 2994 cratS.
800 2941 912 3013 Lupus,-
928 2939 1106 3013 proindeque
1132 2941 1217 2996 scribi
1234 2941 1319 2995 debet

283 3024 507 3097 luduriam,
522 3048 582 3085 uon
596 3029 810 3086 Indutiomarus.

324 3142 490 3216 Cingetorix.
505 3141 581 3198 Nihil
594 3143 641 3199 hic
657 3144 801 3213 celticum,
816 3155 846 3200 ut
859 3145 948 3201 credit
958 3148 1108 3204 Oberlinus
1119 3169 1126 3202 ι
1136 3167 1242 3204 nomen
1255 3165 1318 3203 om-

283 3233 352 3289 nino
367 3251 486 3307 graecum
502 3245 551 3289 est.
566 3233 727 3290 Conflatnm
746 3246 788 3290 est
809 3237 884 3291 enim
902 3240 1093 3296 contractione
1109 3261 1126 3294 a
1145 3259 1216 3296 voce
1236 3258 1318 3298 aurn-

280 3321 384 3402 γέτης,
395 3342 457 3394 -cv,
468 3335 599 3394 venator,
618 3337 645 3382 et
658 3345 723 3393 rec,
739 3338 874 3402 sonatque
887 3331 950 3384 lien
966 3342 1144 3400 venatorum,
1163 3332 1278 3408 gallice,
1292 3336 1319 3388 le

282 3420 383 3475 Graue!
395 3435 507 3476 verear.
525 3416 607 3485 Vide,
627 3435 688 3490 cap.
708 3436 792 3486 xxrr,
805 3429 902 3474 notam
918 3423 1091 3498 Lugotorige.

319 3545 383 3600 Car.
397 3543 450 3599 x1.
472 3541 688 3598 Cassiuellauno.
705 3542 803 3598 Codex
817 3545 877 3600 Bib.
894 3565 969 3621 reg,
990 3567 1022 3618 7,
1037 3547 1107 3619 563,
1125 3551 1211 3607 habet
1230 3553 1316 3608 modo

284 3636 531 3700 Cossuvetlannus,
551 3632 640 3688 modo
661 3633 880 3692 Cmivetlaanm.
900 3639 934 3692 ln
954 3640 1048 3696 Dione
1066 3640 1168 3714 legitur
1186 3655 1317 3718 corrupte

282 3723 436 3796 inviarum
454 3727 486 3782 in
502 3727 637 3800 Polyaeno
649 3723 854 3798 chiauvtcr,
873 3732 945 3784 male
961 3749 1080 3805 quoque.
1100 3735 1162 3789 Hoc
1175 3755 1281 3791 nomen
1301 3756 1316 3790 a

279 3821 389 3877 duobus
403 3818 545 3886 coalescit,
559 3836 660 3892 nempe
673 3838 689 3875 a
706 3820 801 3889 Caesi,
816 3822 966 3878 britanniae
980 3825 1094 3897 populi,
1109 3837 1137 3880 et
1153 3847 1167 3880 a
1183 3829 1314 3893 Velaamr,

279 3910 392 3966 Galliae:
405 3910 509 3982 priuati
526 3907 703 3982 »darn-rar,
712 3912 813 3980 frater,
826 3933 920 3982 soror,
936 3915 1138 3984 consobrinus,
1152 3937 1316 3992 germanus,

280 4009 447 4069 coaetaneum
459 4002 597 4076 posterius
609 4005 645 4059 ab
654 3999 772 4072 ἐλαύνω,
784 4005 883 4080 abigo,
898 4007 991 4080 agito,
1004 4010 1143 4082 proveho,
1157 4010 1244 4077 duco,
1260 4013 1316 4066 sor-
