3060 4768
508 460 559 518 nn
578 459 700 518 sunto
721 461 925 519 armanno.
1170 467 1224 537 ²67

200 613 222 659 n
243 583 402 656 militibus
419 584 560 673 amissis,
578 585 692 680 paucis
711 587 845 674 sauciis,
869 587 903 654 in
921 599 1043 671 castra,
1062 591 1224 656 aestatim

204 732 244 775 ex
262 706 378 774 itinere
397 718 474 773 ante
492 703 651 798 oppidum
670 703 837 798 llrapsum
847 705 1010 794 constitit,
1025 702 1227 803 elephantos·

202 847 268 918 que
284 847 365 893 mv
381 835 515 909 ornatos
533 837 739 916 amantesque
754 847 829 892 cum
848 823 994 892 turribus
1011 826 1228 894 ornamentis-

205 967 269 1037 que
285 943 389 1036 capit,
402 956 514 1035 captos
528 956 605 1010 ante
619 941 778 1037 oppidum
790 943 967 1012 instructos
978 945 1151 1013 constituit
1168 969 1176 1012 ε
1192 944 1225 1013 id

170 1073 172 1081 '
200 1062 263 1132 hoc
278 1060 432 1149 consilio,
450 1061 477 1130 si
495 1076 603 1154 posset
617 1060 795 1156 Virgilius,
812 1062 934 1155 quique
950 1085 1024 1131 curn
1042 1087 1082 1132 eo
1097 1062 1227 1133 obside-

200 1181 338 1266 bantur,
358 1181 407 1248 rei
424 1179 510 1250 male
527 1194 624 1273 gestae
643 1203 779 1248 suorum
798 1178 922 1250 iudicio
940 1205 959 1250 a
977 1183 1157 1276 pertinacia
1175 1181 1229 1250 de·

201 1300 288 1371 duci.
306 1299 436 1369 Deinde
456 1301 527 1392 ipse
545 1295 721 1394 Virgilium
738 1297 933 1392 appellavit,
953 1301 1169 1396 invitavitque
1187 1301 1228 1370 ad

200 1420 415 1507 deditionem,
440 1443 598 1512 suamque
619 1417 786 1490 lenitatem
805 1433 838 1488 et
856 1417 1063 1492 clementiam
1086 1445 1229 1504 mmmc-

198 1541 348 1608 moravit.
375 1540 484 1627 Quem
508 1553 682 1633 postquam
702 1536 932 1608 animadvertit
953 1564 1146 1634 responsum
1165 1542 1226 1611 sibi

197 1684 265 1729 nou
294 1658 389 1743 dare,
420 1659 462 1726 ab
488 1657 610 1752 oppido
637 1657 778 1726 recessit.
804 1659 940 1727 Postero
960 1659 1028 1747 die,
1056 1659 1227 1729 divinare

197 1777 300 1865 lacta,
328 1777 487 1845 concione
513 1775 688 1861 advocata,
717 1777 751 1845 in
777 1789 955 1871 conspectu
984 1776 1226 1873 oppidanorum

198 1895 317 1966 milites
342 1893 527 1964 collaudat:
554 1896 928 1988 totumqueexercitum
952 1911 1143 1966 veteranum
1169 1896 1228 1966 do·

199 2015 306 2100 navit,
334 2013 468 2107 praemia
483 2012 663 2081 fortissimo
688 2012 808 2106 cuique
830 2037 870 2082 ac
893 2013 976 2083 bene
999 2016 1136 2084 merenti
1166 2041 1227 2110 pro

199 2147 353 2227 suggestu
375 2131 517 2200 tribuit:
537 2155 575 2200 ac
594 2132 703 2200 statim
721 2131 799 2201 inde
817 2131 997 2228 digressus,
1016 2133 1135 2204 Rebilo
1156 2159 1230 2229 pro-

200 2250 336 2321 consule
346 2275 423 2319 cum
440 2273 482 2320 111
498 2250 539 2319 ad
555 2251 722 2344 Thapsum
741 2249 939 2346 legionibus,
955 2267 988 2322 et
1000 2256 1061 2323 Cn.
1079 2255 1229 2324 Domitio

199 2395 276 2440 cnm
299 2395 326 2440 11
349 2369 486 2456 Tisdrae,
505 2369 563 2438 ubi
585 2369 759 2440 Considius
779 2386 934 2464 praeerat,
952 2370 995 2440 ad
1011 2372 1227 2442 obsidendum

199 2488 342 2578 relictis,
367 2491 414 2560 Μ.
433 2487 573 2559 Messala
599 2491 731 2560 Uticam
752 2503 829 2558 ante
851 2492 1020 2584 premisso
1043 2515 1120 2561 oum
1140 2491 1229 2584 equi·

199 2623 288 2696 tatu,
310 2611 379 2704 ipse
398 2607 514 2676 eodem
533 2609 596 2675 iter
612 2606 719 2675 facere
737 2606 916 2676 contendit.

248 2729 449 2797 LXXXVII.
469 2727 604 2818 Equites
622 2724 753 2792 interim
776 2727 957 2819 Scipionis,
978 2729 1035 2821 qui
1052 2753 1091 2798 ex
1113 2727 1230 2823 proelio

201 2847 374 2940 fugerant,
387 2867 489 2936 quum
502 2843 634 2918 Uticam
648 2867 760 2912 versus
774 2845 838 2912 iter
852 2844 1019 2936 facerent,
1035 2851 1232 2942 perveniunt

201 2962 243 3033 ad
267 2961 427 3056 oppidum
441 2961 586 3030 Paradae.
612 2961 679 3030 Ubi
697 2985 800 3055 quum
821 2962 863 3030 ab
883 2963 998 3034 incolis
1016 2991 1083 3036 non
1102 2968 1229 3061 recipe-

199 3097 334 3166 rentur,
346 3080 420 3150 ideo
433 3079 523 3174 quod
538 3079 622 3148 bina
637 3079 678 3150 de
694 3081 830 3150 victoria
845 3084 982 3152 Caesaris
998 3087 1230 3180 praecucurris-

201 3215 271 3285 set,
288 3201 322 3268 vi
342 3201 465 3295 oppido
484 3201 595 3294 potiti,
613 3201 647 3268 in
667 3200 778 3270 medio
795 3201 869 3272 loro
888 3201 986 3298 lignis
1009 3207 1229 3293 coacervatis,

201 3321 420 3414 omnibusque
437 3319 535 3389 rebus
553 3342 670 3388 eorum
695 3323 874 3415 congestis,
896 3324 1005 3418 ignem
1033 3325 1230 3418 subjiciunt,

199 3455 299 3536 atque
315 3441 385 3534 ejus
402 3439 517 3534 oppidi
534 3437 658 3509 incolas
675 3441 835 3534 cujusque
851 3443 980 3536 generis
995 3445 1162 3537 etatisque
1182 3445 1227 3512 vi-

200 3585 261 3630 vos
288 3559 548 3653 constrictosque
575 3560 609 3628 in
636 3559 801 3629 flammam
828 3561 1029 3652 conjiciunt,
1056 3577 1156 3656 atque
1185 3565 1230 3632 ita

201 3680 411 3750 acerbissimo
428 3677 576 3748 afliciunt
593 3676 777 3773 supplicio:
796 3678 915 3748 deinde
933 3681 1085 3774 protinus
1095 3683 1228 3751 Uticam

202 3799 408 3891 perveniunt.
420 3799 596 3891 Superiora
606 3813 753 3896 tempore
762 3801 809 3867 Μ.
824 3801 927 3888 Cato,
942 3800 1032 3893 quod
1044 3801 1085 3894 'in
1098 3801 1231 3870 Uticen-

199 3915 290 3984 sibus
316 3903 454 4012 propter
473 3916 665 3987 beneficium
685 3917 766 4014 legis
790 3915 884 3987 Juliae
908 3943 1026 4014 parum
1047 3921 1114 3988 suis
1133 3921 1233 4015 parti·

202 4033 264 4100 bus
279 4034 500 4127 prasidiiess‘e
516 4035 773 4126 existimaverat,
790 4035 919 4131 plebem
936 4039 1093 4108 inermem
1107 4039 1231 4134 oppido
