3048 4770
257 413 292 449 aa
325 405 327 409 ’
413 401 443 452 (2.
467 397 563 454 JULII
584 395 745 452 GAEsnttts
767 395 1133 451 COMMENTARIORUM

254 509 345 586 aliud
377 519 597 607 domicilium,
629 517 709 588 alias
740 519 848 605 sedes,
877 534 1022 588 remotas
1050 544 1070 588 a
1100 521 1292 604 Germanis,

255 653 385 732 petant3
407 639 658 733 fortunamque,
676 662 891 731 quacumque
911 638 1054 728 aecidat,
1072 641 1293 733 experiantur.

254 759 332 826 Haec
348 759 375 827 si
386 760 567 827 venunciata
584 759 752 827 Ariovisto
773 759 859 842 sint,
881 783 949 826 non
968 758 1136 848 dubitare,
1155 761 1237 852 quin
1253 758 1294 827 de

255 877 408 945 omnibus
434 876 623 964 obsidibus,
649 878 707 969 qui
732 877 821 970 apud
850 901 927 945 eum
953 879 1033 964 sint,
1064 880 1294 971 gravissimum

256 994 456 1089 supplicium
482 1010 599 1065 sumat.
627 999 790 1068 Caesarem
818 997 867 1065 vel
893 998 1090 1065 auctoritate
1116 1021 1175 1064 sua
1195 1012 1295 1090 atque

255 1117 433 1202 exercitus,
461 1113 513 1183 vel
542 1117 666 1184 recenti
691 1116 844 1204 victoria,
866 1114 917 1184 vel
942 1117 1077 1183 nomine
1100 1113 1216 1208 populi
1240 1141 1293 1184 ro-

254 1233 344 1302 ma'ni
361 1233 527 1302 deterrere
543 1257 657 1328 posse,
677 1259 718 1302 ne
732 1237 838 1329 major
853 1234 1034 1303 multitudo
1048 1237 1293 1303 Germanorum

254 1352 410 1421 Rhenum
436 1351 648 1438 traducatur3
676 1352 886 1448 Galliamque
912 1377 1045 1422 omnem
1072 1353 1113 1420 ab
1138 1353 1293 1422 Ariovisti

256 1471 378 1564 injuria
390 1495 486 1565 posse
498 1471 681 1542 defendere.
701 1505 717 1540 n

305 1595 445 1660 XXXII.
467 1596 536 1660 Hac
553 1596 703 1662 oratione
723 1619 741 1661 a
765 1594 932 1662 Divitiaco
952 1592 1081 1680 habita,
1102 1617 1217 1661 omnes
1237 1596 1294 1685 qui

256 1711 409 1797 aderant,
434 1735 554 1805 magno
579 1711 660 1781 fletu
684 1711 881 1780 auxiliuma
905 1713 1034 1780 Caesare
1059 1725 1172 1804 petere
1189 1735 1297 1805 coepe-

256 1844 345 1898 runt.
371 1827 615 1899 Animadvertit
635 1833 757 1916 Caesar,
782 1853 866 1899 unos
888 1855 928 1898 ex
952 1831 1105 1898 omnibus
1128 1833 1295 1923 Sequanos

258 1949 340 2016 nihil
370 1973 485 2018 earum
513 1973 625 2017 rerum
655 1947 780 2034 lacere,
806 1973 887 2042 quas
911 1953 1011 2017 ceteri
1040 1949 1210 2035 ¹facerent;
1240 1949 1296 2018 sed

257 2069 382 2154 tristes,
409 2068 516 2160 capite
543 2067 700 2156 demisso,
726 2082 848 2136 terram
876 2069 1009 2136 intueri.
1033 2069 1113 2159 Ejus
1143 2071 1190 2136 rei
1222 2093 1296 2160 quae

259 2199 477 2274 consuesset,
508 2187 665 2272 miratus,
691 2211 731 2256 ex
753 2189 831 2280 ipsis
861 2187 998 2278 quaesiit.
1027 2185 1120 2256 Nihil
1150 2189 1296 2279 Sequani

258 2305 471 2397 respondere,
498 2304 553 2373 sed
588 2307 624 2373 in
655 2305 770 2375 eadem
800 2307 935 2378 tristitia
966 2307 1059 2374 taciti
1091 2330 1294 2399 permanere.

258 2427 372 2514 Quum
389 2425 430 2492 ab
442 2424 482 2491 iis
507 2425 624 2517 saepius
645 2440 823 2517 quaereret,
841 2450 948 2520 neque
967 2425 1067 2493 ullam
1084 2426 1223 2495 omnino
1240 2451 1297 2493 vo·

258 2567 329 2611 cem
348 2544 532 2636 exprimere
551 2558 676 2636 posset,
698 2544 785 2612 idem
811 2545 995 2615 Divitiacus
1020 2544 1145 2614 AEduus
1162 2569 1296 2638 respon-

259 2661 329 2729 dit:
353 2690 370 2726 «
384 2665 456 2730 Hoc
471 2685 540 2731 esse
557 2662 758 2730 miseriorem
776 2665 1025 2758 gravioremque
1050 2663 1219 2733 fortunam
1242 2668 1298 2733 Se-

259 2804 462 2872 quanorum,
479 2807 580 2876 quarn
604 2780 827 2874 reliquorum,
848 2783 938 2876 quod
962 2783 1022 2852 soli
1043 2809 1086 2854 ne
1113 2786 1147 2852 in
1168 2781 1299 2854 occulto

259 2897 392 2989 quidem
408 2903 525 2993 queri,
542 2924 603 2969 nec
620 2899 779 2967 auxilium
795 2901 973 2994 implorare
989 2903 1169 2991 auderunt,
1183 2904 1297 2972 absen-

260 3018 367 3109 tisque
389 3019 546 3087 Ariovisti
571 3017 817 3105 crudelitatem,
844 3019 949 3108 velut,
971 3023 998 3090 si
1019 3047 1132 3091 coram
1156 3024 1297 3108 adesset,

258 3136 456 3204 horrerent:
474 3152 648 3231 propterea
667 3138 758 3231 quod
774 3139 908 3233 reliquis
925 3156 1036 3208 tamen
1057 3141 1142 3235 fugae
1159 3141 1298 3211 facultas

259 3255 409 3341 daretur;
426 3259 587 3348 Sequanis
607 3283 706 3346 vero,
723 3259 779 3352 qui
797 3261 883 3326 intra
903 3259 984 3327 fines
999 3285 1075 3329 suos
1093 3262 1298 3330 Ariovistum

258 3375 469 3468 recepissent,
495 3401 639 3469 quorum
658 3379 779 3472 oppida
796 3379 906 3446 omnia
923 3381 957 3447 in
974 3381 1043 3473 ejus
1068 3395 1230 3474 potestate
1247 3407 1299 3450 es-

259 3510 350 3582 sent,
366 3517 481 3563 oannes
500 3496 666 3566 cruciatus
683 3511 792 3566 essent
806 3498 1035 3592 perferendi.»

307 3614 466 3682 XXXIII.
485 3615 545 3683 His
560 3615 658 3684 rebus
673 3617 834 3709 cognitis,
851 3619 961 3686 Caesar
977 3617 1153 3688 Gallorum
1171 3623 1298 3689 animos

154 3757 163 3776 ¹
262 3733 369 3800 verbis
387 3735 613 3821 confirmavit,
628 3733 861 3829 pollicitusque
881 3751 944 3824 est,
960 3736 1022 3804 sibi
1038 3762 1110 3828 eam
1124 3764 1194 3808 rem
1212 3763 1310 3816 cume¹

259 3851 429 3918 futuram:
451 3877 604 3948 magnam
625 3879 658 3921 se
676 3855 797 3924 habere
823 3881 929 3950 spem,
953 3869 986 3924 et
1009 3854 1169 3924 beneficio
1188 3882 1247 3925 suo
1266 3873 1298 3925 et

259 3971 455 4039 auctoritate
479 3971 657 4041 adductum
677 3974 896 4063 Ariovistum,
918 3975 1017 4044 finem
1037 3975 1166 4068 injuriis
1192 3976 1297 4045 factu·
