3038 4766
216 412 223 424 ·
287 413 339 451 roa
440 397 471 451 C.
489 397 587 454 tutu
609 397 772 453 CAEBABIS
792 397 1154 454 COMMENTARIOBUM

282 518 469 612 praesidium
491 522 640 614 equiturn
665 520 853 613 dejecit,'et
875 521 957 591 adeo
980 519 1043 589 loci
1067 521 1315 614 opportunitate

280 637 439 731 profecit,
457 641 504 708 uti
524 639 566 708 ad
584 643 777 735 Pompeium
795 640 918 710 litteras
937 642 1102 726 mitteret,
1121 660 1249 708 «naves
1262 660 1314 706 re·

280 755 406 850 liquas,
431 761 458 827 si
485 757 602 847 vellet,
626 743 765 830 subduci
787 775 819 829 ct
842 760 930 829 refici
948 761 1078 854 juberet
1099 785 1106 828 :
1131 781 1191 828 sua
1214 757 1313 828 classe

279 878 401 948 auxilia
418 905 487 949 sese
506 883 643 953 Caesaris
658 882 915 975 prohibiturum.
932 909 948 945 n

328 999 455 1069 XXIV.
481 1003 564 1068 Erat
586 1024 626 1068 eo
653 1015 802 1091 tempore
826 1000 991 1070 Antonius
1020 997 1207 1083 Brundisii3
1235 998 1312 1090 qui,

280 1117 397 1185 virtuti
423 1115 566 1185 militum
595 1117 758 1201 confisus,
788 1119 926 1213 scaphas
953 1120 1088 1186 navium
1117 1139 1313 1210 magnarum

279 1237 410 1305 circiter
432 1259 476 1305 mr
501 1237 646 1306 cratibus
671 1236 855 1331 pluteisque
882 1237 1046 1322 contexit,
1068 1259 1172 1330 eoque
1192 1233 1312 1304 milites

278 1352 421 1440 delectos
432 1357 608 1448 imposuit,
624 1371 722 1448 atque
732 1380 786 1424 eas
797 1357 831 1424 iu
847 1354 942 1424 litore
957 1354 1108 1448 pluribus
1129 1353 1208 1424 locis
1223 1380 1312 1448 sepa·

279 1475 378 1542 ratim
392 1474 568 1568 disposuit,
586 1499 750 1568 naresque
766 1477 912 1544 triremes
925 1476 1029 1561 duas,
1045 1499 1126 1568 quas
1145 1475 1310 1544 Brundisii

278 1593 444 1663 faciendas
458 1611 650 1680 curaverat,
664 1619 723 1688 per
734 1621 866 1664 causam
880 1595 1136 1664 exercendorum
1151 1599 1309 1689 remigum

279 1712 320 1782 ad
337 1714 445 1784 fauces
463 1729 578 1809 portus
595 1715 728 1808 prodire
740 1717 849 1809 jussit.
863 1720 930 1784 Has
947 1739 1050 1808 quum
1066 1713 1221 1784 audacius
1236 1737 1311 1807 pro-

278 1857 406 1926 gressas
419 1835 506 1904 Libo
526 1834 678 1920 vidisset,
692 1859 825 1928 sperans
843 1836 993 1928 intercipi
1010 1859 1122 1928 posse,
1142 1820 1310 1928 quadrire-

221 1991 223 1996 ·
279 1977 347 2020 mes
360 1955 507 2047 quinque
519 1954 561 2022 ad
576 1979 630 2022 eas
645 1955 742 2022 misit.
754 1954 837 2040 Quae
850 1974 951 2047 quum
968 1954 1106 2022 navibus
1123 1955 1243 2022 nostris
1257 1977 1309 2047 ap·

277 2075 569 2166 propinquassent,
588 2075 692 2142 nostri
714 2075 858 2141 veterani
878 2075 912 2140 in
933 2087 1066 2165 portum
1081 2072 1307 2167 refugiebant:

277 2189 340 2272 illi,
359 2189 469 2260 studio
488 2193 631 2279 incitati,
650 2194 812 2260 incautius
835 2192 1066 2285 sequebantur.
1089 2195 1161 2261 Jam
1181 2218 1220 2261 ex
1238 2218 1308 2262 orn·

278 2311 374 2378 nibus
398 2312 546 2403 partibus
572 2303 681 2380 subito
704 2313 900 2380 Antonianae
926 2313 1069 2404 scaphae,
1091 2313 1186 2407 signo
1214 2313 1307 2401 datto,

277 2453 311 2497 se
331 2433 364 2496 iu
382 2429 492 2498 hostes
505 2431 740 2516 incitaverunt,
757 2432 929 2523 primoque
947 2431 1072 2524 impetu
1086 2442 1186 2500 uuam
1199 2455 1237 2498 ex
1255 2431 1308 2500 his

276 2548 515 2641 quadriremem
533 2575 608 2618 curn
625 2549 804 2642 remigibus
825 2549 1113 2643 defensoribusque
1130 2551 1196 2618 suis
1216 2573 1308 2642 cepe·

275 2683 373 2756 runt,
392 2668 535 2764 reliquas
555 2671 697 2762 turpiter
716 2669 865 2764 refugere
887 2685 1075 2764 coegerunt.
1095 2669 1150 2740 Ad
1167 2670 1231 2739 hoc
1248 2665 1305 2738 de·

276 2789 466 2859 trimentum
488 2790 639 2873 accessit,
658 2803 712 2874 ut,
732 2789 898 2882 equitibus
917 2813 976 2882 per
994 2813 1085 2856 oram
1109 2791 1307 2857 maritimam

274 2909 317 2976 ab
338 2911 485 2978 Antonio
501 2909 686 3002 dispositis,
698 2909 811 3001 aquari
828 2909 1090 3001 prohiberentur.
1110 2910 1186 2996 Qua
1200 2931 1307 2976 neces-

274 3028 369 3095 sitate
384 3041 417 3094 et
432 3029 612 3120 ignominia
628 3039 795 3119 permotus
808 3027 911 3113 Libo,
928 3025 1102 3096 discessita
1117 3025 1306 3114 Brundisio,

274 3145 561 3239 obsessionemque
580 3158 767 3214 nostrorum
787 3146 906 3214 omisit.

321 3265 430 3332 XXV.
453 3262 552 3332 llllulti
573 3265 644 3357 jam
668 3289 794 3333 menses
817 3267 1034 3350 transierant,
1054 3279 1086 3333 ct
1113 3267 1216 3333 hiems
1238 3266 1305 3355 jam

275 3385 555 3478 praecipitaverat,
576 3409 683 3478 neque
707 3384 883 3453 Brundisio
911 3407 1008 3453 naves
1034 3382 1242 3478 legionesque
1263 3381 1306 3450 ad

274 3505 437 3573 Caesarem
457 3503 656 3572 veniebant:
677 3491 717 3572 ac‘
738 3501 905 3572 nonnullae
925 3503 997 3596 ejus
1014 3503 1061 3570 rei
1082 3500 1306 3595 praetermissae

273 3625 459 3694 occasiones
476 3625 596 3694 Caesari
615 3623 820 3706 videbantur,
838 3620 928 3714 quod
947 3635 1034 3690 certe
1049 3645 1133 3714 saepe
1146 3619 1306 3688 flaverant

274 3747 380 3833 veriti,
406 3746 526 3838 quibus
555 3745 736 3813 necessario
760 3739 1033 3808 committendum
1061 3738 1268 3808 existimabat
1294 3764 1303 3808 ε

273 3863 542 3958 quantoqueejus
551 3862 690 3956 amplius
701 3872 904 3953 processerat
917 3858 1091 3952 temporis,
1106 3871 1199 3926 tauto
1210 3871 1306 3926 erant

272 3979 447 4054 alacriores
471 3983 512 4051 ad
536 3980 718 4069 custodias,
741 3979 798 4074 qui
821 3978 981 4048 classibus
1004 3992 1183 4071 praeeraut3
1201 3979 1303 4070 majo·
