<?xml version="1.0" encoding="UTF-8"?>
<!DOCTYPE html PUBLIC "-//W3C//DTD XHTML 1.0 Transitional//EN"
    "http://www.w3.org/TR/xhtml1/DTD/xhtml1-transitional.dtd">
<html xmlns="http://www.w3.org/1999/xhtml" xml:lang="en" lang="en">
 <head>
  <title>
</title>
<meta http-equiv="Content-Type" content="text/html;charset=utf-8" />
  <meta name='ocr-system' content='tesseract 3.04.00' />
  <meta name='ocr-capabilities' content='ocr_page ocr_carea ocr_par ocr_line ocrx_word'/>
</head>
<body>
  <div class='ocr_page' id='page_1' title='image "./cjcaesarisopera00caesgoog_0484.png"; bbox 0 0 3068 4772; ppageno 0'>
   <div class='ocr_carea' id='block_1_1' title="bbox 301 365 1142 442">
    <p class='ocr_par' dir='ltr' id='par_1_1' title="bbox 301 365 1142 442">
     <span class='ocr_line' id='line_1_1' title="bbox 301 365 1142 442; baseline -0.01 -12"><span class='ocrx_word' id='word_1_1' title='bbox 301 368 355 442; x_wconf 80' lang='lat'><strong>¹7⁸</strong></span> <span class='ocrx_word' id='word_1_2' title='bbox 466 367 497 425; x_wconf 84' lang='lat' dir='ltr'><strong>C.</strong></span> <span class='ocrx_word' id='word_1_3' title='bbox 516 368 613 428; x_wconf 81' lang='lat' dir='ltr'><strong>JUffl</strong></span> <span class='ocrx_word' id='word_1_4' title='bbox 632 367 796 426; x_wconf 74' lang='lat' dir='ltr'>GAESARIS</span> <span class='ocrx_word' id='word_1_5' title='bbox 817 365 1012 423; x_wconf 76' lang='lat' dir='ltr'><strong>COMMEMT.</strong></span> <span class='ocrx_word' id='word_1_6' title='bbox 1034 367 1142 424; x_wconf 78' lang='lat' dir='ltr'>LIBER</span> 
     </span>
    </p>
   </div>
   <div class='ocr_carea' id='block_1_2' title="bbox 246 488 1395 2364">
    <p class='ocr_par' dir='ltr' id='par_1_2' title="bbox 246 488 1395 2364">
     <span class='ocr_line' id='line_1_2' title="bbox 297 488 1323 586; baseline 0 -23"><span class='ocrx_word' id='word_1_7' title='bbox 297 491 511 586; x_wconf 81' lang='lat' dir='ltr'><strong>Ciliciamque</strong></span> <span class='ocrx_word' id='word_1_8' title='bbox 519 492 614 562; x_wconf 89' lang='lat' dir='ltr'><strong>initio</strong></span> <span class='ocrx_word' id='word_1_9' title='bbox 622 488 699 560; x_wconf 89' lang='lat' dir='ltr'><strong>belli</strong></span> <span class='ocrx_word' id='word_1_10' title='bbox 710 489 913 560; x_wconf 78' lang='lat' dir='ltr'><strong>alexandrini</strong></span> <span class='ocrx_word' id='word_1_11' title='bbox 923 488 965 558; x_wconf 92' lang='lat' dir='ltr'><strong>ad</strong></span> <span class='ocrx_word' id='word_1_12' title='bbox 977 488 1099 560; x_wconf 83' lang='lat' dir='ltr'><strong>auxilia</strong></span> <span class='ocrx_word' id='word_1_13' title='bbox 1113 494 1323 580; x_wconf 85' lang='lat' dir='ltr'><strong>arcessenda,</strong></span> 
     </span>
     <span class='ocr_line' id='line_1_3' title="bbox 299 606 1324 706; baseline 0 -26"><span class='ocrx_word' id='word_1_14' title='bbox 299 634 431 706; x_wconf 68' lang='lat' dir='ltr'><strong>:uagum</strong></span> <span class='ocrx_word' id='word_1_15' title='bbox 447 611 558 705; x_wconf 87' lang='lat' dir='ltr'><strong>copias</strong></span> <span class='ocrx_word' id='word_1_16' title='bbox 575 611 677 703; x_wconf 85' lang='lat' dir='ltr'><strong>(quas</strong></span> <span class='ocrx_word' id='word_1_17' title='bbox 693 606 855 694; x_wconf 70' lang='lat' dir='ltr'>celeriter,</span> <span class='ocrx_word' id='word_1_18' title='bbox 878 623 913 678; x_wconf 87' lang='lat' dir='ltr'><strong>et</strong></span> <span class='ocrx_word' id='word_1_19' title='bbox 934 607 1187 703; x_wconf 79' lang='lat' dir='ltr'><strong>propensissime</strong></span> <span class='ocrx_word' id='word_1_20' title='bbox 1206 611 1324 681; x_wconf 85' lang='lat' dir='ltr'><strong>cirita-</strong></span> 
     </span>
     <span class='ocr_line' id='line_1_4' title="bbox 298 725 1324 823; baseline 0 -24"><span class='ocrx_word' id='word_1_21' title='bbox 298 746 369 800; x_wconf 86' lang='lat' dir='ltr'><strong>tum</strong></span> <span class='ocrx_word' id='word_1_22' title='bbox 386 729 568 818; x_wconf 86' lang='lat' dir='ltr'><strong>voluntate,</strong></span> <span class='ocrx_word' id='word_1_23' title='bbox 586 744 619 798; x_wconf 87' lang='lat' dir='ltr'><strong>et</strong></span> <span class='ocrx_word' id='word_1_24' title='bbox 633 753 692 798; x_wconf 85' lang='lat' dir='ltr'><strong>sua</strong></span> <span class='ocrx_word' id='word_1_25' title='bbox 709 725 895 822; x_wconf 78' lang='lat' dir='ltr'><strong>diligentia,</strong></span> <span class='ocrx_word' id='word_1_26' title='bbox 913 727 1115 820; x_wconf 76' lang='lat' dir='ltr'><strong>confecerat)</strong></span> <span class='ocrx_word' id='word_1_27' title='bbox 1135 729 1250 798; x_wconf 81' lang='lat' dir='ltr'><strong>itinere</strong></span> <span class='ocrx_word' id='word_1_28' title='bbox 1269 754 1324 823; x_wconf 89' lang='lat' dir='ltr'><strong>pe·</strong></span> 
     </span>
     <span class='ocr_line' id='line_1_5' title="bbox 246 844 1328 943; baseline -0.002 -24"><span class='ocrx_word' id='word_1_29' title='bbox 246 873 247 876; x_wconf 69' lang='grc'>’</span> <span class='ocrx_word' id='word_1_30' title='bbox 299 850 415 937; x_wconf 87' lang='lat' dir='ltr'><strong>destri,</strong></span> <span class='ocrx_word' id='word_1_31' title='bbox 445 873 511 943; x_wconf 90' lang='lat' dir='ltr'><strong>quo</strong></span> <span class='ocrx_word' id='word_1_32' title='bbox 528 847 741 942; x_wconf 84' lang='lat' dir='ltr'><strong>conjungitur</strong></span> <span class='ocrx_word' id='word_1_33' title='bbox 761 848 917 940; x_wconf 83' lang='lat' dir='ltr'><strong>AEgyptus</strong></span> <span class='ocrx_word' id='word_1_34' title='bbox 939 847 1055 939; x_wconf 77' lang='lat' dir='ltr'><strong>Syrie,</strong></span> <span class='ocrx_word' id='word_1_35' title='bbox 1077 844 1243 916; x_wconf 86' lang='lat' dir='ltr'><strong>Pelusium</strong></span> <span class='ocrx_word' id='word_1_36' title='bbox 1264 849 1328 917; x_wconf 84' lang='lat' dir='ltr'><strong>ad-</strong></span> 
     </span>
     <span class='ocr_line' id='line_1_6' title="bbox 299 963 1325 1062; baseline -0.002 -26"><span class='ocrx_word' id='word_1_37' title='bbox 299 967 392 1037; x_wconf 79' lang='lat' dir='ltr'><strong>duxit</strong></span> <span class='ocrx_word' id='word_1_38' title='bbox 406 994 414 1036; x_wconf 89' lang='lat'>:</span> <span class='ocrx_word' id='word_1_39' title='bbox 428 966 526 1062; x_wconf 88' lang='lat' dir='ltr'><strong>idque</strong></span> <span class='ocrx_word' id='word_1_40' title='bbox 534 965 707 1062; x_wconf 90' lang='lat' dir='ltr'><strong>oppidum,</strong></span> <span class='ocrx_word' id='word_1_41' title='bbox 718 964 814 1036; x_wconf 88' lang='lat' dir='ltr'><strong>firmo</strong></span> <span class='ocrx_word' id='word_1_42' title='bbox 826 963 975 1057; x_wconf 84' lang='lat' dir='ltr'><strong>praesidio</strong></span> <span class='ocrx_word' id='word_1_43' title='bbox 983 965 1178 1058; x_wconf 89' lang='lat' dir='ltr'><strong>occupatum</strong></span> <span class='ocrx_word' id='word_1_44' title='bbox 1189 964 1325 1034; x_wconf 72' lang='lat' dir='ltr'><strong>Achille</strong></span> 
     </span>
     <span class='ocr_line' id='line_1_7' title="bbox 298 1079 1325 1182; baseline 0 -26"><span class='ocrx_word' id='word_1_45' title='bbox 298 1101 433 1182; x_wconf 87' lang='lat' dir='ltr'><strong>propter</strong></span> <span class='ocrx_word' id='word_1_46' title='bbox 444 1079 728 1181; x_wconf 78' lang='lat' dir='ltr'><strong>¹opportunitatem</strong></span> <span class='ocrx_word' id='word_1_47' title='bbox 742 1083 804 1154; x_wconf 91' lang='lat' dir='ltr'><strong>loci</strong></span> <span class='ocrx_word' id='word_1_48' title='bbox 821 1083 981 1178; x_wconf 87' lang='lat' dir='ltr'><strong>(namque</strong></span> <span class='ocrx_word' id='word_1_49' title='bbox 995 1096 1064 1152; x_wconf 89' lang='lat' dir='ltr'><strong>tota</strong></span> <span class='ocrx_word' id='word_1_50' title='bbox 1081 1085 1242 1178; x_wconf 84' lang='lat' dir='ltr'><strong>AEgyptus</strong></span> <span class='ocrx_word' id='word_1_51' title='bbox 1260 1109 1325 1156; x_wconf 86' lang='lat' dir='ltr'><strong>ma·</strong></span> 
     </span>
     <span class='ocr_line' id='line_1_8' title="bbox 299 1199 1323 1296; baseline -0.001 -22"><span class='ocrx_word' id='word_1_52' title='bbox 299 1206 410 1274; x_wconf 89' lang='lat' dir='ltr'><strong>ritimo</strong></span> <span class='ocrx_word' id='word_1_53' title='bbox 426 1229 559 1274; x_wconf 84' lang='lat' dir='ltr'><strong>accessu</strong></span> <span class='ocrx_word' id='word_1_54' title='bbox 577 1205 701 1289; x_wconf 91' lang='lat' dir='ltr'><strong>Pharo,</strong></span> <span class='ocrx_word' id='word_1_55' title='bbox 721 1201 864 1296; x_wconf 80' lang='lat' dir='ltr'><strong>pedestri</strong></span> <span class='ocrx_word' id='word_1_56' title='bbox 881 1199 1027 1288; x_wconf 88' lang='lat' dir='ltr'><strong>Pelusio,</strong></span> <span class='ocrx_word' id='word_1_57' title='bbox 1046 1200 1135 1271; x_wconf 83' lang='lat' dir='ltr'><strong>velut</strong></span> <span class='ocrx_word' id='word_1_58' title='bbox 1155 1200 1323 1290; x_wconf 75' lang='lat' dir='ltr'><strong>claustris,</strong></span> 
     </span>
     <span class='ocr_line' id='line_1_9' title="bbox 299 1319 1325 1414; baseline 0 -22"><span class='ocrx_word' id='word_1_59' title='bbox 299 1325 423 1392; x_wconf 86' lang='lat' dir='ltr'><strong>munita</strong></span> <span class='ocrx_word' id='word_1_60' title='bbox 440 1319 677 1414; x_wconf 83' lang='lat' dir='ltr'><strong>existimatur),</strong></span> <span class='ocrx_word' id='word_1_61' title='bbox 701 1335 833 1414; x_wconf 87' lang='lat' dir='ltr'><strong>repente</strong></span> <span class='ocrx_word' id='word_1_62' title='bbox 859 1320 986 1414; x_wconf 85' lang='lat' dir='ltr'><strong>magnis</strong></span> <span class='ocrx_word' id='word_1_63' title='bbox 1006 1319 1243 1391; x_wconf 86' lang='lat' dir='ltr'><strong>circumdatum</strong></span> <span class='ocrx_word' id='word_1_64' title='bbox 1268 1345 1325 1392; x_wconf 87' lang='lat' dir='ltr'><strong>co·</strong></span> 
     </span>
     <span class='ocr_line' id='line_1_10' title="bbox 299 1438 1328 1535; baseline 0 -25"><span class='ocrx_word' id='word_1_65' title='bbox 299 1441 377 1535; x_wconf 90' lang='lat' dir='ltr'><strong>piis,</strong></span> <span class='ocrx_word' id='word_1_66' title='bbox 407 1438 579 1534; x_wconf 88' lang='lat' dir='ltr'><strong>multiplici</strong></span> <span class='ocrx_word' id='word_1_67' title='bbox 610 1439 757 1534; x_wconf 76' lang='lat' dir='ltr'><strong>prasidio</strong></span> <span class='ocrx_word' id='word_1_68' title='bbox 782 1438 992 1533; x_wconf 82' lang='lat' dir='ltr'><strong>pertinaciter</strong></span> <span class='ocrx_word' id='word_1_69' title='bbox 1023 1440 1328 1534; x_wconf 78' lang='lat' dir='ltr'><strong>propugnantibus,</strong></span> 
     </span>
     <span class='ocr_line' id='line_1_11' title="bbox 299 1538 1325 1656; baseline 0 -28"><span class='ocrx_word' id='word_1_70' title='bbox 299 1573 332 1628; x_wconf 89' lang='lat' dir='ltr'><strong>et</strong></span> <span class='ocrx_word' id='word_1_71' title='bbox 348 1561 518 1654; x_wconf 89' lang='lat' dir='ltr'><strong>copiarum</strong></span> <span class='ocrx_word' id='word_1_72' title='bbox 538 1557 779 1656; x_wconf 79' lang='lat' dir='ltr'><strong>magnitudine,</strong></span> <span class='ocrx_word' id='word_1_73' title='bbox 795 1581 878 1650; x_wconf 85' lang='lat' dir='ltr'><strong>quas</strong></span> <span class='ocrx_word' id='word_1_74' title='bbox 897 1538 1041 1652; x_wconf 82' lang='lat' dir='ltr'><strong>integras</strong></span> <span class='ocrx_word' id='word_1_75' title='bbox 1059 1544 1236 1628; x_wconf 82' lang='lat' dir='ltr'><strong>vulneratis</strong></span> <span class='ocrx_word' id='word_1_76' title='bbox 1264 1559 1325 1628; x_wconf 91' lang='lat' dir='ltr'><strong>de·</strong></span> 
     </span>
     <span class='ocr_line' id='line_1_12' title="bbox 300 1676 1327 1772; baseline -0.002 -24"><span class='ocrx_word' id='word_1_77' title='bbox 300 1678 455 1772; x_wconf 78' lang='lat' dir='ltr'><strong>fessisque</strong></span> <span class='ocrx_word' id='word_1_78' title='bbox 472 1676 680 1770; x_wconf 86' lang='lat' dir='ltr'><strong>subjiciebat,</strong></span> <span class='ocrx_word' id='word_1_79' title='bbox 695 1691 729 1745; x_wconf 91' lang='lat' dir='ltr'><strong>et</strong></span> <span class='ocrx_word' id='word_1_80' title='bbox 747 1677 988 1770; x_wconf 77' lang='lat' dir='ltr'><strong>perseverantia</strong></span> <span class='ocrx_word' id='word_1_81' title='bbox 1001 1677 1247 1768; x_wconf 79' lang='lat' dir='ltr'><strong>constantiaque</strong></span> <span class='ocrx_word' id='word_1_82' title='bbox 1269 1701 1327 1771; x_wconf 90' lang='lat' dir='ltr'><strong>op-</strong></span> 
     </span>
     <span class='ocr_line' id='line_1_13' title="bbox 300 1794 1325 1892; baseline -0.002 -26"><span class='ocrx_word' id='word_1_83' title='bbox 300 1796 492 1892; x_wconf 81' lang='lat' dir='ltr'><strong>pugnandi,</strong></span> <span class='ocrx_word' id='word_1_84' title='bbox 509 1795 643 1890; x_wconf 89' lang='lat' dir='ltr'><strong>quodie</strong></span> <span class='ocrx_word' id='word_1_85' title='bbox 660 1810 708 1866; x_wconf 80' lang='lat' dir='ltr'><strong>cst</strong></span> <span class='ocrx_word' id='word_1_86' title='bbox 725 1797 909 1890; x_wconf 83' lang='lat' dir='ltr'><strong>aggressus,</strong></span> <span class='ocrx_word' id='word_1_87' title='bbox 935 1796 969 1864; x_wconf 92' lang='lat' dir='ltr'><strong>in</strong></span> <span class='ocrx_word' id='word_1_88' title='bbox 997 1817 1090 1864; x_wconf 87' lang='lat' dir='ltr'><strong>suam</strong></span> <span class='ocrx_word' id='word_1_89' title='bbox 1115 1794 1240 1888; x_wconf 80' lang='lat' dir='ltr'><strong>redegit</strong></span> <span class='ocrx_word' id='word_1_90' title='bbox 1264 1819 1325 1889; x_wconf 90' lang='lat' dir='ltr'><strong>po·</strong></span> 
     </span>
     <span class='ocr_line' id='line_1_14' title="bbox 285 1911 1395 2008; baseline -0.007 -24"><span class='ocrx_word' id='word_1_91' title='bbox 285 1927 463 2003; x_wconf 65' lang='lat' dir='ltr'><strong>tamem,</strong></span> <span class='ocrx_word' id='word_1_92' title='bbox 483 1915 734 2008; x_wconf 75' lang='lat' dir='ltr'><strong>presidiumque</strong></span> <span class='ocrx_word' id='word_1_93' title='bbox 761 1914 806 1982; x_wconf 90' lang='lat' dir='ltr'><strong>ihi</strong></span> <span class='ocrx_word' id='word_1_94' title='bbox 833 1937 928 1984; x_wconf 91' lang='lat' dir='ltr'><strong>suum</strong></span> <span class='ocrx_word' id='word_1_95' title='bbox 953 1911 1135 1984; x_wconf 86' lang='lat' dir='ltr'><strong>collocavit.</strong></span> <span class='ocrx_word' id='word_1_96' title='bbox 1162 1912 1259 2001; x_wconf 86' lang='lat' dir='ltr'><strong>Inde,</strong></span> <span class='ocrx_word' id='word_1_97' title='bbox 1289 1939 1326 1983; x_wconf 90' lang='lat' dir='ltr'><strong>re</strong></span> <span class='ocrx_word' id='word_1_98' title='bbox 1392 1967 1395 1976; x_wconf 94' lang='lat'>.</span> 
     </span>
     <span class='ocr_line' id='line_1_15' title="bbox 301 2031 1327 2128; baseline -0.001 -25"><span class='ocrx_word' id='word_1_99' title='bbox 301 2032 386 2104; x_wconf 86' lang='lat' dir='ltr'><strong>bene</strong></span> <span class='ocrx_word' id='word_1_100' title='bbox 400 2048 506 2128; x_wconf 83' lang='lat' dir='ltr'><strong>gesta,</strong></span> <span class='ocrx_word' id='word_1_101' title='bbox 522 2031 752 2104; x_wconf 78' lang='lat' dir='ltr'><strong>Alexandriam</strong></span> <span class='ocrx_word' id='word_1_102' title='bbox 765 2031 808 2100; x_wconf 90' lang='lat' dir='ltr'><strong>ad</strong></span> <span class='ocrx_word' id='word_1_103' title='bbox 822 2035 984 2103; x_wconf 71' lang='lat' dir='ltr'><strong>Caesarem</strong></span> <span class='ocrx_word' id='word_1_104' title='bbox 999 2031 1188 2121; x_wconf 82' lang='lat' dir='ltr'><strong>contendit,</strong></span> <span class='ocrx_word' id='word_1_105' title='bbox 1202 2057 1327 2102; x_wconf 87' lang='lat' dir='ltr'><strong>omnes·</strong></span> 
     </span>
     <span class='ocr_line' id='line_1_16' title="bbox 295 2151 1327 2246; baseline 0.003 -27"><span class='ocrx_word' id='word_1_106' title='bbox 295 2175 365 2244; x_wconf 34' lang='lat' dir='ltr'><strong>sque</strong></span> <span class='ocrx_word' id='word_1_107' title='bbox 380 2175 434 2220; x_wconf 84' lang='lat' dir='ltr'><strong>eae</strong></span> <span class='ocrx_word' id='word_1_108' title='bbox 451 2152 614 2246; x_wconf 86' lang='lat' dir='ltr'><strong>regiones,</strong></span> <span class='ocrx_word' id='word_1_109' title='bbox 634 2175 692 2244; x_wconf 92' lang='lat' dir='ltr'><strong>per</strong></span> <span class='ocrx_word' id='word_1_110' title='bbox 707 2173 790 2244; x_wconf 89' lang='lat' dir='ltr'><strong>quas</strong></span> <span class='ocrx_word' id='word_1_111' title='bbox 807 2151 870 2220; x_wconf 88' lang='lat' dir='ltr'><strong>iter</strong></span> <span class='ocrx_word' id='word_1_112' title='bbox 885 2151 1037 2237; x_wconf 84' lang='lat' dir='ltr'><strong>faciebat,</strong></span> <span class='ocrx_word' id='word_1_113' title='bbox 1054 2153 1250 2221; x_wconf 86' lang='lat' dir='ltr'><strong>auctoritate</strong></span> <span class='ocrx_word' id='word_1_114' title='bbox 1272 2177 1327 2240; x_wconf 83' lang='lat' dir='ltr'><strong>ea,</strong></span> 
     </span>
     <span class='ocr_line' id='line_1_17' title="bbox 301 2269 1328 2364; baseline 0.002 -26"><span class='ocrx_word' id='word_1_115' title='bbox 301 2291 374 2363; x_wconf 84' lang='lat' dir='ltr'><strong>quae</strong></span> <span class='ocrx_word' id='word_1_116' title='bbox 391 2269 584 2364; x_wconf 88' lang='lat' dir='ltr'><strong>plerumque</strong></span> <span class='ocrx_word' id='word_1_117' title='bbox 600 2269 690 2339; x_wconf 89' lang='lat' dir='ltr'><strong>adest</strong></span> <span class='ocrx_word' id='word_1_118' title='bbox 714 2269 847 2356; x_wconf 83' lang='lat' dir='ltr'><strong>victori,</strong></span> <span class='ocrx_word' id='word_1_119' title='bbox 869 2285 1016 2363; x_wconf 78' lang='lat' dir='ltr'><strong>pacaret,</strong></span> <span class='ocrx_word' id='word_1_120' title='bbox 1041 2283 1140 2362; x_wconf 90' lang='lat' dir='ltr'><strong>atque</strong></span> <span class='ocrx_word' id='word_1_121' title='bbox 1164 2270 1198 2339; x_wconf 91' lang='lat' dir='ltr'><strong>in</strong></span> <span class='ocrx_word' id='word_1_122' title='bbox 1221 2272 1328 2340; x_wconf 87' lang='lat' dir='ltr'><strong>amici·</strong></span> 
     </span>
    </p>
   </div>
   <div class='ocr_carea' id='block_1_3' title="bbox 303 2387 724 2482">
    <p class='ocr_par' dir='ltr' id='par_1_3' title="bbox 303 2387 724 2482">
     <span class='ocr_line' id='line_1_18' title="bbox 303 2387 724 2482; baseline 0 -26"><span class='ocrx_word' id='word_1_123' title='bbox 303 2389 381 2456; x_wconf 84' lang='lat' dir='ltr'><strong>tiam</strong></span> <span class='ocrx_word' id='word_1_124' title='bbox 397 2389 534 2458; x_wconf 73' lang='lat' dir='ltr'><strong>Caesaris</strong></span> <span class='ocrx_word' id='word_1_125' title='bbox 549 2387 724 2482; x_wconf 84' lang='lat' dir='ltr'><strong>redegerat.</strong></span> 
     </span>
    </p>
   </div>
   <div class='ocr_carea' id='block_1_4' title="bbox 302 2505 1333 4027">
    <p class='ocr_par' dir='ltr' id='par_1_4' title="bbox 302 2505 1333 4027">
     <span class='ocr_line' id='line_1_19' title="bbox 350 2505 1329 2602; baseline 0.004 -27"><span class='ocrx_word' id='word_1_126' title='bbox 350 2507 488 2578; x_wconf 83' lang='lat' dir='ltr'>XXVII.</span> <span class='ocrx_word' id='word_1_127' title='bbox 518 2510 626 2577; x_wconf 80' lang='lat' dir='ltr'><strong>Luem</strong></span> <span class='ocrx_word' id='word_1_128' title='bbox 646 2519 696 2576; x_wconf 86' lang='lat' dir='ltr'><strong>est</strong></span> <span class='ocrx_word' id='word_1_129' title='bbox 725 2507 793 2576; x_wconf 86' lang='lat' dir='ltr'><strong>fere</strong></span> <span class='ocrx_word' id='word_1_130' title='bbox 819 2508 990 2602; x_wconf 88' lang='lat' dir='ltr'><strong>regionum</strong></span> <span class='ocrx_word' id='word_1_131' title='bbox 1009 2505 1140 2576; x_wconf 89' lang='lat' dir='ltr'><strong>illarum</strong></span> <span class='ocrx_word' id='word_1_132' title='bbox 1166 2507 1329 2578; x_wconf 85' lang='lat' dir='ltr'><strong>nobilissi-</strong></span> 
     </span>
     <span class='ocr_line' id='line_1_20' title="bbox 303 2623 1326 2724; baseline 0.003 -31"><span class='ocrx_word' id='word_1_133' title='bbox 303 2649 391 2704; x_wconf 84' lang='lat' dir='ltr'><strong>mus,</strong></span> <span class='ocrx_word' id='word_1_134' title='bbox 406 2625 529 2724; x_wconf 81' lang='lat' dir='ltr'><strong>nonita</strong></span> <span class='ocrx_word' id='word_1_135' title='bbox 540 2624 637 2720; x_wconf 90' lang='lat' dir='ltr'><strong>longe</strong></span> <span class='ocrx_word' id='word_1_136' title='bbox 650 2625 692 2694; x_wconf 88' lang='lat' dir='ltr'><strong>ab</strong></span> <span class='ocrx_word' id='word_1_137' title='bbox 707 2623 916 2712; x_wconf 81' lang='lat' dir='ltr'><strong>Alexandria,</strong></span> <span class='ocrx_word' id='word_1_138' title='bbox 934 2627 992 2719; x_wconf 91' lang='lat' dir='ltr'><strong>qui</strong></span> <span class='ocrx_word' id='word_1_139' title='bbox 1008 2626 1198 2696; x_wconf 88' lang='lat' dir='ltr'><strong>nominatur</strong></span> <span class='ocrx_word' id='word_1_140' title='bbox 1210 2625 1326 2712; x_wconf 89' lang='lat' dir='ltr'><strong>Delta,</strong></span> 
     </span>
     <span class='ocr_line' id='line_1_21' title="bbox 303 2742 1327 2839; baseline 0.004 -27"><span class='ocrx_word' id='word_1_141' title='bbox 303 2743 392 2837; x_wconf 86' lang='lat' dir='ltr'><strong>quod</strong></span> <span class='ocrx_word' id='word_1_142' title='bbox 412 2769 530 2814; x_wconf 90' lang='lat' dir='ltr'><strong>nomen</strong></span> <span class='ocrx_word' id='word_1_143' title='bbox 547 2742 792 2814; x_wconf 87' lang='lat' dir='ltr'><strong>asimilitudine</strong></span> <span class='ocrx_word' id='word_1_144' title='bbox 805 2742 921 2814; x_wconf 75' lang='lat' dir='ltr'><strong>littere</strong></span> <span class='ocrx_word' id='word_1_145' title='bbox 930 2745 1018 2838; x_wconf 90' lang='lat' dir='ltr'><strong>cepit</strong></span> <span class='ocrx_word' id='word_1_146' title='bbox 1033 2769 1041 2813; x_wconf 73' lang='grc' dir='ltr'><strong>ε</strong></span> <span class='ocrx_word' id='word_1_147' title='bbox 1062 2769 1139 2814; x_wconf 89' lang='lat' dir='ltr'><strong>nam</strong></span> <span class='ocrx_word' id='word_1_148' title='bbox 1154 2769 1228 2839; x_wconf 87' lang='lat' dir='ltr'><strong>pars</strong></span> <span class='ocrx_word' id='word_1_149' title='bbox 1244 2769 1327 2839; x_wconf 74' lang='lat' dir='ltr'><strong>qum·</strong></span> 
     </span>
     <span class='ocr_line' id='line_1_22' title="bbox 303 2861 1329 2953; baseline 0.005 -23"><span class='ocrx_word' id='word_1_150' title='bbox 303 2863 376 2931; x_wconf 91' lang='lat' dir='ltr'><strong>dam</strong></span> <span class='ocrx_word' id='word_1_151' title='bbox 397 2862 540 2932; x_wconf 86' lang='lat' dir='ltr'><strong>fluminis</strong></span> <span class='ocrx_word' id='word_1_152' title='bbox 558 2862 645 2949; x_wconf 90' lang='lat' dir='ltr'><strong>Nili,</strong></span> <span class='ocrx_word' id='word_1_153' title='bbox 661 2862 744 2932; x_wconf 82' lang='lat' dir='ltr'><strong>mire</strong></span> <span class='ocrx_word' id='word_1_154' title='bbox 759 2861 904 2932; x_wconf 85' lang='lat' dir='ltr'><strong>derivata</strong></span> <span class='ocrx_word' id='word_1_155' title='bbox 924 2863 1010 2933; x_wconf 92' lang='lat' dir='ltr'><strong>inter</strong></span> <span class='ocrx_word' id='word_1_156' title='bbox 1025 2887 1074 2953; x_wconf 84' lang='lat' dir='ltr'><strong>se,</strong></span> <span class='ocrx_word' id='word_1_157' title='bbox 1088 2863 1216 2934; x_wconf 88' lang='lat' dir='ltr'><strong>duobus</strong></span> <span class='ocrx_word' id='word_1_158' title='bbox 1231 2865 1329 2934; x_wconf 89' lang='lat' dir='ltr'><strong>itine-</strong></span> 
     </span>
     <span class='ocr_line' id='line_1_23' title="bbox 303 2977 1329 3077; baseline 0.002 -27"><span class='ocrx_word' id='word_1_159' title='bbox 303 2981 394 3052; x_wconf 89' lang='lat' dir='ltr'><strong>ribus</strong></span> <span class='ocrx_word' id='word_1_160' title='bbox 423 2977 579 3075; x_wconf 85' lang='lat' dir='ltr'><strong>paulatim</strong></span> <span class='ocrx_word' id='word_1_161' title='bbox 614 2981 758 3050; x_wconf 87' lang='lat' dir='ltr'><strong>medium</strong></span> <span class='ocrx_word' id='word_1_162' title='bbox 788 2982 874 3051; x_wconf 89' lang='lat' dir='ltr'><strong>iuter</strong></span> <span class='ocrx_word' id='word_1_163' title='bbox 899 3005 934 3052; x_wconf 87' lang='lat' dir='ltr'><strong>se</strong></span> <span class='ocrx_word' id='word_1_164' title='bbox 959 2983 1099 3077; x_wconf 88' lang='lat' dir='ltr'><strong>spatium</strong></span> <span class='ocrx_word' id='word_1_165' title='bbox 1122 2979 1329 3075; x_wconf 83' lang='lat' dir='ltr'><strong>relinquens,</strong></span> 
     </span>
     <span class='ocr_line' id='line_1_24' title="bbox 304 3097 1329 3196; baseline 0 -28"><span class='ocrx_word' id='word_1_166' title='bbox 304 3097 522 3168; x_wconf 78' lang='lat' dir='ltr'><strong>diversissimo</strong></span> <span class='ocrx_word' id='word_1_167' title='bbox 543 3098 586 3167; x_wconf 88' lang='lat' dir='ltr'><strong>ad</strong></span> <span class='ocrx_word' id='word_1_168' title='bbox 612 3097 689 3169; x_wconf 89' lang='lat' dir='ltr'><strong>litus</strong></span> <span class='ocrx_word' id='word_1_169' title='bbox 711 3098 884 3168; x_wconf 85' lang='lat' dir='ltr'><strong>intervallo</strong></span> <span class='ocrx_word' id='word_1_170' title='bbox 907 3102 988 3170; x_wconf 88' lang='lat' dir='ltr'><strong>mari</strong></span> <span class='ocrx_word' id='word_1_171' title='bbox 1014 3101 1236 3196; x_wconf 88' lang='lat' dir='ltr'><strong>conjungitur.</strong></span> <span class='ocrx_word' id='word_1_172' title='bbox 1263 3101 1329 3170; x_wconf 92' lang='lat' dir='ltr'><strong>Cui</strong></span> 
     </span>
     <span class='ocr_line' id='line_1_25' title="bbox 304 3215 1329 3316; baseline 0.003 -31"><span class='ocrx_word' id='word_1_173' title='bbox 304 3215 377 3286; x_wconf 92' lang='lat' dir='ltr'><strong>loco</strong></span> <span class='ocrx_word' id='word_1_174' title='bbox 395 3241 497 3310; x_wconf 89' lang='lat' dir='ltr'><strong>quum</strong></span> <span class='ocrx_word' id='word_1_175' title='bbox 516 3219 780 3312; x_wconf 84' lang='lat' dir='ltr'><strong>appropinquare</strong></span> <span class='ocrx_word' id='word_1_176' title='bbox 797 3217 1010 3289; x_wconf 82' lang='lat' dir='ltr'><strong>Mithridaten</strong></span> <span class='ocrx_word' id='word_1_177' title='bbox 1027 3242 1085 3290; x_wconf 84' lang='lat' dir='ltr'><strong>rex</strong></span> <span class='ocrx_word' id='word_1_178' title='bbox 1100 3221 1329 3316; x_wconf 79' lang='lat' dir='ltr'><strong>cognovisset,</strong></span> 
     </span>
     <span class='ocr_line' id='line_1_26' title="bbox 302 3335 1329 3433; baseline -0.001 -27"><span class='ocrx_word' id='word_1_179' title='bbox 302 3349 336 3406; x_wconf 84' lang='lat' dir='ltr'><strong>et</strong></span> <span class='ocrx_word' id='word_1_180' title='bbox 352 3335 588 3406; x_wconf 86' lang='lat' dir='ltr'><strong>transeundum</strong></span> <span class='ocrx_word' id='word_1_181' title='bbox 608 3337 637 3405; x_wconf 91' lang='lat' dir='ltr'><strong>ei</strong></span> <span class='ocrx_word' id='word_1_182' title='bbox 655 3336 778 3412; x_wconf 87' lang='lat' dir='ltr'><strong>flumen</strong></span> <span class='ocrx_word' id='word_1_183' title='bbox 794 3338 912 3425; x_wconf 84' lang='lat' dir='ltr'><strong>sciret,</strong></span> <span class='ocrx_word' id='word_1_184' title='bbox 928 3359 1062 3433; x_wconf 81' lang='lat' dir='ltr'><strong>magnas</strong></span> <span class='ocrx_word' id='word_1_185' title='bbox 1077 3336 1232 3410; x_wconf 83' lang='lat' dir='ltr'><strong>adversus</strong></span> <span class='ocrx_word' id='word_1_186' title='bbox 1251 3361 1329 3408; x_wconf 79' lang='lat' dir='ltr'><strong>euni</strong></span> 
     </span>
     <span class='ocr_line' id='line_1_27' title="bbox 303 3431 1331 3550; baseline 0.003 -29"><span class='ocrx_word' id='word_1_187' title='bbox 303 3454 414 3547; x_wconf 87' lang='lat' dir='ltr'><strong>copias</strong></span> <span class='ocrx_word' id='word_1_188' title='bbox 427 3455 529 3540; x_wconf 84' lang='lat' dir='ltr'><strong>misit,</strong></span> <span class='ocrx_word' id='word_1_189' title='bbox 548 3431 668 3550; x_wconf 73' lang='lat' dir='ltr'><strong>quilius</strong></span> <span class='ocrx_word' id='word_1_190' title='bbox 684 3453 734 3524; x_wconf 84' lang='lat' dir='ltr'><strong>rel</strong></span> <span class='ocrx_word' id='word_1_191' title='bbox 748 3457 896 3550; x_wconf 89' lang='lat' dir='ltr'><strong>superari</strong></span> <span class='ocrx_word' id='word_1_192' title='bbox 912 3455 1078 3550; x_wconf 86' lang='lat' dir='ltr'><strong>delerique</strong></span> <span class='ocrx_word' id='word_1_193' title='bbox 1091 3455 1331 3544; x_wconf 86' lang='lat' dir='ltr'><strong>Mithridaten,</strong></span> 
     </span>
     <span class='ocr_line' id='line_1_28' title="bbox 304 3570 1331 3668; baseline 0.002 -26"><span class='ocrx_word' id='word_1_194' title='bbox 304 3570 353 3642; x_wconf 82' lang='lat' dir='ltr'><strong>vel</strong></span> <span class='ocrx_word' id='word_1_195' title='bbox 376 3573 446 3642; x_wconf 82' lang='lat' dir='ltr'><strong>sine</strong></span> <span class='ocrx_word' id='word_1_196' title='bbox 464 3574 565 3644; x_wconf 90' lang='lat' dir='ltr'><strong>dubio</strong></span> <span class='ocrx_word' id='word_1_197' title='bbox 587 3576 720 3647; x_wconf 87' lang='lat' dir='ltr'><strong>retineri</strong></span> <span class='ocrx_word' id='word_1_198' title='bbox 744 3597 836 3668; x_wconf 84' lang='lat' dir='ltr'><strong>posse</strong></span> <span class='ocrx_word' id='word_1_199' title='bbox 856 3574 1016 3643; x_wconf 87' lang='lat' dir='ltr'><strong>credebat.</strong></span> <span class='ocrx_word' id='word_1_200' title='bbox 1044 3574 1331 3663; x_wconf 86' lang='lat' dir='ltr'><strong>Quemadmodum</strong></span> 
     </span>
     <span class='ocr_line' id='line_1_29' title="bbox 303 3689 1330 3786; baseline 0 -26"><span class='ocrx_word' id='word_1_201' title='bbox 303 3703 411 3762; x_wconf 82' lang='lat' dir='ltr'><strong>autem</strong></span> <span class='ocrx_word' id='word_1_202' title='bbox 428 3692 562 3786; x_wconf 85' lang='lat' dir='ltr'><strong>optabat</strong></span> <span class='ocrx_word' id='word_1_203' title='bbox 579 3714 655 3760; x_wconf 90' lang='lat' dir='ltr'><strong>eum</strong></span> <span class='ocrx_word' id='word_1_204' title='bbox 671 3691 775 3778; x_wconf 77' lang='lat' dir='ltr'><strong>vinci,</strong></span> <span class='ocrx_word' id='word_1_205' title='bbox 790 3691 836 3758; x_wconf 85' lang='lat' dir='ltr'><strong>sic</strong></span> <span class='ocrx_word' id='word_1_206' title='bbox 853 3690 930 3758; x_wconf 84' lang='lat' dir='ltr'><strong>satis</strong></span> <span class='ocrx_word' id='word_1_207' title='bbox 943 3690 1098 3776; x_wconf 84' lang='lat' dir='ltr'><strong>habehat,</strong></span> <span class='ocrx_word' id='word_1_208' title='bbox 1113 3689 1330 3766; x_wconf 83' lang='lat' dir='ltr'><strong>interclusum</strong></span> 
     </span>
     <span class='ocr_line' id='line_1_30' title="bbox 303 3806 1333 3902; baseline 0.004 -26"><span class='ocrx_word' id='word_1_209' title='bbox 303 3831 321 3876; x_wconf 86' lang='lat' dir='ltr'><strong>a</strong></span> <span class='ocrx_word' id='word_1_210' title='bbox 342 3812 500 3881; x_wconf 63' lang='lat' dir='ltr'><strong>marea</strong></span> <span class='ocrx_word' id='word_1_211' title='bbox 515 3835 550 3881; x_wconf 83' lang='lat' dir='ltr'><strong>re</strong></span> <span class='ocrx_word' id='word_1_212' title='bbox 560 3811 702 3880; x_wconf 88' lang='lat' dir='ltr'><strong>retineri.</strong></span> <span class='ocrx_word' id='word_1_213' title='bbox 720 3809 804 3897; x_wconf 76' lang='lat' dir='ltr'><strong>Quae</strong></span> <span class='ocrx_word' id='word_1_214' title='bbox 820 3809 933 3901; x_wconf 85' lang='lat' dir='ltr'><strong>primoe</strong></span> <span class='ocrx_word' id='word_1_215' title='bbox 945 3808 1047 3902; x_wconf 81' lang='lat' dir='ltr'><strong>copies</strong></span> <span class='ocrx_word' id='word_1_216' title='bbox 1062 3807 1184 3880; x_wconf 85' lang='lat' dir='ltr'><strong>flumen</strong></span> <span class='ocrx_word' id='word_1_217' title='bbox 1198 3833 1219 3878; x_wconf 87' lang='lat' dir='ltr'><strong>a</strong></span> <span class='ocrx_word' id='word_1_218' title='bbox 1231 3806 1333 3880; x_wconf 86' lang='lat' dir='ltr'><strong>Delta</strong></span> 
     </span>
     <span class='ocr_line' id='line_1_31' title="bbox 303 3927 1332 4027; baseline 0.006 -29"><span class='ocrx_word' id='word_1_219' title='bbox 303 3931 458 4017; x_wconf 83' lang='lat' dir='ltr'><strong>transire,</strong></span> <span class='ocrx_word' id='word_1_220' title='bbox 486 3945 520 4000; x_wconf 89' lang='lat' dir='ltr'><strong>et</strong></span> <span class='ocrx_word' id='word_1_221' title='bbox 545 3927 731 4000; x_wconf 83' lang='lat' dir='ltr'><strong>Mithridati</strong></span> <span class='ocrx_word' id='word_1_222' title='bbox 752 3951 923 3997; x_wconf 85' lang='lat' dir='ltr'><strong>occurrere</strong></span> <span class='ocrx_word' id='word_1_223' title='bbox 959 3943 1153 4022; x_wconf 89' lang='lat' dir='ltr'><strong>potueruut,</strong></span> <span class='ocrx_word' id='word_1_224' title='bbox 1176 3927 1332 4027; x_wconf 76' lang='lat' dir='ltr'><strong>praelium</strong></span> 
     </span>
    </p>
   </div>
   <div class='ocr_carea' id='block_1_5' title="bbox 0 0 1546 4772">
    <p class='ocr_par' dir='ltr' id='par_1_5' title="bbox 0 0 1546 4772">
     <span class='ocr_line' id='line_1_32' title="bbox 0 0 1546 4772; baseline 0 0"><span class='ocrx_word' id='word_1_225' title='bbox 0 0 1546 4772; x_wconf 95' lang='lat' dir='ltr'><strong> </strong></span> 
     </span>
    </p>
   </div>
  </div>
 </body>
</html>
