3050 4772
269 375 326 414 noo
428 361 458 415 C.
481 361 577 416 JULII
597 358 760 415 OEsauts
783 352 1148 414 commutationum

271 507 330 551 nus
346 483 526 552 revertitur
540 485 762 577 Agendicum,
779 485 837 552 ubi
852 465 1088 575 impedimenta
1100 477 1202 547 totius
1219 501 1311 545 exer·

267 595 352 672 citus
373 599 488 672 relicta
508 618 612 672 erant.
638 603 721 680 Inde
744 628 821 684 cum
841 601 996 673 omnibus
1016 599 1121 693 copiis
1143 597 1186 666 ad
1205 600 1311 667 Caesa·
1346 666 1351 676 ,

268 747 337 791 rem
355 724 516 816 pervenit.

312 841 436 911 LXIII.
452 841 647 912 Defectione
660 843 843 913 AEduorum
856 844 1005 938 cognita,
1017 839 1143 911 bellum
1155 839 1318 933 augetur.-

266 965 467 1056 chationes
483 965 518 1033 in
539 990 654 1034 omnes
671 981 781 1060 partes
798 965 1126 1049 circummittuntur3
1146 977 1308 1055 quantum

267 1084 389 1175 gratia,
401 1085 614 1173 auctoritate,
632 1087 773 1180 pecunia
787 1084 913 1172 valent,
930 1083 973 1152 ad
988 1080 1211 1152 sollicitandas
1229 1083 1309 1151 civi-

268 1216 350 1271 tates
371 1205 537 1282 nituntur.
558 1206 658 1276 Nacti
676 1206 821 1291 obsides,
843 1229 927 1298 quos
943 1206 1052 1273 Caesar
1067 1201 1156 1294 apud
1177 1225 1234 1270 eos
1250 1201 1308 1270 de·

267 1339 443 1415 posuerat,
464 1325 586 1394 horum
605 1325 769 1420 supplicio
789 1325 978 1394 dubitantes
1000 1325 1163 1393 territant.
1186 1325 1308 1392 Petunt

266 1469 285 1511 a
301 1445 576 1542 Vercingetorige
595 1447 715 1534 AEdui,
738 1447 831 1516 adse
848 1447 978 1530 veniat,
1001 1447 1211 1538 rationesque
1230 1443 1308 1512 belli

266 1564 403 1658 gerendi
420 1567 653 1636 communicet.
671 1571 720 1636 Re
738 1569 931 1661 impetrata,
948 1565 1156 1635 contendunt
1177 1580 1215 1633 ut
1230 1567 1308 1659 ipsis

266 1707 395 1753 summa
422 1685 553 1779 imperii
583 1686 754 1771 tradatur;
781 1701 812 1755 et
840 1712 875 1754 re
903 1687 938 1753 in
964 1687 1225 1764 controversiam
1249 1686 1307 1754 de·

266 1803 386 1892 ducta,
411 1807 514 1874 totius
534 1805 652 1876 Galliae
670 1806 849 1877 concilium
869 1807 1022 1875 Bibracte
1049 1806 1217 1876 indicitur.
1240 1809 1307 1876 Eo·

266 1922 342 1992 dem
362 1927 568 1996 conveniunt
592 1927 961 2021 undiquefrequeutes.
986 1925 1214 2001 Multitudinis
1239 1926 1308 1994 sus·

267 2043 380 2138 fragiis
405 2070 457 2113 res
481 2035 687 2140 per-mittitur
708 2072 715 2114 :
739 2046 782 2116 ad
801 2072 904 2115 unum
926 2039 1041 2114 omnes
1060 2047 1309 2139 Vercingetori-

267 2189 340 2258 gem
364 2167 510 2259 probant
527 2169 772 2259 imperatorem.
789 2167 841 2235 Ab
858 2166 921 2234 hoc
938 2163 1080 2234 concilio
1097 2166 1308 2252 Remi,-Lin-

267 2310 385 2378 gones,
400 2287 530 2354 Treviri
543 2285 721 2357 abfuerunt
736 2313 744 2353 :
762 2284 825 2373 illi,
837 2284 930 2379 quod
944 2284 1123 2352 amicitiam
1139 2288 1308 2354 Romano-

267 2431 343 2474 rum
363 2407 605 2498 sequebantur3
625 2407 768 2494 Treviri,
789 2404 877 2499 quod
897 2404 1034 2475 aberant
1060 2404 1194 2500 longius
1212 2421 1246 2476 et
1264 2406 1306 2474 ab

267 2528 444 2599 Germanis
465 2525 718 2621 premebantur,
735 2551 808 2619 quae
829 2525 891 2593 fuit
909 2551 1007 2594 causa
1027 2550 1129 2620 quare
1154 2541 1226 2595 toto
1249 2527 1306 2594 ab·

266 2661 376 2718 essent
390 2645 480 2716 bello
506 2661 538 2716 et
555 2647 683 2719 neutris
701 2637 831 2716 auxilia
843 2648 1027 2717 mitterent.
1047 2650 1172 2742 Magno
1192 2646 1306 2716 dolore

266 2770 365 2839 AEdui
383 2768 495 2838 ferunt
515 2793 550 2836 se
571 2767 716 2862 dejectos
733 2768 937 2861 principatu3
956 2783 1144 2860 queruntur
1166 2766 1306 2837 fortune

268 2891 580 2975 commutationem,
603 2903 637 2956 et
655 2889 793 2958 Caesaris
816 2885 1055 2982 indulgentiam
1083 2890 1117 2955 iu
1141 2913 1175 2956 se
1198 2890 1306 2979 requi-

267 3023 372 3076 runts
392 3035 500 3103 neque
519 3026 646 3094 tamen,
664 3023 816 3102 suscepto
835 3006 937 3094 bello,
956 3033 1053 3076 suum
1072 3007 1246 3076 consilium
1265 3008 1306 3074 ab

267 3123 402 3218 reliquis
419 3153 570 3221 separare
586 3127 719 3197 audent.
741 3127 858 3212 Inviti,
877 3151 1013 3196 summae
1029 3130 1100 3220 spei
1118 3127 1307 3196 adolescen-

268 3262 331 3333 tes,
350 3249 557 3340 Eporedorix
578 3265 612 3317 et
632 3247 879 3332 Viridomarus,
897 3250 1162 3342 Vercingetorigi
1176 3263 1304 3342 parent.

315 3369 436 3438 LXIV.
462 3365 522 3436 Ille
548 3369 687 3462 imperat
708 3367 843 3462 reliquis
866 3368 1053 3437 civitatibus
1078 3366 1230 3454 obsides3
1250 3367 1306 3436 de-

268 3489 368 3581 nique
393 3489 423 3556 ei
452 3489 499 3555 rei
527 3488 700 3556 constituit
724 3488 822 3557 diem.
850 3495 924 3558 Huc
949 3513 1062 3557 omnes
1087 3489 1233 3581 equites,
1259 3514 1303 3557 xv

203 3655 220 3678 .·
269 3607 374 3678 millia
401 3633 562 3691 numero,
593 3605 744 3677 celeriter
772 3609 950 3678 convenire
976 3609 1079 3699 jubet.
1114 3637 1131 3670 a
1152 3608 1307 3676 Peditatu

269 3755 368 3821 quem
384 3744 461 3797 ante
477 3729 631 3796 habuerit
648 3752 682 3796 se
696 3728 767 3797 sore
783 3735 977 3796 contentum
994 3727 1098 3802 dicit:
1117 3753 1225 3821 neque
1237 3727 1304 3796 for·

270 3861 381 3915 tunam
400 3861 622 3932 tentaturum,
640 3849 749 3916 autin
767 3849 837 3916 acie
854 3848 1111 3930 dimicaturum3
1128 3849 1206 3936 sed,
1224 3874 1305 3942 quo-

269 3969 358 4034 nIam
378 3967 522 4037 abundet
547 3970 715 4062 equitatu,
739 3969 894 4062 perfacile
916 3995 985 4038 esse
1013 3968 1100 4038 sactu
1120 3968 1304 4056 frumenta-
