3048 4770
260 317 325 416 'rs
392 373 395 378 ·
443 363 472 416 c.
496 363 594 417 Junn
615 361 777 418 cnsnnrs
800 329 1162 418 commnrnnionnn

284 515 319 560 se
339 488 452 558 eodem
473 486 563 573 loco,
581 513 648 579 quo
668 485 851 570 Helvetios,
874 487 1075 556 habiturum.
1098 492 1189 580 lpse,
1211 469 1319 553 triduo

285 609 471 678 intermisso
480 657 492 692 ,,
501 631 576 675 cum
594 607 746 674 omnibus
765 607 869 699 copiis
886 631 942 674 eos
958 609 1052 699 sequi
1068 609 1177 699 coepit.
1211 643 1213 646 ·

330 729 471 796 XXVII.
492 724 651 814 Helvetii,
672 727 821 794 omnium
840 749 953 794 rerum
974 727 1087 818 inopia
1108 724 1259 808 adducti,
1278 723 1320 790 lc·

284 860 377 941 gatos
397 844 438 913 de.
455 844 623 913 deditione
640 843 682 912 ad
703 869 780 912 eum
795 845 964 912 miserunt.
981 844 1051 932 Qui
1067 867 1171 936 quum
1193 868 1269 912 eum
1288 844 1320 908 in

249 1039 251 1044 ,
283 965 402 1056 itinere
421 965 670 1048 convenissent,
687 988 789 1057 seque
809 962 850 1032 ad
871 963 971 1057 pedes
991 963 1222 1055 projecissent,
1244 987 1322 1056 sup·

159 1067 162 1074 ⁴
284 1082 477 1177 pliciterque
498 1081 600 1152 locuti
622 1083 737 1151 flentes
759 1107 874 1175 pacem
893 1083 1067 1176 petissent,
1089 1095 1188 1173 atquc
1208 1104 1263 1148 eos
1287 1083 1321 1148 in

283 1226 323 1270 eo
349 1200 440 1287 loco,
463 1227 530 1294 quo
555 1217 636 1275 tum·
652 1217 776 1282 essent,
804 1225 900 1269 suurn
928 1199 1107 1268 adventum
1131 1213 1321 1291 exspectare

280 1322 446 1414 jussisset,
464 1333 655 1415 paruerunt.
677 1323 726 1389 Eo
746 1333 920 1412 postquam
941 1319 1049 1395 Caesar
1069 1319 1235 1410 pervenit,
1261 1319 1320 1385 ob·

283 1437 384 1528 sides,
404 1463 510 1526 arma,
536 1463 661 1526 servos,
682 1440 739 1531 qui
760 1437 802 1506 ad
821 1462 877 1506 eos
897 1436 1135 1530 perfugissent,
1157 1438 1318 1529 poposcit.

282 1561 375 1628 Dum
389 1583 428 1627 ea
443 1560 688 1651 conquiruntur
705 1570 736 1625 et
752 1556 983 1642 conferuntur,
999 1571 1097 1624 nocte
1114 1557 1319 1641 intermissu,

283 1679 414 1746 circiter
438 1677 612 1748 hominum
641 1675 745 1746 millia
768 1699 820 1762 vr,
841 1676 911 1767 ejus
937 1677 1013 1770 pagi
1035 1676 1093 1767 qui
1114 1674 1320 1768 Verbigenus

283 1795 484 1890 appellatur,
511 1799 579 1868 sive
602 1799 720 1890 timore
747 1795 1015 1889 perterriti,ne,
1046 1796 1145 1863 armis
1170 1771 1320 1876 traditis,

284 1913 448 2008 supplicio
476 1914 701 2001 afficerentur,
728 1916 796 1982 sive
816 1939 873 2008 spe
899 1915 1012 1983 salutis
1041 1914 1183 1998 inducti,
1211 1913 1320 2006 quod,
1405 1991 1411 1998 ,

284 2036 318 2101 in
336 2049 429 2102 tanta
448 2031 661 2102 multitudine
683 2032 929 2118 dedititiorum,
951 2010 1051 2102 snam
1063 2033 1174 2126 fugam
1191 2048 1249 2100 aut
1264 2057 1333 2115 οε(

283 2150 418 2238 cultari,
440 2165 499 2220 aut
514 2152 652 2220 omnino
677 2152 823 2244 ignorari
840 2173 934 2243 posse
953 2152 1193 2242 existimarent,
1212 2152 1319 2242 primu

284 2285 382 2340 nocte
398 2295 438 2338 ex
452 2272 567 2340 castris
584 2269 810 2340 Helvetiorum
827 2271 963 2364 egressi,
987 2270 1029 2337 ad
1047 2268 1202 2338 Rhenum
1221 2271 1318 2338 lines·

282 2415 348 2485 que
365 2393 609 2476 Germanorum
627 2388 880 2459 contenderunt.

330 2511 489 2582 xxvltt.
505 2493 611 2596 Quod
633 2508 690 2576 ubi
712 2513 823 2579 Caesar
843 2509 969 2593 resciit,
994 2531 1135 2600 quornm
1157 2533 1216 2602 per
1238 2509 1319 2578 sines

284 2630 405 2716 ierant,
424 2629 490 2715 his,
510 2629 559 2695 uti
577 2627 813 2721 conquirerent
830 2641 864 2699 et
880 2625 1091 2714 reducerent,
1112 2628 1139 2695 si
1157 2628 1217 2696 sibi
1240 2653 1319 2721 pur·

284 2751 352 2842 goti
377 2772 446 2818 esse
470 2745 613 2833 vellent,
633 2747 837 2840 imperavit:
863 2745 1017 2816 reductos
1038 2749 1071 2816 in
1091 2748 1236 2817 hostium
1260 2771 1322 2820 nu·

284 2890 376 2934 mcro
391 2867 509 2936 habuit
528 2893 536 2935 :
557 2864 702 2959 reliquos
722 2888 853 2951 omnes,
874 2865 1059 2952 obsidibus,
1079 2868 1194 2955 armis,
1211 2868 1322 2960 perlu-

284 2985 333 3077 gi's
353 2984 498 3071 traditis,
520 2986 554 3052 in
574 2982 772 3052 deditionem
790 2985 927 3077 accepit.
945 2982 1133 3074 Helvetios,
1146 2984 1322 3080 Tulingos,

284 3103 480 3197 Latobrigos
504 3104 539 3170 in
565 3104 646 3172 fines
668 3126 762 3191 suos,
788 3103 876 3170 unde
901 3117 996 3171 erant
1018 3103 1169 3195 profecti,
1201 3093 1322 3175 reverti

281 3222 396 3314 jussit;
423 3236 456 3291 et
472 3221 577 3314 quod,
602 3221 755 3290 omnibus
780 3221 930 3314 frugibus
956 3221 1102 3309 amissis,
1125 3223 1215 3290 dorni
1237 3225 1321 3292 nihil

283 3356 371 3427 erat,
390 3365 457 3433 quo
474 3339 593 3409 famem
610 3338 805 3427 tolerarunt,
821 3337 1054 3433 Allobrogibus
1072 3341 1264 3434 imperavit,
1283 3358 1321 3410 nt

284 3461 322 3558 iis
350 3460 509 3529 frumenti
533 3459 829 3553 copiamfacerent
854 3487 861 3526 :
888 3462 976 3553 ipsos
1001 3460 1123 3553 oppida
1148 3461 1319 3554 vicosque,

141 3597 144 3604 ⁴
283 3605 367 3675 quos
390 3579 624 3667 incenderant,
649 3581 821 3648 restituere
846 3581 953 3672 jussit.
978 3580 1017 3648 Id
1042 3604 1082 3647 ea
1107 3581 1248 3649 maximo
1270 3607 1320 3649 ru-

283 3703 374 3770 tione
388 3699 480 3786 fecit,
496 3698 586 3792 quod
606 3697 731 3785 noluit,
749 3723 825 3768 eum
844 3696 970 3785 locum,
993 3697 1079 3767 unde
1094 3698 1236 3768 Helvetii
1254 3699 1319 3768 dis-

283 3834 465 3908 cesserant,
482 3842 617 3902 vacare;
637 3843 679 3886 ne
696 3833 832 3911 propter
850 3819 1031 3916 bonitatem
1057 3841 1212 3912 agrorum
1235 3821 1320 3886 Ger-

226 3991 227 3996 1
284 3941 393 4026 mani,
419 3940 477 4032 qui
502 3952 594 4006 trans
618 3938 773 4006 Rhenum
801 3936 968 4024 incolunt,
994 3961 1012 4004 e
1042 3937 1108 4006 suis
1140 3931 1263 4006 tinibus
1286 3940 1319 4006 in
