3042 4772
465 409 517 465 DE
537 405 659 488 nmo
681 405 798 461 elvlu
820 403 890 458 ΗΒ.
906 403 957 458 lll.
1176 395 1229 456 155

203 536 394 632 cognoscit:
409 549 508 628 atque
525 531 571 602 ibi
586 534 729 626 primum
743 555 762 598 e
774 530 850 597 navi
868 526 1039 622 egrediens
1054 523 1230 595 clamorem

204 653 345 725 militum
370 653 481 741 audit,
501 676 584 747 quos
606 676 662 720 rex
679 651 713 719 in
731 647 856 743 oppido
874 645 1017 740 praesidii
1038 669 1137 715 causa
1153 644 1231 714 reli·

203 787 338 868 querat,
354 787 387 842 et
404 768 599 842 concursum
612 769 655 840 ad
672 793 706 838 se
721 767 790 836 fieri
804 765 912 854 videt,
925 764 1016 858 quod
1030 765 1131 835 fasces
1145 780 1233 833 anta·
1271 855 1274 864 Α

203 892 375 961 ferrentur.
397 894 437 960 In
460 890 522 959 lroc
546 889 653 959 omnis
677 885 855 957 multitudo
879 885 1082 977 majestatem
1109 884 1231 977 regiam

204 1013 309 1080 minui
324 1009 530 1105 predicabat.
545 1012 617 1078 Hoc
626 1008 739 1078 sedato
752 1005 896 1076 tumultu
909 1057 917 1092 ,
932 1005 1054 1073 crebrae
1066 1006 1232 1074 continuis

205 1131 319 1200 diebus
342 1155 383 1200 ex
406 1153 569 1204 concursu
591 1127 811 1196 multitudinis
833 1126 1069 1194 concitationes
1090 1125 1231 1210 fiebant,

204 1248 454 1344 compluresque
472 1246 593 1318 milites
611 1247 709 1341 hujus
728 1246 819 1315 urbis
840 1243 992 1313 omnibus
1013 1245 1162 1338 partibus
1181 1246 1227 1313 in·

205 1369 455 1438 terficiebantur.

252 1481 355 1560 CVII.
379 1489 509 1578 Quibus
530 1487 628 1557 rebus
643 1485 895 1570 animadversis,
910 1483 1056 1579 legiones
1075 1485 1136 1553 sibi
1154 1484 1234 1554 alias

117 1658 123 1670 -
206 1633 244 1679 ex
266 1610 343 1678 Asia
364 1607 483 1676 adduci
506 1607 622 1700 jussit,
651 1628 732 1697 quas
763 1627 802 1672 ex
832 1605 1042 1696 Pompeianis
1073 1601 1234 1671 militibus

206 1727 391 1796 confecerat
410 1751 418 1793 ε
437 1727 507 1819 ipse
523 1725 612 1792 enim
636 1723 817 1792 necessario
836 1723 953 1791 Etesiis
971 1722 1155 1810 tenebatur,
1175 1723 1232 1815 qui

205 1845 402 1917 Alexandria
425 1844 658 1936 navigantibus
678 1855 756 1911 sunt
775 1839 994 1910 adversissimi
1018 1842 1118 1910 venti.
1140 1841 1232 1910 Inte-

207 1967 268 2033 rim
290 1964 529 2034 controversias
548 1985 663 2057 regum
684 1960 725 2031 ad
745 1959 903 2056 populum
924 1983 1117 2049 romanum,
1137 1973 1171 2030 et
1191 1959 1234 2030 ad

207 2107 261 2171 se,
287 2082 377 2176 quod
401 2096 485 2151 essct
505 2081 633 2168 consul,
655 2082 817 2174 pertinere
842 2081 1048 2168 existimans,
1071 2095 1170 2174 atque
1194 2105 1234 2151 eo

209 2203 314 2295 magis
330 2200 439 2270 officio
458 2225 519 2270 suo
538 2202 730 2285 convenire,
747 2199 836 2293 quod
855 2203 1023 2294 superiore
1040 2199 1234 2288 consulatu,

208 2345 282 2389 cum
295 2335 389 2415 patre
408 2320 601 2408 Ptolcmaeo,
615 2333 649 2389 et
666 2319 735 2414 lege
751 2334 784 2389 et
799 2323 833 2388 S.
846 2323 883 2389 C.
896 2322 1033 2390 societas
1050 2334 1121 2390 erat
1134 2319 1234 2404 sacta,

207 2442 348 2512 ostendit
372 2442 433 2512 sibi
457 2441 738 2536 placem-regem
768 2437 1000 2528 Ptolemaeum,
1018 2455 1119 2533 atque
1147 2465 1237 2510 soro·

209 2586 277 2630 rem
298 2563 370 2655 ejus
393 2560 604 2656 Cleopatram
623 2559 804 2645 exercitus,
823 2581 905 2650 quos
925 2558 1103 2644 haberent,
1121 2559 1234 2628 dimit·

208 2655 297 2767 tere,
314 2679 406 2748 et-de
421 2679 651 2774 controversiis
668 2681 743 2770 jure
766 2674 853 2769 apud
874 2699 908 2744 se
926 2677 1052 2771 potius,
1069 2701 1169 2770 quam
1187 2679 1237 2747 in·

210 2812 259 2868 ter
277 2823 312 2867 se
330 2798 429 2866 armis
449 2796 639 2889 disceptare.

256 2918 377 2986 CVIII.
401 2919 481 2984 Erat
504 2917 538 2983 in
567 2915 799 3008 procuratione
826 2916 921 3011 regni
948 2929 1083 3010 propter
1107 2929 1236 2985 aetatem

211 3035 304 3128 pueri
329 3035 491 3102 nutricius
516 3034 604 3128 ejus,
633 3033 825 3122 eunuchos,
850 3035 983 3104 nomine
1004 3033 1176 3106 Pothinus
1205 3037 1237 3106 ls

210 3154 354 3248 primum
372 3154 459 3222 inter
475 3177 552 3223 suos
569 3154 663 3247 queri
683 3167 783 3246 atque
798 3153 964 3248 indignari
982 3155 1103 3248 coepit,
1124 3179 1235 3252 regem

211 3271 252 3341 ad
279 3270 451 3342 dicendam
473 3295 604 3342 caumm
628 3274 785 3341 evocari:
805 3270 925 3341 deinde
949 3272 1116 3367 adjutores
1135 3299 1237 3368 quos·

211 3391 308 3478 dam,
327 3392 475 3464 conscios
493 3393 558 3480 sui,
579 3405 695 3461 nactus
713 3416 752 3460 ex
768 3392 854 3486 regis
871 3392 999 3477 amicis,
1019 3396 1198 3464 exercitum
1218 3421 1238 3465 a

211 3507 341 3581 Pelusio
372 3510 457 3580 clam
485 3506 714 3580 Alexandriam
748 3511 920 3597 evocavit,
950 3527 1050 3604 atque
1085 3511 1238 3583 eumdem

211 3627 388 3719 Achillam,
405 3630 498 3724 cujus
513 3652 612 3725 supra
628 3630 853 3716 meminimus,
871 3629 1023 3699 omnibus
1038 3633 1141 3725 copiis
1158 3657 1239 3726 prae·

212 3745 298 3815 fecit.
318 3751 430 3837 Hunc,
450 3750 623 3818 incitatum
643 3751 726 3830 suis,
746 3761 779 3818 et
798 3749 884 3843 regis
902 3747 1052 3818 inllatum
1072 3747 1236 3844 pollicita·

211 3862 373 3952 tionibus,
389 3891 463 3959 quaa
478 3867 548 3942 lieri
569 3866 680 3955 vellet,
700 3866 817 3938 litteris
839 3869 1027 3962 nuntiisque
1041 3869 1182 3941 edocuit.
1199 3875 1238 3940 ln

213 3983 407 4054 testamento
421 3983 587 4056 Ptolemaei
602 3989 705 4080 patris
720 3987 854 4058 heredes
871 4003 965 4059 erant
980 3991 1093 4085 scripti
1111 4015 1150 4061 ex
1161 3991 1238 4062 duo
