<?xml version="1.0" encoding="UTF-8"?>
<!DOCTYPE html PUBLIC "-//W3C//DTD XHTML 1.0 Transitional//EN"
    "http://www.w3.org/TR/xhtml1/DTD/xhtml1-transitional.dtd">
<html xmlns="http://www.w3.org/1999/xhtml" xml:lang="en" lang="en">
 <head>
  <title>
</title>
<meta http-equiv="Content-Type" content="text/html;charset=utf-8" />
  <meta name='ocr-system' content='tesseract 3.04.00' />
  <meta name='ocr-capabilities' content='ocr_page ocr_carea ocr_par ocr_line ocrx_word'/>
</head>
<body>
  <div class='ocr_page' id='page_1' title='image "./cjcaesarisopera00caesgoog_0460.png"; bbox 0 0 3068 4772; ppageno 0'>
   <div class='ocr_carea' id='block_1_1' title="bbox 301 341 1183 438">
    <p class='ocr_par' dir='ltr' id='par_1_1' title="bbox 301 341 1183 438">
     <span class='ocr_line' id='line_1_1' title="bbox 301 341 1183 438; baseline -0.001 -11"><span class='ocrx_word' id='word_1_1' title='bbox 301 371 354 438; x_wconf 76' lang='lat'><strong>154</strong></span> <span class='ocrx_word' id='word_1_2' title='bbox 457 373 487 426; x_wconf 91' lang='lat' dir='ltr'><strong>c.</strong></span> <span class='ocrx_word' id='word_1_3' title='bbox 506 370 604 426; x_wconf 79' lang='lat' dir='ltr'><strong>sunu</strong></span> <span class='ocrx_word' id='word_1_4' title='bbox 625 369 786 427; x_wconf 68' lang='lat' dir='ltr'><strong>emaum</strong></span> <span class='ocrx_word' id='word_1_5' title='bbox 807 341 1183 434; x_wconf 78' lang='lat' dir='ltr'><strong>commurmionuu&#39;</strong></span> 
     </span>
    </p>
   </div>
   <div class='ocr_carea' id='block_1_2' title="bbox 232 493 1371 4045">
    <p class='ocr_par' dir='ltr' id='par_1_2' title="bbox 232 493 1330 2468">
     <span class='ocr_line' id='line_1_2' title="bbox 297 493 1330 587; baseline 0.001 -22"><span class='ocrx_word' id='word_1_6' title='bbox 297 519 468 581; x_wconf 88' lang='lat' dir='ltr'><strong>evocasse,</strong></span> <span class='ocrx_word' id='word_1_7' title='bbox 481 509 519 562; x_wconf 89' lang='lat' dir='ltr'><strong>ut</strong></span> <span class='ocrx_word' id='word_1_8' title='bbox 532 495 569 562; x_wconf 87' lang='lat' dir='ltr'><strong>iis</strong></span> <span class='ocrx_word' id='word_1_9' title='bbox 584 493 722 563; x_wconf 88' lang='lat' dir='ltr'><strong>testibus</strong></span> <span class='ocrx_word' id='word_1_10' title='bbox 738 494 772 560; x_wconf 94' lang='lat' dir='ltr'><strong>in</strong></span> <span class='ocrx_word' id='word_1_11' title='bbox 786 516 913 562; x_wconf 88' lang='lat' dir='ltr'><strong>summa</strong></span> <span class='ocrx_word' id='word_1_12' title='bbox 932 495 1079 587; x_wconf 77' lang='lat' dir='ltr'><strong>pecunias</strong></span> <span class='ocrx_word' id='word_1_13' title='bbox 1096 508 1257 579; x_wconf 89' lang='lat' dir='ltr'><strong>uteretur;</strong></span> <span class='ocrx_word' id='word_1_14' title='bbox 1272 498 1330 566; x_wconf 90' lang='lat' dir='ltr'><strong>sed</strong></span> 
     </span>
     <span class='ocr_line' id='line_1_3' title="bbox 299 611 1328 708; baseline 0.002 -25"><span class='ocrx_word' id='word_1_15' title='bbox 299 614 541 708; x_wconf 87' lang='lat' dir='ltr'><strong>interpellatum</strong></span> <span class='ocrx_word' id='word_1_16' title='bbox 567 611 709 683; x_wconf 87' lang='lat' dir='ltr'><strong>adventu</strong></span> <span class='ocrx_word' id='word_1_17' title='bbox 736 613 870 683; x_wconf 85' lang='lat' dir='ltr'><strong>Gaesaris</strong></span> <span class='ocrx_word' id='word_1_18' title='bbox 899 611 1090 706; x_wconf 77' lang='lat' dir='ltr'><strong>profugisse.</strong></span> <span class='ocrx_word' id='word_1_19' title='bbox 1119 616 1170 682; x_wconf 90' lang='lat' dir='ltr'><strong>Ita</strong></span> <span class='ocrx_word' id='word_1_20' title='bbox 1197 613 1328 686; x_wconf 90' lang='lat' dir='ltr'><strong>duobus</strong></span> 
     </span>
     <span class='ocr_line' id='line_1_4' title="bbox 299 731 1325 828; baseline 0.002 -26"><span class='ocrx_word' id='word_1_21' title='bbox 299 734 503 828; x_wconf 81' lang='lat' dir='ltr'><strong>temporibus</strong></span> <span class='ocrx_word' id='word_1_22' title='bbox 523 733 661 826; x_wconf 74' lang='lat' dir='ltr'><strong>ephesia</strong></span> <span class='ocrx_word' id='word_1_23' title='bbox 679 732 826 826; x_wconf 79' lang='lat' dir='ltr'><strong>pecuniae</strong></span> <span class='ocrx_word' id='word_1_24' title='bbox 840 734 951 802; x_wconf 86' lang='lat' dir='ltr'><strong>Caesar</strong></span> <span class='ocrx_word' id='word_1_25' title='bbox 966 731 1125 809; x_wconf 83' lang='lat' dir='ltr'><strong>auxilium</strong></span> <span class='ocrx_word' id='word_1_26' title='bbox 1144 733 1230 801; x_wconf 73' lang='lat' dir='ltr'><strong>tutis</strong></span> <span class='ocrx_word' id='word_1_27' title='bbox 1243 735 1325 804; x_wconf 86' lang='lat' dir='ltr'><strong>Item</strong></span> 
     </span>
     <span class='ocr_line' id='line_1_5' title="bbox 243 849 1326 946; baseline 0.001 -24"><span class='ocrx_word' id='word_1_28' title='bbox 243 871 245 874; x_wconf 82' lang='grc'><strong>’</strong></span> <span class='ocrx_word' id='word_1_29' title='bbox 298 853 488 941; x_wconf 77' lang='lat' dir='ltr'><strong>constabat,</strong></span> <span class='ocrx_word' id='word_1_30' title='bbox 512 851 605 922; x_wconf 84' lang='lat' dir='ltr'>Elide</span> <span class='ocrx_word' id='word_1_31' title='bbox 633 855 668 920; x_wconf 92' lang='lat' dir='ltr'><strong>in</strong></span> <span class='ocrx_word' id='word_1_32' title='bbox 698 849 820 946; x_wconf 88' lang='lat' dir='ltr'><strong>templo</strong></span> <span class='ocrx_word' id='word_1_33' title='bbox 849 852 1026 938; x_wconf 78' lang='lat' dir='ltr'><strong>Minervae,</strong></span> <span class='ocrx_word' id='word_1_34' title='bbox 1053 853 1199 944; x_wconf 79' lang='lat' dir='ltr'><strong>repetitis</strong></span> <span class='ocrx_word' id='word_1_35' title='bbox 1228 868 1326 946; x_wconf 88' lang='lat' dir='ltr'><strong>atque</strong></span> 
     </span>
     <span class='ocr_line' id='line_1_6' title="bbox 299 969 1328 1065; baseline 0.004 -25"><span class='ocrx_word' id='word_1_36' title='bbox 299 975 497 1042; x_wconf 78' lang='lat' dir='ltr'><strong>enumeratis</strong></span> <span class='ocrx_word' id='word_1_37' title='bbox 515 971 647 1055; x_wconf 88' lang='lat' dir='ltr'><strong>diebus,</strong></span> <span class='ocrx_word' id='word_1_38' title='bbox 664 995 730 1065; x_wconf 89' lang='lat' dir='ltr'><strong>quo</strong></span> <span class='ocrx_word' id='word_1_39' title='bbox 751 971 805 1040; x_wconf 91' lang='lat' dir='ltr'><strong>die</strong></span> <span class='ocrx_word' id='word_1_40' title='bbox 822 969 974 1064; x_wconf 79' lang='lat' dir='ltr'><strong>proelium</strong></span> <span class='ocrx_word' id='word_1_41' title='bbox 995 970 1174 1040; x_wconf 89' lang='lat' dir='ltr'><strong>secuudum</strong></span> <span class='ocrx_word' id='word_1_42' title='bbox 1200 971 1328 1044; x_wconf 85' lang='lat' dir='ltr'><strong>lecisset</strong></span> 
     </span>
     <span class='ocr_line' id='line_1_7' title="bbox 300 1089 1324 1184; baseline 0 -23"><span class='ocrx_word' id='word_1_43' title='bbox 300 1095 420 1178; x_wconf 78' lang='lat' dir='ltr'><strong>Ceasar,</strong></span> <span class='ocrx_word' id='word_1_44' title='bbox 440 1090 652 1160; x_wconf 82' lang='lat' dir='ltr'><strong>simulacrum</strong></span> <span class='ocrx_word' id='word_1_45' title='bbox 671 1091 845 1175; x_wconf 76' lang='lat' dir='ltr'><strong>Victoria,</strong></span> <span class='ocrx_word' id='word_1_46' title='bbox 863 1089 955 1182; x_wconf 91' lang='lat' dir='ltr'><strong>quod</strong></span> <span class='ocrx_word' id='word_1_47' title='bbox 973 1104 1050 1158; x_wconf 90' lang='lat' dir='ltr'><strong>aute</strong></span> <span class='ocrx_word' id='word_1_48' title='bbox 1073 1090 1176 1184; x_wconf 83' lang='lat' dir='ltr'><strong>ipsam</strong></span> <span class='ocrx_word' id='word_1_49' title='bbox 1198 1093 1324 1161; x_wconf 87' lang='lat' dir='ltr'><strong>Miner·</strong></span> 
     </span>
     <span class='ocr_line' id='line_1_8' title="bbox 298 1207 1325 1298; baseline 0.004 -22"><span class='ocrx_word' id='word_1_50' title='bbox 298 1235 372 1278; x_wconf 85' lang='lat' dir='ltr'><strong>vam</strong></span> <span class='ocrx_word' id='word_1_51' title='bbox 398 1209 592 1279; x_wconf 88' lang='lat' dir='ltr'><strong>collocatum</strong></span> <span class='ocrx_word' id='word_1_52' title='bbox 614 1225 703 1298; x_wconf 87' lang='lat' dir='ltr'><strong>orat,</strong></span> <span class='ocrx_word' id='word_1_53' title='bbox 722 1222 853 1278; x_wconf 84' lang='lat' dir='ltr'><strong>etanta</strong></span> <span class='ocrx_word' id='word_1_54' title='bbox 872 1207 913 1276; x_wconf 92' lang='lat' dir='ltr'><strong>ad</strong></span> <span class='ocrx_word' id='word_1_55' title='bbox 933 1207 1145 1276; x_wconf 86' lang='lat' dir='ltr'><strong>simulacrum</strong></span> <span class='ocrx_word' id='word_1_56' title='bbox 1169 1210 1325 1280; x_wconf 77' lang='lat' dir='ltr'><strong>Minerva</strong></span> 
     </span>
     <span class='ocr_line' id='line_1_9' title="bbox 299 1326 1323 1422; baseline 0.004 -26"><span class='ocrx_word' id='word_1_57' title='bbox 299 1330 483 1422; x_wconf 81' lang='lat' dir='ltr'><strong>spectabat,</strong></span> <span class='ocrx_word' id='word_1_58' title='bbox 509 1327 550 1398; x_wconf 82' lang='lat' dir='ltr'><strong>ad</strong></span> <span class='ocrx_word' id='word_1_59' title='bbox 581 1327 691 1397; x_wconf 89' lang='lat' dir='ltr'><strong>valvas</strong></span> <span class='ocrx_word' id='word_1_60' title='bbox 718 1351 752 1396; x_wconf 90' lang='lat' dir='ltr'><strong>se</strong></span> <span class='ocrx_word' id='word_1_61' title='bbox 780 1326 893 1420; x_wconf 87' lang='lat' dir='ltr'><strong>templi</strong></span> <span class='ocrx_word' id='word_1_62' title='bbox 924 1326 1087 1421; x_wconf 83' lang='lat' dir='ltr'><strong>limenque</strong></span> <span class='ocrx_word' id='word_1_63' title='bbox 1117 1331 1323 1400; x_wconf 88' lang='lat' dir='ltr'><strong>convertisse.</strong></span> 
     </span>
     <span class='ocr_line' id='line_1_10' title="bbox 298 1445 1324 1542; baseline 0.003 -25"><span class='ocrx_word' id='word_1_64' title='bbox 298 1448 487 1542; x_wconf 88' lang='lat' dir='ltr'><strong>Eodemque</strong></span> <span class='ocrx_word' id='word_1_65' title='bbox 507 1448 560 1516; x_wconf 92' lang='lat' dir='ltr'><strong>die</strong></span> <span class='ocrx_word' id='word_1_66' title='bbox 581 1447 763 1518; x_wconf 81' lang='lat' dir='ltr'><strong>Antiochiae</strong></span> <span class='ocrx_word' id='word_1_67' title='bbox 784 1448 819 1514; x_wconf 93' lang='lat' dir='ltr'><strong>in</strong></span> <span class='ocrx_word' id='word_1_68' title='bbox 842 1449 935 1540; x_wconf 84' lang='lat' dir='ltr'><strong>Syria</strong></span> <span class='ocrx_word' id='word_1_69' title='bbox 949 1445 1006 1532; x_wconf 90' lang='lat' dir='ltr'><strong>bis</strong></span> <span class='ocrx_word' id='word_1_70' title='bbox 1033 1460 1142 1516; x_wconf 86' lang='lat' dir='ltr'><strong>tantus</strong></span> <span class='ocrx_word' id='word_1_71' title='bbox 1165 1451 1324 1522; x_wconf 68' lang='lat' dir='ltr'><strong>exercitus</strong></span> 
     </span>
     <span class='ocr_line' id='line_1_11' title="bbox 298 1566 1324 1661; baseline 0.001 -23"><span class='ocrx_word' id='word_1_72' title='bbox 298 1567 434 1653; x_wconf 75' lang='lat' dir='ltr'><strong>elamor,</strong></span> <span class='ocrx_word' id='word_1_73' title='bbox 452 1584 484 1636; x_wconf 87' lang='lat' dir='ltr'><strong>et</strong></span> <span class='ocrx_word' id='word_1_74' title='bbox 509 1571 678 1661; x_wconf 84' lang='lat' dir='ltr'><strong>signorum</strong></span> <span class='ocrx_word' id='word_1_75' title='bbox 701 1591 799 1637; x_wconf 77' lang='lat' dir='ltr'><strong>sonim</strong></span> <span class='ocrx_word' id='word_1_76' title='bbox 819 1566 991 1636; x_wconf 82' lang='lat' dir='ltr'><strong>exauditus</strong></span> <span class='ocrx_word' id='word_1_77' title='bbox 1013 1581 1080 1651; x_wconf 88' lang='lat' dir='ltr'><strong>est,</strong></span> <span class='ocrx_word' id='word_1_78' title='bbox 1103 1581 1140 1636; x_wconf 89' lang='lat' dir='ltr'><strong>ut</strong></span> <span class='ocrx_word' id='word_1_79' title='bbox 1163 1571 1197 1638; x_wconf 91' lang='lat' dir='ltr'><strong>in</strong></span> <span class='ocrx_word' id='word_1_80' title='bbox 1222 1571 1324 1640; x_wconf 88' lang='lat' dir='ltr'><strong>muris</strong></span> 
     </span>
     <span class='ocr_line' id='line_1_12' title="bbox 298 1684 1323 1758; baseline 0 -2"><span class='ocrx_word' id='word_1_81' title='bbox 298 1703 421 1756; x_wconf 87' lang='lat' dir='ltr'><strong>armata</strong></span> <span class='ocrx_word' id='word_1_82' title='bbox 439 1689 551 1758; x_wconf 85' lang='lat' dir='ltr'><strong>civitas</strong></span> <span class='ocrx_word' id='word_1_83' title='bbox 564 1688 771 1756; x_wconf 79' lang='lat' dir='ltr'><strong>discurreret.</strong></span> <span class='ocrx_word' id='word_1_84' title='bbox 785 1689 857 1756; x_wconf 90' lang='lat' dir='ltr'><strong>Hoc</strong></span> <span class='ocrx_word' id='word_1_85' title='bbox 872 1685 959 1755; x_wconf 89' lang='lat' dir='ltr'><strong>idem</strong></span> <span class='ocrx_word' id='word_1_86' title='bbox 978 1684 1180 1758; x_wconf 85' lang='lat' dir='ltr'><strong>Ptolemaide</strong></span> <span class='ocrx_word' id='word_1_87' title='bbox 1195 1689 1323 1758; x_wconf 89' lang='lat' dir='ltr'><strong>accidit.</strong></span> 
     </span>
     <span class='ocr_line' id='line_1_13' title="bbox 297 1805 1324 1900; baseline 0.001 -25"><span class='ocrx_word' id='word_1_88' title='bbox 297 1810 447 1900; x_wconf 81' lang='lat' dir='ltr'><strong>Pergami</strong></span> <span class='ocrx_word' id='word_1_89' title='bbox 468 1811 502 1875; x_wconf 93' lang='lat' dir='ltr'><strong>in</strong></span> <span class='ocrx_word' id='word_1_90' title='bbox 522 1805 660 1876; x_wconf 88' lang='lat' dir='ltr'><strong>occultis</strong></span> <span class='ocrx_word' id='word_1_91' title='bbox 677 1832 716 1874; x_wconf 89' lang='lat' dir='ltr'><strong>ac</strong></span> <span class='ocrx_word' id='word_1_92' title='bbox 736 1807 870 1876; x_wconf 88' lang='lat' dir='ltr'><strong>remotis</strong></span> <span class='ocrx_word' id='word_1_93' title='bbox 889 1805 1025 1899; x_wconf 90' lang='lat' dir='ltr'><strong>templi,</strong></span> <span class='ocrx_word' id='word_1_94' title='bbox 1044 1831 1110 1898; x_wconf 90' lang='lat' dir='ltr'><strong>quo</strong></span> <span class='ocrx_word' id='word_1_95' title='bbox 1132 1821 1248 1900; x_wconf 70' lang='lat' dir='ltr'><strong>prater</strong></span> <span class='ocrx_word' id='word_1_96' title='bbox 1271 1834 1324 1876; x_wconf 87' lang='lat' dir='ltr'><strong>sa·</strong></span> 
     </span>
     <span class='ocr_line' id='line_1_14' title="bbox 297 1918 1324 2020; baseline 0.005 -28"><span class='ocrx_word' id='word_1_97' title='bbox 297 1926 446 1994; x_wconf 85' lang='lat' dir='ltr'><strong>cardotes</strong></span> <span class='ocrx_word' id='word_1_98' title='bbox 465 1925 556 1994; x_wconf 86' lang='lat' dir='ltr'><strong>adire</strong></span> <span class='ocrx_word' id='word_1_99' title='bbox 575 1925 623 1994; x_wconf 81' lang='lat' dir='ltr'><strong>las</strong></span> <span class='ocrx_word' id='word_1_100' title='bbox 641 1949 707 1994; x_wconf 91' lang='lat' dir='ltr'><strong>nou</strong></span> <span class='ocrx_word' id='word_1_101' title='bbox 724 1940 792 2013; x_wconf 88' lang='lat' dir='ltr'><strong>est,</strong></span> <span class='ocrx_word' id='word_1_102' title='bbox 807 1949 880 2019; x_wconf 79' lang='lat' dir='ltr'><strong>quae</strong></span> <span class='ocrx_word' id='word_1_103' title='bbox 895 1929 1003 1995; x_wconf 75' lang='lat' dir='ltr'><strong>Greci</strong></span> <span class='ocrx_word' id='word_1_104' title='bbox 1018 1918 1125 1996; x_wconf 63' lang='lat' dir='ltr'><strong>diora</strong></span> <span class='ocrx_word' id='word_1_105' title='bbox 1141 1925 1324 2020; x_wconf 88' lang='lat' dir='ltr'><strong>appellant,</strong></span> 
     </span>
     <span class='ocr_line' id='line_1_15' title="bbox 298 2021 1324 2138; baseline 0.004 -28"><span class='ocrx_word' id='word_1_106' title='bbox 298 2061 452 2136; x_wconf 77' lang='lat' dir='ltr'><strong>tympana</strong></span> <span class='ocrx_word' id='word_1_107' title='bbox 469 2021 667 2112; x_wconf 76' lang='lat' dir='ltr'><strong>sonuerunt.¹</strong></span> <span class='ocrx_word' id='word_1_108' title='bbox 678 2047 761 2113; x_wconf 84' lang='lat' dir='ltr'><strong>Item</strong></span> <span class='ocrx_word' id='word_1_109' title='bbox 776 2043 940 2112; x_wconf 83' lang='lat' dir='ltr'><strong>Trallibus</strong></span> <span class='ocrx_word' id='word_1_110' title='bbox 957 2046 992 2112; x_wconf 90' lang='lat' dir='ltr'><strong>in</strong></span> <span class='ocrx_word' id='word_1_111' title='bbox 1014 2043 1136 2138; x_wconf 84' lang='lat' dir='ltr'><strong>templo</strong></span> <span class='ocrx_word' id='word_1_112' title='bbox 1156 2046 1324 2134; x_wconf 77' lang='lat' dir='ltr'><strong>Victoriae,</strong></span> 
     </span>
     <span class='ocr_line' id='line_1_16' title="bbox 298 2161 1323 2257; baseline 0.007 -29"><span class='ocrx_word' id='word_1_113' title='bbox 298 2162 352 2229; x_wconf 88' lang='lat' dir='ltr'><strong>ubi</strong></span> <span class='ocrx_word' id='word_1_114' title='bbox 370 2163 508 2230; x_wconf 79' lang='lat' dir='ltr'><strong>Cesaris</strong></span> <span class='ocrx_word' id='word_1_115' title='bbox 524 2175 664 2230; x_wconf 88' lang='lat' dir='ltr'><strong>statuam</strong></span> <span class='ocrx_word' id='word_1_116' title='bbox 682 2177 972 2248; x_wconf 87' lang='lat' dir='ltr'><strong>consecraverant,</strong></span> <span class='ocrx_word' id='word_1_117' title='bbox 988 2161 1096 2256; x_wconf 90' lang='lat' dir='ltr'><strong>palma</strong></span> <span class='ocrx_word' id='word_1_118' title='bbox 1111 2187 1171 2257; x_wconf 88' lang='lat' dir='ltr'><strong>per</strong></span> <span class='ocrx_word' id='word_1_119' title='bbox 1187 2183 1242 2234; x_wconf 88' lang='lat' dir='ltr'><strong>eos</strong></span> <span class='ocrx_word' id='word_1_120' title='bbox 1255 2165 1323 2235; x_wconf 88' lang='lat' dir='ltr'><strong>dies</strong></span> 
     </span>
     <span class='ocr_line' id='line_1_17' title="bbox 298 2279 1324 2374; baseline 0.008 -28"><span class='ocrx_word' id='word_1_121' title='bbox 298 2282 330 2346; x_wconf 90' lang='lat' dir='ltr'><strong>in</strong></span> <span class='ocrx_word' id='word_1_122' title='bbox 346 2295 431 2349; x_wconf 89' lang='lat' dir='ltr'><strong>tecto</strong></span> <span class='ocrx_word' id='word_1_123' title='bbox 445 2284 530 2350; x_wconf 89' lang='lat' dir='ltr'><strong>inter</strong></span> <span class='ocrx_word' id='word_1_124' title='bbox 541 2295 736 2374; x_wconf 83' lang='lat' dir='ltr'><strong>coagmenta</strong></span> <span class='ocrx_word' id='word_1_125' title='bbox 752 2279 897 2374; x_wconf 89' lang='lat' dir='ltr'><strong>lapidum</strong></span> <span class='ocrx_word' id='word_1_126' title='bbox 913 2283 948 2348; x_wconf 95' lang='lat' dir='ltr'><strong>in</strong></span> <span class='ocrx_word' id='word_1_127' title='bbox 961 2283 1149 2374; x_wconf 90' lang='lat' dir='ltr'><strong>pavimento</strong></span> <span class='ocrx_word' id='word_1_128' title='bbox 1167 2284 1324 2354; x_wconf 75' lang='lat' dir='ltr'><strong>exstitisse</strong></span> 
     </span>
     <span class='ocr_line' id='line_1_18' title="bbox 232 2398 591 2468; baseline 0.006 -2"><span class='ocrx_word' id='word_1_129' title='bbox 232 2405 234 2408; x_wconf 81' lang='grc'><strong>’</strong></span> <span class='ocrx_word' id='word_1_130' title='bbox 296 2398 539 2468; x_wconf 88' lang='lat' dir='ltr'><strong>ostendebatur.</strong></span> <span class='ocrx_word' id='word_1_131' title='bbox 589 2455 591 2458; x_wconf 88' lang='lat'>.</span> 
     </span>
    </p>

    <p class='ocr_par' dir='ltr' id='par_1_3' title="bbox 277 2518 1371 4045">
     <span class='ocr_line' id='line_1_19' title="bbox 344 2518 1322 2618; baseline 0.002 -28"><span class='ocrx_word' id='word_1_132' title='bbox 344 2523 430 2590; x_wconf 89' lang='lat' dir='ltr'>CVI.</span> <span class='ocrx_word' id='word_1_133' title='bbox 452 2522 570 2606; x_wconf 79' lang='lat' dir='ltr'><strong>Cesar,</strong></span> <span class='ocrx_word' id='word_1_134' title='bbox 589 2541 710 2613; x_wconf 87' lang='lat' dir='ltr'><strong>paucos</strong></span> <span class='ocrx_word' id='word_1_135' title='bbox 726 2518 795 2586; x_wconf 91' lang='lat' dir='ltr'><strong>dies</strong></span> <span class='ocrx_word' id='word_1_136' title='bbox 811 2521 845 2586; x_wconf 90' lang='lat' dir='ltr'><strong>in</strong></span> <span class='ocrx_word' id='word_1_137' title='bbox 864 2522 939 2589; x_wconf 83' lang='lat' dir='ltr'><strong>Asia</strong></span> <span class='ocrx_word' id='word_1_138' title='bbox 960 2535 1122 2609; x_wconf 87' lang='lat' dir='ltr'><strong>moratus,</strong></span> <span class='ocrx_word' id='word_1_139' title='bbox 1141 2547 1244 2618; x_wconf 89' lang='lat' dir='ltr'><strong>quum</strong></span> <span class='ocrx_word' id='word_1_140' title='bbox 1264 2547 1322 2592; x_wconf 89' lang='lat' dir='ltr'><strong>au-</strong></span> 
     </span>
     <span class='ocr_line' id='line_1_20' title="bbox 296 2639 1322 2732; baseline 0.003 -25"><span class='ocrx_word' id='word_1_141' title='bbox 296 2641 396 2708; x_wconf 83' lang='lat' dir='ltr'><strong>disset</strong></span> <span class='ocrx_word' id='word_1_142' title='bbox 426 2641 618 2732; x_wconf 90' lang='lat' dir='ltr'><strong>Pompeium</strong></span> <span class='ocrx_word' id='word_1_143' title='bbox 647 2639 747 2731; x_wconf 82' lang='lat' dir='ltr'><strong>Cypri</strong></span> <span class='ocrx_word' id='word_1_144' title='bbox 782 2639 908 2725; x_wconf 91' lang='lat' dir='ltr'><strong>visum,</strong></span> <span class='ocrx_word' id='word_1_145' title='bbox 941 2641 1148 2732; x_wconf 87' lang='lat' dir='ltr'><strong>conjectans,</strong></span> <span class='ocrx_word' id='word_1_146' title='bbox 1181 2665 1256 2710; x_wconf 91' lang='lat' dir='ltr'><strong>eum</strong></span> <span class='ocrx_word' id='word_1_147' title='bbox 1288 2645 1322 2710; x_wconf 91' lang='lat' dir='ltr'><strong>in</strong></span> 
     </span>
     <span class='ocr_line' id='line_1_21' title="bbox 296 2757 1323 2855; baseline 0.001 -27"><span class='ocrx_word' id='word_1_148' title='bbox 296 2761 471 2854; x_wconf 75' lang='lat' dir='ltr'><strong>AEgyptum</strong></span> <span class='ocrx_word' id='word_1_149' title='bbox 491 2761 555 2828; x_wconf 90' lang='lat' dir='ltr'><strong>iter</strong></span> <span class='ocrx_word' id='word_1_150' title='bbox 573 2757 714 2844; x_wconf 86' lang='lat' dir='ltr'><strong>habere,</strong></span> <span class='ocrx_word' id='word_1_151' title='bbox 735 2773 871 2851; x_wconf 87' lang='lat' dir='ltr'><strong>propter</strong></span> <span class='ocrx_word' id='word_1_152' title='bbox 890 2757 1144 2829; x_wconf 81' lang='lat' dir='ltr'><strong>necessitudines</strong></span> <span class='ocrx_word' id='word_1_153' title='bbox 1162 2764 1254 2855; x_wconf 77' lang='lat' dir='ltr'><strong>regni</strong></span> <span class='ocrx_word' id='word_1_154' title='bbox 1272 2787 1323 2830; x_wconf 57' lang='lat' dir='ltr'><strong>res</strong></span> 
     </span>
     <span class='ocr_line' id='line_1_22' title="bbox 295 2875 1322 2972; baseline 0.005 -27"><span class='ocrx_word' id='word_1_155' title='bbox 295 2878 466 2972; x_wconf 89' lang='lat' dir='ltr'><strong>liquasque</strong></span> <span class='ocrx_word' id='word_1_156' title='bbox 480 2879 551 2971; x_wconf 87' lang='lat' dir='ltr'><strong>ejus</strong></span> <span class='ocrx_word' id='word_1_157' title='bbox 563 2875 626 2944; x_wconf 91' lang='lat' dir='ltr'><strong>loci</strong></span> <span class='ocrx_word' id='word_1_158' title='bbox 639 2879 924 2970; x_wconf 85' lang='lat' dir='ltr'><strong>opportunitates,</strong></span> <span class='ocrx_word' id='word_1_159' title='bbox 938 2901 1013 2946; x_wconf 87' lang='lat' dir='ltr'><strong>cum</strong></span> <span class='ocrx_word' id='word_1_160' title='bbox 1027 2877 1226 2972; x_wconf 80' lang='lat' dir='ltr'><strong>legionibus,</strong></span> <span class='ocrx_word' id='word_1_161' title='bbox 1241 2903 1322 2965; x_wconf 91' lang='lat' dir='ltr'><strong>una,</strong></span> 
     </span>
     <span class='ocr_line' id='line_1_23' title="bbox 294 2995 1322 3092; baseline 0.002 -26"><span class='ocrx_word' id='word_1_162' title='bbox 294 3021 393 3091; x_wconf 89' lang='lat' dir='ltr'><strong>quam</strong></span> <span class='ocrx_word' id='word_1_163' title='bbox 413 3023 452 3068; x_wconf 82' lang='lat' dir='ltr'><strong>ex</strong></span> <span class='ocrx_word' id='word_1_164' title='bbox 466 2995 632 3065; x_wconf 86' lang='lat' dir='ltr'><strong>Thessalia</strong></span> <span class='ocrx_word' id='word_1_165' title='bbox 648 3019 683 3064; x_wconf 91' lang='lat' dir='ltr'><strong>se</strong></span> <span class='ocrx_word' id='word_1_166' title='bbox 698 2996 789 3088; x_wconf 88' lang='lat' dir='ltr'><strong>sequi</strong></span> <span class='ocrx_word' id='word_1_167' title='bbox 799 2998 959 3090; x_wconf 87' lang='lat' dir='ltr'><strong>jusserat,</strong></span> <span class='ocrx_word' id='word_1_168' title='bbox 978 3013 1011 3064; x_wconf 92' lang='lat' dir='ltr'><strong>et</strong></span> <span class='ocrx_word' id='word_1_169' title='bbox 1029 2995 1150 3083; x_wconf 88' lang='lat' dir='ltr'><strong>altera,</strong></span> <span class='ocrx_word' id='word_1_170' title='bbox 1168 3022 1265 3092; x_wconf 87' lang='lat' dir='ltr'><strong>quam</strong></span> <span class='ocrx_word' id='word_1_171' title='bbox 1281 3024 1322 3068; x_wconf 83' lang='lat' dir='ltr'><strong>ex</strong></span> 
     </span>
     <span class='ocr_line' id='line_1_24' title="bbox 293 3114 1321 3211; baseline 0.004 -27"><span class='ocrx_word' id='word_1_172' title='bbox 293 3116 416 3185; x_wconf 84' lang='lat' dir='ltr'><strong>Achaia</strong></span> <span class='ocrx_word' id='word_1_173' title='bbox 431 3140 449 3183; x_wconf 91' lang='lat' dir='ltr'><strong>a</strong></span> <span class='ocrx_word' id='word_1_174' title='bbox 467 3115 511 3203; x_wconf 88' lang='lat' dir='ltr'><strong>Q.</strong></span> <span class='ocrx_word' id='word_1_175' title='bbox 522 3114 617 3183; x_wconf 87' lang='lat' dir='ltr'><strong>Fufio</strong></span> <span class='ocrx_word' id='word_1_176' title='bbox 633 3114 744 3210; x_wconf 80' lang='lat' dir='ltr'><strong>legato</strong></span> <span class='ocrx_word' id='word_1_177' title='bbox 754 3129 966 3202; x_wconf 82' lang='lat' dir='ltr'><strong>evocaverat,</strong></span> <span class='ocrx_word' id='word_1_178' title='bbox 979 3117 1211 3211; x_wconf 85' lang='lat' dir='ltr'><strong>equitibusque</strong></span> <span class='ocrx_word' id='word_1_179' title='bbox 1223 3141 1321 3204; x_wconf 86' lang='lat' dir='ltr'><strong>neoc,</strong></span> 
     </span>
     <span class='ocr_line' id='line_1_25' title="bbox 293 3233 1371 3328; baseline 0.005 -26"><span class='ocrx_word' id='word_1_180' title='bbox 293 3251 326 3303; x_wconf 89' lang='lat' dir='ltr'><strong>et</strong></span> <span class='ocrx_word' id='word_1_181' title='bbox 343 3233 481 3303; x_wconf 90' lang='lat' dir='ltr'><strong>navibus</strong></span> <span class='ocrx_word' id='word_1_182' title='bbox 497 3233 604 3328; x_wconf 81' lang='lat' dir='ltr'><strong>longis</strong></span> <span class='ocrx_word' id='word_1_183' title='bbox 623 3234 748 3304; x_wconf 91' lang='lat' dir='ltr'><strong>rhodiis</strong></span> <span class='ocrx_word' id='word_1_184' title='bbox 765 3261 803 3322; x_wconf 85' lang='lat' dir='ltr'><strong>x,</strong></span> <span class='ocrx_word' id='word_1_185' title='bbox 826 3250 859 3304; x_wconf 88' lang='lat' dir='ltr'><strong>et</strong></span> <span class='ocrx_word' id='word_1_186' title='bbox 879 3236 1018 3306; x_wconf 88' lang='lat' dir='ltr'><strong>asiaticis</strong></span> <span class='ocrx_word' id='word_1_187' title='bbox 1036 3237 1164 3328; x_wconf 79' lang='lat' dir='ltr'><strong>paucis,</strong></span> <span class='ocrx_word' id='word_1_188' title='bbox 1182 3236 1323 3306; x_wconf 73' lang='lat' dir='ltr'><strong>Alexan·</strong></span> <span class='ocrx_word' id='word_1_189' title='bbox 1369 3235 1371 3240; x_wconf 72' lang='grc'><strong>’</strong></span> 
     </span>
     <span class='ocr_line' id='line_1_26' title="bbox 294 3355 1322 3454; baseline 0.001 -32"><span class='ocrx_word' id='word_1_190' title='bbox 294 3355 399 3423; x_wconf 91' lang='lat' dir='ltr'><strong>driam</strong></span> <span class='ocrx_word' id='word_1_191' title='bbox 423 3356 581 3448; x_wconf 85' lang='lat' dir='ltr'><strong>pervenit.</strong></span> <span class='ocrx_word' id='word_1_192' title='bbox 606 3356 644 3423; x_wconf 93' lang='lat' dir='ltr'><strong>ln</strong></span> <span class='ocrx_word' id='word_1_193' title='bbox 664 3355 716 3424; x_wconf 89' lang='lat' dir='ltr'><strong>his</strong></span> <span class='ocrx_word' id='word_1_194' title='bbox 740 3370 834 3424; x_wconf 90' lang='lat' dir='ltr'><strong>erant</strong></span> <span class='ocrx_word' id='word_1_195' title='bbox 857 3355 1039 3454; x_wconf 82' lang='lat' dir='ltr'><strong>legionibus</strong></span> <span class='ocrx_word' id='word_1_196' title='bbox 1064 3355 1234 3423; x_wconf 88' lang='lat' dir='ltr'><strong>hominum</strong></span> <span class='ocrx_word' id='word_1_197' title='bbox 1259 3358 1322 3424; x_wconf 88' lang='lat' dir='ltr'><strong>tria</strong></span> 
     </span>
     <span class='ocr_line' id='line_1_27' title="bbox 292 3470 1322 3567; baseline 0.001 -26"><span class='ocrx_word' id='word_1_198' title='bbox 292 3472 394 3544; x_wconf 91' lang='lat' dir='ltr'><strong>millia</strong></span> <span class='ocrx_word' id='word_1_199' title='bbox 417 3497 458 3545; x_wconf 87' lang='lat' dir='ltr'><strong>cc</strong></span> <span class='ocrx_word' id='word_1_200' title='bbox 475 3499 483 3542; x_wconf 75' lang='grc' dir='ltr'><em>τ</em></span> <span class='ocrx_word' id='word_1_201' title='bbox 502 3473 640 3567; x_wconf 90' lang='lat' dir='ltr'><strong>reliqui,</strong></span> <span class='ocrx_word' id='word_1_202' title='bbox 662 3473 855 3544; x_wconf 90' lang='lat' dir='ltr'><strong>vulneribus</strong></span> <span class='ocrx_word' id='word_1_203' title='bbox 873 3497 912 3542; x_wconf 85' lang='lat' dir='ltr'><strong>ex</strong></span> <span class='ocrx_word' id='word_1_204' title='bbox 937 3471 1079 3565; x_wconf 88' lang='lat' dir='ltr'><strong>proeliis,</strong></span> <span class='ocrx_word' id='word_1_205' title='bbox 1100 3486 1132 3540; x_wconf 87' lang='lat' dir='ltr'><strong>et</strong></span> <span class='ocrx_word' id='word_1_206' title='bbox 1150 3470 1260 3540; x_wconf 89' lang='lat' dir='ltr'><strong>labore</strong></span> <span class='ocrx_word' id='word_1_207' title='bbox 1282 3495 1322 3542; x_wconf 88' lang='lat' dir='ltr'><strong>ac</strong></span> 
     </span>
     <span class='ocr_line' id='line_1_28' title="bbox 277 3583 1319 3687; baseline -0.004 -23"><span class='ocrx_word' id='word_1_208' title='bbox 277 3593 520 3687; x_wconf 82' lang='lat' dir='ltr'><strong>&#39;magnitudine</strong></span> <span class='ocrx_word' id='word_1_209' title='bbox 544 3594 669 3662; x_wconf 88' lang='lat' dir='ltr'><strong>itineris</strong></span> <span class='ocrx_word' id='word_1_210' title='bbox 692 3593 849 3677; x_wconf 87' lang='lat' dir='ltr'><strong>conlecti,</strong></span> <span class='ocrx_word' id='word_1_211' title='bbox 869 3591 1025 3683; x_wconf 87' lang='lat' dir='ltr'><strong>consequi</strong></span> <span class='ocrx_word' id='word_1_212' title='bbox 1044 3614 1111 3659; x_wconf 89' lang='lat' dir='ltr'><strong>non</strong></span> <span class='ocrx_word' id='word_1_213' title='bbox 1134 3583 1319 3684; x_wconf 78' lang='lat' dir='ltr'><strong>potuerant.</strong></span> 
     </span>
     <span class='ocr_line' id='line_1_29' title="bbox 292 3708 1344 3803; baseline -0.005 -19"><span class='ocrx_word' id='word_1_214' title='bbox 292 3713 356 3784; x_wconf 86' lang='lat' dir='ltr'><strong>Sed</strong></span> <span class='ocrx_word' id='word_1_215' title='bbox 376 3717 496 3802; x_wconf 77' lang='lat' dir='ltr'><strong>Caesar,</strong></span> <span class='ocrx_word' id='word_1_216' title='bbox 510 3711 651 3783; x_wconf 88' lang='lat' dir='ltr'><strong>conlisus</strong></span> <span class='ocrx_word' id='word_1_217' title='bbox 664 3712 867 3782; x_wconf 84' lang='lat' dir='ltr'><strong>famarerum</strong></span> <span class='ocrx_word' id='word_1_218' title='bbox 883 3723 1068 3803; x_wconf 81' lang='lat' dir='ltr'><strong>gestarum,</strong></span> <span class='ocrx_word' id='word_1_219' title='bbox 1080 3708 1216 3779; x_wconf 76' lang='lat' dir='ltr'><strong>infirmis</strong></span> <span class='ocrx_word' id='word_1_220' title='bbox 1231 3713 1322 3779; x_wconf 85' lang='lat' dir='ltr'><strong>auxi·</strong></span> <span class='ocrx_word' id='word_1_221' title='bbox 1340 3747 1344 3761; x_wconf 45' lang='grc' dir='ltr'><em>ι</em></span> 
     </span>
     <span class='ocr_line' id='line_1_30' title="bbox 292 3826 1320 3927; baseline -0.001 -26"><span class='ocrx_word' id='word_1_222' title='bbox 292 3833 344 3901; x_wconf 92' lang='lat' dir='ltr'><strong>liis</strong></span> <span class='ocrx_word' id='word_1_223' title='bbox 363 3833 527 3927; x_wconf 87' lang='lat' dir='ltr'><strong>proficisci</strong></span> <span class='ocrx_word' id='word_1_224' title='bbox 544 3857 611 3902; x_wconf 93' lang='lat' dir='ltr'><strong>non</strong></span> <span class='ocrx_word' id='word_1_225' title='bbox 628 3830 852 3913; x_wconf 88' lang='lat' dir='ltr'><strong>dubitaverat,</strong></span> <span class='ocrx_word' id='word_1_226' title='bbox 869 3841 967 3922; x_wconf 89' lang='lat' dir='ltr'><strong>atque</strong></span> <span class='ocrx_word' id='word_1_227' title='bbox 981 3851 1113 3898; x_wconf 88' lang='lat' dir='ltr'><strong>omnem</strong></span> <span class='ocrx_word' id='word_1_228' title='bbox 1132 3829 1192 3898; x_wconf 92' lang='lat' dir='ltr'><strong>sibi</strong></span> <span class='ocrx_word' id='word_1_229' title='bbox 1212 3826 1320 3900; x_wconf 80' lang='lat' dir='ltr'><strong>locuni</strong></span> 
     </span>
     <span class='ocr_line' id='line_1_31' title="bbox 292 3948 1321 4045; baseline -0.005 -24"><span class='ocrx_word' id='word_1_230' title='bbox 292 3967 401 4022; x_wconf 90' lang='lat' dir='ltr'><strong>tutum</strong></span> <span class='ocrx_word' id='word_1_231' title='bbox 424 3951 494 4022; x_wconf 81' lang='lat' dir='ltr'><strong>sore</strong></span> <span class='ocrx_word' id='word_1_232' title='bbox 516 3952 730 4021; x_wconf 82' lang='lat' dir='ltr'><strong>existimabat.</strong></span> <span class='ocrx_word' id='word_1_233' title='bbox 753 3948 957 4021; x_wconf 78' lang='lat' dir='ltr'><strong>Alexandria</strong></span> <span class='ocrx_word' id='word_1_234' title='bbox 982 3949 1022 4020; x_wconf 90' lang='lat' dir='ltr'><strong>dc</strong></span> <span class='ocrx_word' id='word_1_235' title='bbox 1047 3952 1193 4045; x_wconf 86' lang='lat' dir='ltr'><strong>Pompeii</strong></span> <span class='ocrx_word' id='word_1_236' title='bbox 1218 3963 1321 4018; x_wconf 89' lang='lat' dir='ltr'><strong>morte</strong></span> 
     </span>
    </p>
   </div>
   <div class='ocr_carea' id='block_1_3' title="bbox 0 0 1538 4772">
    <p class='ocr_par' dir='ltr' id='par_1_4' title="bbox 0 0 1538 4772">
     <span class='ocr_line' id='line_1_32' title="bbox 0 0 1538 4772; baseline 0 2"><span class='ocrx_word' id='word_1_237' title='bbox 0 0 1538 4772; x_wconf 95' lang='lat' dir='ltr'><strong> </strong></span> 
     </span>
    </p>
   </div>
  </div>
 </body>
</html>
