3048 4770
480 411 532 466 DE
545 410 667 466 nmo
686 405 850 463 GALLICO
871 406 940 462 un.
956 407 980 461 1.
1206 423 1239 461 21

216 527 435 600 nobilissimos
455 534 613 616 civitatis,
633 547 668 600 et
681 529 900 626 jurejurando
916 530 1084 598 civitatem
1104 521 1250 606 obstrin-

212 671 308 742 gere,
326 673 397 718 sese
413 673 519 742 neque
538 651 666 720 obsides
686 651 899 744 repetituros,
919 667 1029 738 neque
1046 641 1206 728 auxilium
1229 667 1248 712 a

215 766 342 858 populo
365 792 504 837 romano
531 769 778 863 imploraturos,
803 791 910 860 neque
934 780 1163 848 recusaturos,
1184 787 1251 855 quo

216 885 326 956 minus
339 902 500 981 perpetuo
512 889 572 957 sub
588 887 719 959 illorum
735 877 861 956 ditione
874 899 973 978 atque
985 883 1124 977 imperio
1132 895 1250 950 essent.

217 1006 329 1073 Unum
350 1029 468 1076 seesse
491 1031 531 1075 ex
556 1010 648 1076 omni
674 1008 806 1076 civitate
828 1003 1027 1088 AEduorum,
1050 1002 1108 1095 qui
1133 999 1252 1069 adduci

221 1144 285 1189 non
305 1125 473 1216 potuerit,
492 1142 531 1195 ut
546 1127 675 1220 juraret
689 1141 746 1195 aut
763 1149 839 1194 suos
859 1124 980 1196 liberos
999 1121 1129 1194 obsides
1148 1120 1251 1190 daret.
1361 1207 1365 1212 ¹

217 1239 270 1307 Ob
287 1265 360 1309 eam
375 1267 445 1312 rem
463 1269 497 1312 se
517 1269 556 1313 ex
573 1247 707 1314 civitate
723 1244 924 1339 profugisse,
941 1257 974 1312 et
991 1244 1133 1312 Romam
1147 1241 1190 1310 ad
1203 1265 1254 1310 se-

218 1371 330 1427 natum
358 1361 497 1450 venisse,
517 1363 675 1433 auxilium
699 1363 916 1458 postulatum,
934 1359 1024 1456 quod
1042 1358 1130 1430 solus
1146 1385 1254 1454 neque

214 1477 445 1571 jurejurando,
471 1506 577 1576 neque
600 1484 770 1552 obsidibus
789 1494 967 1551 teneretur.
990 1479 1055 1549 Sed
1075 1481 1168 1573 pejus
1189 1482 1254 1549 vic-

218 1599 344 1667 toribus
364 1603 543 1694 Sequanis,
558 1628 658 1696 quam
676 1602 791 1672 AEduis
809 1602 923 1687 victis,
937 1600 1108 1687 accidisse;
1120 1615 1255 1693 propte·

218 1742 273 1786 rea
292 1718 382 1812 quod
407 1722 605 1808 Ariovistus,
629 1748 687 1790 rex
705 1724 970 1810 Germanorum,
991 1719 1025 1786 in
1045 1742 1160 1787 eorum
1182 1717 1255 1786 fini-

218 1837 279 1905 bus
306 1837 525 1926 consedisset,
551 1840 745 1934 tertiamquc
764 1853 893 1932 partem
914 1839 985 1932 agri
1006 1839 1171 1930 Sequani,
1197 1839 1254 1930 qui

218 1969 302 2025 esset
327 1958 474 2050 optimus
499 1960 600 2027 totius
621 1959 758 2045 Galliae,
783 1958 1023 2051 occupavisset,
1051 1970 1084 2024 et
1105 1979 1195 2024 nunc
1210 1957 1255 2026 'de

219 2073 321 2146 altera
335 2091 430 2169 parte
447 2077 543 2146 tertia
559 2079 728 2171 Sequanos
744 2075 901 2146 decedere
916 2075 1062 2168 juberet,
1082 2089 1255 2170 propterea

218 2192 308 2284 quod
331 2197 445 2288 paucis
469 2194 636 2263 mensibus
658 2209 736 2263 ante
756 2194 931 2264 Harudum
957 2192 1254 2264 millia'bominum

219 2333 299 2378 xxiv
317 2310 360 2379 ad
381 2335 456 2381 curn
479 2314 660 2402 venissent,
679 2314 799 2407 quibus
821 2312 913 2383 locus
940 2337 977 2381 ac
990 2312 1081 2382 sedes
1103 2337 1255 2406 pararen-

219 2442 283 2497 tur.
305 2433 468 2500 Futurum
490 2455 559 2502 esse
572 2435 685 2527 paucis
700 2435 811 2520 annis,
829 2435 878 2502 uti
900 2457 1015 2505 ornnes
1028 2457 1069 2502 ex
1084 2431 1202 2502 Gnlliae
1215 2434 1263 2502 fis

219 2547 314 2618 nibus
328 2547 553 2642 pellerentur,
567 2567 667 2645 atque
678 2575 794 2620 omnes
805 2553 965 2621 Germani
979 2553 1134 2622 Rhenum
1151 2566 1255 2619 trans·

218 2667 339 2736 irent:
367 2693 474 2761 neque
504 2671 592 2739 enim
620 2670 856 2740 conferendum
886 2695 956 2739 esse
984 2669 1151 2739 Gallicum
1178 2693 1254 2736 cum

217 2787 462 2854 Germanorum
487 2811 587 2880 agro,
613 2812 720 2882 neque
743 2789 829 2857 hanc
853 2788 1125 2858 consuetudinem
1148 2788 1255 2857 victus

218 2927 295 2973 cum
322 2902 378 2972 illa
406 2905 673 2998 comparandam.
697 2909 903 2982 Ariovistum
932 2922 1061 2993 autem,
1091 2921 1129 2975 ut
1153 2907 1253 2977 semel

217 3024 392 3093 Gallorum
415 3027 526 3119 copias
547 3025 663 3119 proelio
683 3027 818 3111 vicerit,
843 3025 933 3119 quod
957 3023 1109 3118 proelium
1130 3007 1253 3096 factum

219 3146 260 3211 sit
279 3145 322 3212 ad
333 3146 590 3238 Magetobriam,
601 3147 741 3240 superbe
757 3162 790 3216 et
803 3144 982 3215 crudeliter
996 3147 1178 3240 imperare,
1192 3146 1254 3216 ob·

218 3262 303 3332 sides
319 3263 514 3334 nobilissimi
535 3264 695 3359 cujusque
712 3265 831 3334 liberos
848 3289 1000 3359 poscere,
1019 3279 1054 3333 et
1068 3268 1172 3334 ineos
1186 3289 1254 3333 om·

218 3386 273 3452 nia
292 3383 441 3477 exempla
461 3385 693 3478 cruciatusque
713 3385 824 3472 edere,
842 3386 869 3454 si
891 3407 956 3479 qua
971 3407 1023 3452 res
1042 3409 1110 3452 non
1128 3384 1170 3452 ad
1191 3409 1253 3453 nu·

218 3517 305 3590 tum,
326 3517 384 3571 aut
407 3501 449 3570 ad
474 3500 680 3570 voluntatem
704 3503 774 3596 ejus
794 3503 882 3574 facta
904 3505 946 3572 sit
964 3502 1161 3578 :bominem
1184 3528 1253 3572 esse

217 3622 411 3708 barbarum,
441 3619 654 3708 iracundum,
686 3623 896 3690 temerarium
923 3646 932 3688 t
962 3646 1030 3691 non
1059 3645 1154 3714 posse
1182 3623 1253 3713 ejus
1336 3631 1338 3641 '

218 3741 356 3834 imperia
374 3741 498 3810 diutius
514 3743 668 3811 sustineri
686 3767 694 3808 :
711 3743 775 3812 nisi
796 3745 822 3810 si
842 3741 922 3834 quid
940 3742 974 3810 in
997 3743 1128 3810 Curare
1151 3765 1255 3835 popu·

219 3857 316 3952 loque
332 3883 470 3928 romano
494 3861 536 3928 sit
557 3859 686 3946 auxilii,
709 3860 864 3930 omnibus
886 3858 992 3929 Gallis
1010 3859 1097 3928 idem
1116 3883 1185 3928 esse
1204 3861 1252 3929 fa-

218 3977 386 4064 ciendum,
416 3978 506 4071 quod
536 3979 677 4049 Helvetii
703 3980 855 4067 fecerint,
883 3993 918 4046 ut
945 3977 1043 4048 domo
1071 3978 1252 4072 emigrent3
