3050 4772
298 311 328 367 c.
349 297 448 369 snm
468 313 635 372 crassius
657 311 778 374 court.
799 318 852 374 nn
873 319 994 376 annno
1013 319 1123 376 esna.
1175 269 1228 376 22⁸1

184 462 287 530 quum
313 435 399 506 latos
424 405 507 508 fines
531 455 566 508 et
589 440 763 535 complura
786 443 910 537 oppida
933 444 1109 530 haberent,
1132 447 1231 515 unius

184 553 323 652 legionis
343 558 492 627 hibernis
519 584 588 628 non
607 576 786 654 potuerant
812 565 977 632 contineri
1003 565 1086 658 quin
1107 563 1231 634 bellum

185 691 342 769 pararent
363 679 677 774 conjurationesque
697 681 854 751 facerent.

232 801 293 869 ΠΙ.
320 802 510 894 Repentino
528 801 674 871 aduentu
691 803 829 873 Caesaris
851 799 993 890 accidit,
1015 804 1106 897 quod
1126 805 1232 899 impa-

184 919 267 987 ratis
293 916 504 1013 disjectisque
531 921 681 992 accidere
705 922 767 992 fuit
788 947 939 1010 necesse,
960 937 999 992 ut
1021 925 1092 993 sine
1113 925 1232 994 timore

185 1038 256 1109 ullo
284 1063 363 1108 rura
396 1039 543 1110 colentes
573 1044 667 1136 prius
703 1043 745 1111 ab
778 1046 928 1137 equitatu
961 1045 1233 1137 opprimerentur

187 1184 287 1251 quam
304 1159 484 1255 confugere
501 1163 537 1230 in
554 1162 678 1257 oppida
698 1178 842 1257 possent.
859 1165 1014 1257 Namque
1031 1165 1131 1233 etiam
1149 1155 1259 1232 illud·

187 1278 325 1375 vulgare
342 1282 541 1351 incursionis
554 1283 686 1378 signum
700 1283 864 1369 hostium,
875 1284 964 1377 quod
978 1283 1143 1353 incendiis
1156 1283 1234 1354 aedi·

186 1399 340 1469 ficiorum
362 1400 505 1497 intelligi
529 1404 715 1490 consuevit,
736 1405 876 1473 casaris
899 1403 933 1471 id
957 1417 1029 1472 erat
1054 1403 1234 1474 interdicto

189 1519 372 1609 sublatum,
398 1546 441 1590 ne
459 1536 519 1590 aut
538 1523 634 1615 copia
653 1522 768 1616 pabuli
789 1523 1030 1618 frumentique,
1053 1525 1080 1592 si
1101 1521 1234 1618 longius

191 1640 346 1735 progredi
367 1639 488 1727 vellet,
510 1641 722 1730 deficeretur,
739 1656 797 1712 aut
817 1643 927 1712 hostes
948 1641 1110 1712 incendiis
1131 1657 1234 1711 terre-

190 1774 318 1828 rentur.
337 1759 454 1829 Multis
468 1761 646 1832 hominum
661 1760 809 1831 millibus
823 1763 944 1856 captis,
961 1761 1129 1856 perterriti
1142 1763 1235 1831 Bitu·

191 1879 295 1974 riges,
311 1881 368 1972 qui
388 1881 535 1974 primum
551 1879 731 1950 adventum
752 1880 898 1976 effugere
914 1895 1095 1974 potuerant
1109 1883 1235 1950 Roma-

191 2024 331 2084 norum,
348 2002 383 2068 in
401 2000 559 2069 finitimas
573 2001 742 2090 civitates,
759 2016 817 2070 aut
833 1996 970 2095 privatis
988 2001 1140 2096 hospitiis
1156 2026 1236 2070 con·

191 2119 244 2189 fisi
276 2136 334 2191 out
362 2123 518 2190 societate
546 2121 762 2192 consiliorum
772 2107 799 2208 ,⁶
819 2120 1048 2217 confugerant.
1078 2125 1237 2207 Frustra3

193 2249 272 2310 nam
298 2243 409 2311 Caesar
434 2243 562 2337 magnis
586 2242 759 2312 itineribus
782 2242 936 2310 omnibus
964 2239 1046 2311 loeis
1070 2243 1237 2328 occurrit,

194 2385 254 2430 nec
273 2360 331 2430 dat
352 2360 412 2430 ulli
436 2363 561 2431 civitati
581 2364 725 2457 spatium
748 2361 789 2430 de
813 2360 920 2431 aliena
942 2363 1054 2455 potius
1076 2360 1238 2455 quamde

193 2480 375 2551 domestica
393 2481 499 2552 salute
513 2482 683 2577 cogitandi
700 2507 708 2550 :
727 2506 792 2576 qua
809 2480 978 2550 celeritate
990 2495 1023 2550 et
1035 2480 1148 2550 fideles
1158 2481 1240 2548 arni·

194 2625 252 2672 eos
268 2603 444 2689 retinebat,
461 2616 495 2671 et
513 2602 701 2672 dubitantes
718 2616 844 2671 terrore
864 2600 906 2669 ad
923 2600 1131 2670 conditiones
1149 2601 1239 2694 pacis

196 2721 391 2790 adducebat.
412 2720 485 2789 Tali
505 2721 697 2791 conditione
717 2721 905 2816 proposita,
926 2721 1114 2814 Bituriges,
1134 2743 1240 2814 quum

196 2843 259 2911 sibi
280 2841 432 2910 viderent
452 2839 629 2909 clementia
649 2839 789 2912 Ceisaris
811 2840 955 2911 reditum
973 2855 1088 2935 patere
1113 2841 1147 2907 in
1169 2839 1240 2933 ejus

197 2955 396 3047 amicitiam,
412 2960 637 3054 finitimasque
654 2963 803 3031 civitates
820 2963 892 3030 sine
910 2959 977 3030 ulla
996 2983 1094 3055 poena
1111 2959 1240 3029 dedisse

197 3081 328 3151 obsides
344 3095 444 3174 atque
463 3083 496 3150 in
518 3080 618 3151 fidem
636 3095 784 3174 receptas
800 3107 885 3168 csse,
901 3081 990 3150 idem
1007 3080 1168 3153 fecerunt.

245 3205 304 3271 IV.
320 3204 430 3271 Caesar
444 3200 621 3288 militibus,
635 3226 698 3296 pro
712 3215 805 3270 tanto
819 3200 930 3272 labore
943 3226 981 3270 ac
992 3203 1170 3295 patientia,
1183 3203 1241 3295 qui

200 3321 408 3391 brumalibus
422 3322 553 3410 diebus,
570 3323 745 3390 itineribus
761 3320 983 3411 difficillimis,
998 3321 1178 3417 frigoribus
1195 3324 1244 3389 in·

201 3441 397 3531 tolerandis,
414 3442 653 3512 studiosissime
670 3456 919 3537 permanserant
936 3445 971 3510 in
991 3440 1122 3530 labore,
1144 3441 1244 3510 duce-

202 3588 263 3632 nos
276 3559 457 3648 sestertios,
471 3562 723 3631 centurionibus
744 3586 769 3631 ιι
789 3561 892 3631 millia
910 3558 1106 3648 nummum,
1127 3561 1245 3655 praedae

201 3685 352 3772 nomine,
363 3680 584 3752 condonanda
594 3679 786 3776 pollicetur;
799 3681 1049 3778 legionibusque
1060 3681 1094 3749 in
1105 3682 1244 3750 hiberna

200 3805 363 3892 remissis,
387 3805 457 3897 ipse
482 3827 517 3873 se
539 3804 660 3896 recipit
678 3802 732 3872 die
747 3827 793 3872 xn
811 3803 974 3872 Bibracte.
997 3801 1049 3872 lbi
1071 3827 1175 3897 quum
1192 3803 1246 3896 jus

202 3923 340 4012 diceret,
358 3925 524 4018 bituriges
539 3922 582 3992 ad
598 3947 675 3994 cunr
691 3922 816 4020 legatos
834 3925 993 4011 mittunt,
1014 3923 1174 3995 auxilium
1191 3947 1248 4017 pe·
