3048 4770
277 376 313 431 50
433 371 463 424 c
486 369 583 425 sunu
604 367 766 426 (Μῦς
788 365 1150 427 commurmronuiv

279 495 397 564 mentis
417 507 520 562 erent.
545 493 681 585 Equites
700 491 819 578 nostri,
839 515 914 558 cum
936 488 1160 559 funditoribus
1182 492 1312 586 sagitta·

278 615 399 706 riisque
423 607 547 680 flumen
563 612 775 704 transgressi,
796 634 874 678 cum
895 610 1040 677 hostium
1060 610 1209 702 equitatu
1226 633 1313 702 proe-

279 731 359 800 lium
381 730 627 800 commiserunt.
648 731 763 818 Quum
789 754 824 798 se
840 725 888 798 illi
905 727 1084 797 identidem
1102 730 1137 796 in
1156 727 1252 798 silvas
1272 729 1311 798 ad

279 873 355 918 suos
377 851 576 943 reciperent,
595 873 634 917 ac
656 873 770 918 rursus
786 873 825 917 cx
848 847 930 916 silva
950 849 985 916 in
1004 863 1136 916 nostros
1154 849 1313 942 impetum

278 965 437 1053 lacerent,
450 992 557 1060 neque
572 969 676 1038 nostri
686 965 831 1060 longius,
842 991 943 1060 quam
956 989 1055 1058 quem
1073 965 1226 1036 adfinem
1240 993 1313 1061 por·

279 1103 370 1158 recta
386 1112 424 1156 sc
439 1101 553 1180 aperte
571 1086 643 1156 loca
658 1087 882 1180 pertinebant,
901 1084 1054 1155 cedentes
1071 1087 1199 1179 insequi
1217 1087 1316 1156 aude-

280 1221 375 1297 rent3¹
388 1207 521 1275 interim
541 1205 684 1300 legiones
702 1231 780 1293 sex,
797 1230 870 1302 quae
890 1207 1004 1300 primae
1022 1220 1196 1293 venerant,
1215 1229 1316 1300 opere

281 1325 445 1428 dimenso,
467 1339 573 1396 castre
597 1327 728 1394 munire
748 1340 928 1418 coeperunt.
954 1325 1021 1395 Ubi
1045 1326 1150 1418 prima
1175 1324 1315 1418 impedi·

282 1459 394 1514 menta
414 1445 519 1512 nostri
540 1447 699 1514 exercitus
721 1445 762 1514 ab
785 1445 851 1533 his,
869 1445 926 1538 qui
944 1446 979 1513 in
998 1443 1087 1514 silvis
1109 1445 1213 1516 abditi
1235 1446 1317 1515 late-

282 1565 378 1651 bant,
394 1565 462 1632 visa
472 1577 550 1632 sunt
566 1563 671 1657 (quod
682 1577 811 1658 tempus
822 1565 909 1633 inter
920 1587 976 1633 eos
989 1564 1218 1633 committendi
1228 1579 1317 1659 proe-

176 1773 178 1787 .
284 1683 320 1754 lii
332 1681 562 1777 convenerat),
572 1683 632 1770 ita,
648 1697 687 1751 ut
703 1685 790 1752 intra
801 1681 900 1752 silvas
911 1686 1015 1754 aciem
1027 1684 1226 1778 ordinesque
1239 1711 1319 1756 con-

173 1790 177 1823 ³
284 1805 474 1891 stituerunt,
489 1815 587 1895 atque
607 1803 670 1895 ipsi
684 1826 753 1872 sese
771 1803 1062 1887 confirmaverant,
1084 1805 1194 1873 subito
1213 1808 1321 1874 omni·

283 1923 344 1992 bus
362 1922 465 2014 copiis
484 1919 756 2015 provolaverunt,
776 1924 1004 2017 impetumque
1020 1924 1055 1990 in
1076 1937 1205 2008 nostros
1225 1929 1321 2018 equi-

285 2055 333 2109 tes
350 2039 508 2108 fecerunt.
529 2041 589 2108 His
607 2039 701 2108 facile
719 2039 820 2134 pulsis
840 2067 878 2108 ac
894 2041 1113 2134 proturbatis,
1133 2043 1322 2112 incredibili

285 2157 452 2228 celeritate
478 2157 519 2226 ad
541 2155 663 2227 llumen
685 2156 959 2244 decucurrerunt,
977 2159 1018 2227 'ut
1034 2183 1126 2252 pane
1149 2184 1216 2228 uno
1237 2176 1322 2230 tem·

286 2301 366 2371 pore
381 2291 415 2344 et
434 2275 476 2344 ad
492 2274 609 2363 silvas,
624 2292 658 2346 ct
673 2278 708 2345 in
724 2277 875 2362 flumine,
894 2278 1008 2370 etjam
1025 2279 1060 2346 in
1076 2278 1227 2348 manibus
1244 2304 1321 2348 nos-

287 2397 347 2464 tris
364 2395 474 2464 hostes
491 2393 691 2464 viderentur.
712 2396 836 2466 Eadem
860 2409 971 2465 autem
994 2395 1161 2465 celeritate
1180 2398 1322 2469 adverso

288 2512 372 2584 colle
393 2512 435 2582 ad
455 2528 569 2582 nostra
586 2529 711 2598 cestra,
727 2529 827 2607 atque
843 2539 912 2603 eos,
928 2517 986 2608 qni
1002 2516 1037 2584 in
1054 2539 1153 2610 opere
1168 2519 1323 2611 occupati

288 2647 402 2722 erant,
417 2633 667 2710 contenderunt.

335 2755 411 2834 XX.
430 2753 550 2824 Cesari
565 2752 677 2821 omnia
692 2776 759 2821 uno
775 2767 923 2846 tempore
939 2767 1034 2824 erant
1048 2754 1176 2849 agenda
1193 2781 1202 2824 ε
1219 2759 1329 2828 vexil-

291 2871 360 2942 lum
380 2871 648 2966 proponendum,
669 2871 758 2964 quod
780 2887 851 2941 eret
873 2874 1016 2968 insigne,
1040 2899 1145 2968 quum
1166 2875 1207 2944 ad
1230 2901 1329 2948 arma

290 2991 443 3059 concurri
460 3004 645 3084 oporteret,
662 2991 792 3085 signum
809 2992 888 3062 tuba
910 2991 1072 3080 dandum,
1092 2995 1134 3062 ab
1154 3019 1254 3089 opere
1275 3024 1331 3068 re·

292 3107 428 3177 vocandi
445 3108 583 3198 milites,
600 3112 657 3206 qui
670 3109 769 3204 paulo
782 3108 913 3204 longius
929 3113 1058 3205 aggeris
1074 3113 1207 3205 petendi
1226 3141 1330 3190 causa

291 3243 533 3321 processerant,
555 3228 754 3315 arcessendi,
779 3231 864 3297 acies
891 3229 1099 3318 instruenda,
1123 3230 1245 3301 milites
1268 3261 1331 3306 co·

290 3346 461 3433 hortandi,
474 3348 606 3442 signum
616 3346 761 3416 dandum
779 3371 942 3440 :quarum
955 3372 1067 3418 rerum
1082 3374 1236 3444 magnam
1250 3376 1332 3446 par·

291 3482 358 3536 tem
376 3467 535 3561 temporis
554 3466 698 3537 brevitas
719 3482 753 3536 et
770 3491 938 3537 successus
956 3483 989 3538 et
1011 3473 1162 3541 incursus
1178 3471 1329 3544 hostium

291 3587 502 3681 impediebat.
530 3587 589 3655 His
612 3584 862 3656 difficultatibus
887 3586 1030 3658 duceres
1049 3605 1143 3658 erant
1163 3591 1330 3684 subsidio,

293 3709 429 3778 scientia
446 3719 545 3799 atque
564 3730 642 3776 usus
660 3704 817 3794 militum,
836 3706 940 3800 quod,
959 3709 1183 3801 superioribus
1204 3709 1334 3803 proeliis

293 3829 476 3914 exercitati,
488 3825 569 3920 quid
584 3824 653 3894 fieri
670 3840 852 3919 oporteret,
868 3851 935 3895 non
950 3828 1062 3896 minus
1077 3829 1250 3898 commode
1265 3831 1333 3925 ipsi

295 3947 356 4015 sibi
372 3947 598 4041 prescribere,
614 3969 713 4040 quam
724 3945 772 4016 ,ab
789 3943 860 4012 aliis
877 3945 986 4016 doceri
1005 3963 1172 4042 poterant,
1189 3966 1223 4019 et
1237 3955 1335 4044 quod
