3050 4772
457 354 508 410 nu
528 354 646 410 namo
666 354 828 410 cumco
851 355 920 410 mn.
936 354 999 410 vn.
1203 313 1256 426 ui

213 480 359 574 primum
375 492 621 557 occurreretur.
638 492 696 550 aut
713 480 767 549 cui
785 481 834 548 rei
850 479 993 548 ferretur
1008 477 1184 568 auxilium,
1200 481 1254 549 vix

213 599 310 667 ratio·
324 599 401 666 iniri
429 613 550 692 posset.
575 600 715 689 Tamen,
735 599 827 693 quod
851 599 1004 668 instituto
1025 599 1164 668 Caesaris
1184 599 1256 668 duae

172 715 178 738 '
213 742 344 811 semper
361 716 507 812 legiones
527 744 589 813 pro
607 721 722 789 castris
739 720 965 808 excubabant,
984 717 1162 813 pluresque
1179 744 1256 814 par-

214 838 282 906 titis
298 838 505 932 temporibus
522 855 616 908 erant
638 840 673 906 in
692 865 809 934 opere,
829 837 979 908 celeriter
995 839 1118 908 factum
1138 853 1202 924 est,
1219 853 1257 906 ut

214 955 272 1024 alii
287 956 519 1050 eruptionibus
537 960 744 1043 resisterent,
760 957 816 1028 alii
835 973 944 1028 turres
965 957 1181 1046 reducerent,
1202 982 1258 1052 ag·

213 1099 392 1168 geremque
416 1077 706 1165 interscinderent,
724 1080 832 1148 omnis
849 1102 928 1147 vero
948 1103 988 1147 ex
1005 1079 1122 1147 castris
1142 1076 1256 1146 multi·

215 1193 322 1264 titudo
341 1194 383 1264 ad
404 1197 676 1292 restinguendum
693 1213 918 1268 concurreret.

260 1318 369 1385 XXV.
395 1317 512 1404 Quum
532 1317 566 1385 in
586 1318 739 1394 omnibus
759 1316 855 1406 locis,
874 1332 1072 1412 consumpta
1088 1319 1156 1412 jam
1179 1315 1257 1390 reli·

214 1460 280 1528 qua
299 1451 394 1528 parte
413 1437 774 1532 noetis,·pugnaretur,
795 1463 989 1532 semperque
1008 1438 1159 1507 hostibus
1183 1461 1258 1532 spes

213 1556 360 1624 victoria
370 1556 667 1652 redintegraretur,
685 1582 725 1626 eo
738 1560 857 1652 magis,
870 1559 960 1651 quod
974 1558 1108 1628 deustos
1125 1556 1257 1651 pluteos

215 1676 359 1744 turrium
380 1676 555 1763 videbant,
575 1703 636 1746 nec
656 1675 751 1747 facile
768 1678 1012 1772 adireapertos
1031 1677 1074 1745 ad
1093 1674 1258 1746 auxilian-

214 1793 294 1862 dum
312 1793 638 1882 animadvertebant,
658 1781 854 1891 semperque
874 1800 937 1890 ipsi
956 1811 1105 1866 recentes
1123 1795 1257 1866 defessis

214 1915 446 2003 succederent,
466 1941 666 2010 omnemque
685 1916 801 1987 Galliae
824 1915 964 1986 salutem
984 1919 1019 1985 in
1039 1914 1097 1985 illo
1117 1916 1258 2012 vestigio

215 2037 374 2128 temporis
391 2036 534 2131 positam
557 2036 817 2124 arbitrarentur,
838 2036 971 2124 accidit,
992 2036 1257 2131 inspectantibus

216 2155 327 2242 nobis,
342 2155 450 2249 quod,
467 2156 606 2252 dignum
624 2159 783 2226 memoria
801 2158 922 2246 visum,
937 2156 1256 2250 pretermittendum

216 2299 284 2343 non
300 2278 569 2346 existimavimus.
585 2277 731 2365 Quidam
751 2293 828 2346 ante
844 2293 974 2372 portam
992 2277 1107 2370 oppidi
1124 2275 1257 2364 Gallus,

215 2397 272 2488 qui
297 2420 358 2489 per
378 2421 497 2466 manus
517 2398 585 2466 sevi
606 2421 644 2466 ac
664 2399 746 2490 picis
767 2397 905 2467 traditas
926 2395 1036 2492 glebas
1054 2397 1089 2464 in
1108 2399 1219 2491 ignem
1240 2423 1258 2465 e

215 2516 351 2610 regione
382 2519 483 2587 turris
507 2515 721 2611 projiciebat,
748 2518 922 2610 scorpione
941 2518 982 2585 ab
1011 2515 1114 2586 latere
1141 2515 1258 2586 dextro

215 2638 374 2728 traJectus
405 2638 674 2730 exanimatusque
705 2637 858 2705 concidit.
896 2641 994 2705 Hunc
1028 2661 1068 2705 ex
1099 2635 1258 2729 proximis

214 2780 302 2825 unus
320 2756 487 2849 jacentem
509 2771 747 2851 transgressus,
767 2755 883 2824 eodem
905 2754 963 2824 illo
982 2779 1121 2824 munere
1140 2753 1258 2848 funge-

215 2877 315 2945 batur
336 2901 344 2944 :
365 2875 482 2946 eadem
501 2877 628 2944 ratione
646 2877 712 2944 ictu
731 2875 915 2969 scorpionis
932 2877 1120 2946 exanimato
1138 2871 1258 2961 altero,

216 2997 374 3066 successit
392 2997 528 3079 tertius,
552 3009 584 3064 et
602 2997 708 3064 ¹tertio
728 3011 887 3088 quartus;
907 3020 967 3064 neo
986 2995 1079 3088 prius
1097 2993 1152 3064 ille
1172 3009 1220 3063 est
1240 3020 1258 3064 a

217 3117 521 3212 propugnatoribus
539 3140 663 3184 vacuus
683 3113 817 3186 relictus
834 3115 943 3202 loona,
963 3139 1078 3208 quam,
1100 3116 1259 3184 restincto

217 3263 352 3332 aggere,
375 3251 476 3330 atque
500 3237 593 3305 omni
619 3250 712 3329 parte
736 3235 896 3304 submotis
926 3235 1094 3324 hostibus,
1113 3235 1189 3304 finis
1210 3249 1260 3302 est

219 3357 389 3452 pugnandi
407 3357 524 3427 factus.

265 3479 390 3546 XXVI.
415 3477 541 3545 Omnia
562 3477 688 3568 experti
712 3475 819 3561 Galli,
844 3473 933 3569 quod
953 3500 1004 3544 res
1025 3475 1117 3544 nulla
1137 3495 1261 3542 succes·

220 3611 321 3682 serat,
343 3609 476 3690 postero
494 3596 548 3694 die
567 3595 744 3664 consilium
761 3608 921 3690 ceperunt
942 3619 981 3662 ex
1001 3592 1127 3687 oppido
1149 3591 1262 3688 profu·

219 3741 314 3812 gere,
339 3717 494 3784 hortante
520 3731 555 3785 et
578 3716 716 3810 jubente
744 3715 1025 3808 Vercingetorige.
1049 3710 1103 3796 Id,
1131 3710 1262 3780 silentio

219 3837 326 3906 noctis
338 3838 466 3924 conati,
479 3861 549 3906 non
565 3859 686 3930 magna
701 3837 831 3929 jactura
852 3857 989 3902 suorum
1006 3855 1074 3900 sese
1086 3829 1263 3900 effecturos

219 3957 410 4052 sperabant3
425 3969 600 4050 propterea
614 3957 705 4049 quod
719 3979 826 4048 neque
844 3953 943 4049 longe
954 3953 995 4022 ab
1011 3952 1135 4046 oppido
1156 3965 1264 4021 castra

367 4101 387 4144 ι.
1079 4096 1118 4140 rs
