3038 4766
455 382 506 439 DE
527 383 649 437 BELLO
671 383 788 438 ClVlLI
806 383 876 438 LIB.
897 385 950 439 111.
1166 388 1219 444 125

188 506 286 602 vulgo
303 533 382 577 vero
398 509 541 576 universi
555 509 588 575 in
606 508 706 601 Epiro
722 522 822 600 atque
834 505 953 577 AEtolia
968 513 1143 605 conscripti
1161 516 1222 582 mi·

188 627 276 714 lites,
294 651 471 720 earumque
489 628 659 720 regionum
679 627 846 712 omnium,
864 650 937 720 quae
953 653 970 696 a
990 631 1117 700 Caesare
1135 646 1221 700 tene-

187 748 317 816 bantur.
342 745 407 815 Sed
431 746 482 832 hi,
510 746 649 840 coguitis
670 746 824 814 omnibus
849 747 964 834 rebus,
994 774 1050 817 seu
1078 752 1158 843 quid
1186 755 1221 820 in

186 867 424 935 munitionibus
446 864 626 957 perfectum
656 888 722 931 non
746 879 831 952 erat,
848 889 904 934 seu
927 867 1007 958 quid
1025 891 1044 936 a
1063 872 1222 962 peritiori-

187 987 248 1054 bus
274 985 319 1054 rei
339 983 488 1053 militaris
524 982 699 1051 desiderari
732 983 923 1068 videbatur,
953 989 1220 1082 temporibusque

186 1129 295 1174 rerum
320 1118 352 1172 et
372 1105 483 1198 spatiis
500 1102 648 1171 locorum
668 1117 701 1171 et
720 1103 942 1173 custodiarum
970 1108 1060 1176 varia
1087 1108 1222 1204 diligen*

187 1226 231 1292 tia
259 1222 499 1310 animadversa,
531 1235 630 1316 prout
656 1223 814 1315 cujusque
841 1247 969 1311 eorum,
989 1227 1043 1318 qui
1081 1231 1222 1322 negotiis

185 1359 366 1437 praeerant,
382 1358 439 1412 aut
452 1356 570 1410 natura
585 1357 643 1410 aut
662 1341 807 1410 studium
825 1342 965 1430 ferebat,
986 1345 1055 1414 baec
1068 1345 1109 1414 ad
1127 1350 1221 1417 Pom·

187 1465 296 1557 peium
317 1465 426 1532 omniu
445 1460 644 1531 detulerunt.

233 1585 338 1652 LXII.
365 1582 497 1670 Quibus
530 1579 583 1649 ille
607 1582 763 1675 coguitis,
785 1584 1031 1677 eruptionisque
1050 1579 1120 1677 jam
1145 1603 1221 1656 ante

187 1718 283 1799 capto
306 1701 463 1789 consilio,
491 1714 535 1770 ut·
548 1700 806 1770 demonstratum
833 1719 900 1790 est,
926 1716 1090 1796 tegmenta
1120 1702 1221 1798 galeis

186 1822 305 1893 milites
324 1847 360 1890 ex
381 1820 557 1890 viminibus
577 1819 701 1905 lacere,
724 1835 821 1914 atque
839 1845 992 1915 aggerem
1011 1837 1223 1915 comportare

183 1943 288 2036 jubet.
308 1943 368 2010 His
384 1941 507 2034 paratis
519 1940 635 2028 rebus,
650 1963 806 2034 magnum
826 1965 1000 2010 numerum
1015 1937 1094 2009 levis
1114 1965 1223 2010 arma·v

187 2079 269 2132 turoe
279 2077 313 2131 ct
330 2062 597 2156 sagittariorum,
613 2085 830 2156 aggeremque
846 2085 977 2130 omnem
988 2075 1086 2129 noctu
1102 2062 1136 2129 in
1153 2087 1222 2132 sca-

188 2183 268 2276 phas
287 2195 320 2250 et
338 2205 435 2252 naves
454 2181 613 2251 actuarias
632 2181 805 2274 imposuit,
822 2193 855 2249 et
875 2165 916 2250 de
930 2180 1038 2249 media
1056 2195 1151 2251 nocte
1167 2207 1225 2250 co-·

189 2302 298 2372 bortes
322 2327 385 2391 ux,
414 2327 454 2370 ex
482 2301 632 2370 maximis
655 2302 769 2368 castris
795 2299 1018 2394 presidiisque
1049 2300 1220 2388 deductas,

187 2419 228 2489 ad
245 2434 316 2490 e'am
340 2436 466 2517 partem
487 2420 709 2489 munitionum
740 2417 845 2505 ducit,
864 2443 936 2513 quae
954 2421 1162 2515 pertinebant
1179 2419 1221 2488 ad
1272 2432 1277 2444 '

188 2564 293 2626 mare,
312 2539 565 2635 longissimeque
585 2561 604 2606 a
619 2537 767 2606 maximis
783 2524 900 2607 'castris
917 2541 1054 2606 Caesaris
1072 2539 1218 2607 aberant.

186 2658 312 2728 Eodem
329 2683 448 2744 naves,
467 2681 548 2749 quas
565 2656 860 2724 demonstravimus
883 2679 1001 2749 aggere
1021 2672 1054 2724 et
1073 2656 1151 2725 levis
1169 2681 1220 2725 ar·

186 2795 323 2848 maturae
349 2775 507 2845 militibus
536 2773 728 2867 completas,
760 2797 906 2866 quasque
933 2775 976 2842 ad
1000 2777 1219 2868 Dyrrachium

188 2924 284 2968 naves
299 2896 413 2992 longas
432 2894 590 2981 habebat,
611 2895 729 2982 mittit,
748 2909 779 2962 et
796 2893 876 2987 quid
894 2919 914 2963 a
929 2918 1061 2987 quoque
1078 2895 1149 2965 fieri
1165 2921 1220 2965 ue-

188 3017 239 3106 lit,
252 3019 408 3112 praecipit.
429 3015 479 3087 Ad
504 3039 559 3084 eas
585 3015 784 3083 munitiones
809 3017 916 3084 Caesar
935 3013 1113 3082 Lentulum
1132 3019 1221 3084 Mar·

187 3135 340 3205 celliuum
362 3150 556 3230 quaestorem
583 3159 660 3203 cum
685 3131 814 3228 legione
841 3157 928 3202 noua
955 3134 1100 3226 positum
1118 3135 1220 3204 habe·

187 3256 252 3324 bat.
270 3255 374 3340 Huic,
399 3253 489 3347 quod
510 3253 694 3322 valetudine
722 3255 830 3322 miuus
847 3253 1019 3322 commoda
1044 3255 1219 3338 utebatur,

186 3373 338 3443 Fulvium
350 3374 566 3444 Postbumum
585 3373 768 3465 adjutorem
786 3372 991 3442 submiserat.

233 3495 356 3564 LXIII.
375 3497 455 3562 Erat
471 3517 510 3562 eo
524 3491 597 3561 loco
614 3490 699 3561 fossa
718 3490 840 3585 pedum
858 3514 923 3580 xv,
938 3507 971 3562 et
985 3491 1090 3562 vallus
1104 3507 1219 3563 contra

188 3611 313 3680 bostem
340 3615 374 3681 iu
405 3611 613 3681 altitudinem
635 3608 755 3704 pedum
773 3637 816 3694 x,
842 3610 1112 3705 tantumdemque
1150 3612 1220 3704 ejus

187 3728 262 3798 valli
287 3756 389 3826 agger
414 3733 448 3799 in
467 3730 677 3800 latitudinem
702 3731 842 3826 patebat.
872 3731 922 3800 Ab
951 3754 1011 3814 eo,
1032 3731 1219 3800 intermisso

187 3851 291 3940 spatio
307 3849 428 3943 pedum
446 3875 510 3939 uc,
526 3850 609 3921 alter
627 3875 803 3922 conversus
821 3853 856 3921 in
873 3852 1073 3922 contrariam
1092 3865 1218 3946 partem

186 3979 257 4034 erat
280 3965 399 4054 vallus,
421 3967 598 4039 humiliore
622 3969 722 4065 paulo
742 3973 926 4042 munitione
949 4001 956 4040 :
977 3973 1040 4041 boc
1056 3973 1143 4040 enirn
1170 3995 1221 4039 su·
