3086 4766
274 365 328 404 roo
427 351 457 406 C.
480 351 578 407 JULIl
599 349 765 408 CAESARIS
786 349 1153 408 COMMENTARIORUM

271 476 372 563 citur,
386 475 477 568 quod
491 500 510 544 a
523 477 664 544 Pirustis
676 475 853 571 finitimam
868 489 996 567 partem
1010 474 1190 568 provinciae
1202 476 1315 544 incur·

270 595 417 664 sionibus
433 595 555 665 vastari
575 593 739 663 audiebat.
759 598 809 664 Eo
827 619 930 687 quum
949 596 1115 678 venisset,
1127 595 1314 663 civitatibus

269 711 390 782 milites
413 715 569 808 imperat,
597 729 794 806 certumque
821 713 855 780 in
881 712 991 781 locum
1015 715 1194 782 convenire
1207 714 1312 808 jubet.

268 833 400 922 Quare
419 834 591 922 nuntiata,
613 835 753 902 Pirustae
775 831 900 927 legatos
919 831 960 902 ad
981 857 1058 900 curn
1079 833 1233 922 mittunt,
1256 835 1314 927 qui

268 951 425 1042 doceant,
443 952 526 1022 nibil
542 978 657 1022 earum
672 978 782 1022 rerum
799 952 933 1046 publico
949 952 1075 1022 factum
1091 951 1246 1042 consilio,
1266 979 1315 1025 se·

268 1097 368 1166 seque
386 1089 519 1167 paratos
538 1097 608 1142 esse
629 1071 876 1158 demonstrant,
897 1073 1051 1142 omnibus
1068 1073 1252 1142 rationibus
1272 1073 1313 1142 de

267 1193 396 1286 injuriis
412 1193 608 1262 satisfacere.
628 1195 774 1287 Accepta
792 1192 942 1261 oratione
956 1217 1088 1280 eorum,
1106 1195 1215 1263 Caesar
1227 1192 1314 1263 obsi·

266 1309 326 1380 des
343 1313 498 1406 imperat,
518 1336 641 1406 eosque
659 1312 702 1381 ad
721 1327 844 1381 certam
867 1311 955 1380 diem
971 1311 1089 1382 adduci
1107 1314 1228 1406 jubet:
1248 1313 1312 1381 nisi

267 1433 312 1501 ita
328 1430 572 1522 fecerint,sese
591 1431 679 1501 bello
700 1432 868 1500 civitatem
888 1447 1142 1526 persecuturum
1161 1433 1312 1501 demons-

266 1565 342 1621 trat.
362 1553 422 1622 His
441 1550 484 1619 ad
501 1551 589 1621 diem
605 1551 770 1639 adductis,
788 1565 824 1620 ut
840 1552 1075 1644 imperaverat,
1097 1553 1239 1621 arbitros
1260 1553 1311 1619 in·

265 1687 316 1742 ter
336 1673 487 1742 civitates
504 1671 577 1762 dat,
592 1661 650 1765 qui
666 1671 758 1742 litem
777 1672 958 1760 aestiment,
974 1693 1173 1766 poenamque
1190 1674 1311 1742 consti·

266 1808 374 1862 luant.

313 1917 357 1981 II.
382 1916 442 1982 His
470 1897 630 1982 consectis
656 1913 770 1998 rebus,
788 1913 1072 2006 conventibusque
1093 1915 1250 2008 peractis,
1274 1915 1308 1982 iu

265 2033 454 2101 citeriorem
473 2030 617 2103 Galliam
634 2032 828 2116 revertitur,
846 2047 945 2125 atque
969 2032 1047 2101 inde
1067 2033 1110 2103 ad
1128 2035 1309 2102 exercitum

265 2149 496 2245 proficiscitur.
509 2154 559 2220 Eo
572 2175 676 2244 quum
691 2153 849 2239 venisset,
867 2151 1015 2220 circuitis
1031 2152 1186 2220 omnibus
1197 2153 1309 2222 biber·

265 2274 335 2359 uis,
358 2269 524 2366 singulari.
542 2268 688 2340 militum
715 2267 843 2359 studio,
868 2272 906 2339 in'
927 2294 1056 2342 summa
1081 2272 1232 2340 omnium
1257 2297 1309 2340 re-

262 2416 342 2460 rum
368 2393 495 2484 inopra,
520 2393 652 2461 circiter
674 2391 810 2485 noejus
837 2393 983 2487 generis,
1012 2393 1106 2485 cujus
1125 2417 1225 2486 supra
1250 2392 1307 2461 de-

264 2510 543 2600 monstravimus,
566 2534 681 2598 naves,
702 2525 735 2578 et
757 2509 872 2606 longas
883 2532 998 2580 -xxv111
1021 2512 1148 2581 invenit
1167 2513 1308 2583 instruc

264 2646 329 2720 tas,
355 2653 464 2724 neque
489 2627 633 2699 multum
657 2629 770 2699 abesse
795 2631 836 2700 ab
863 2654 917 2718 eo,
944 2631 1026 2723 quin
1053 2633 1165 2726 paucis
1191 2632 1307 2702 diebus

264 2748 384 2818 deduci
419 2765 563 2844 possent.
592 2747 798 2818 Collaudatis
832 2748 993 2818 militibus
1026 2765 1126 2845 atque
1155 2753 1217 2842 iis,
1250 2755 1307 2846 qui

264 2871 399 2964 negotio
417 2869 638 2964 praefuerant,
656 2867 736 2962 quid
754 2867 826 2936 fieri
849 2865 929 2938 velit
947 2870 1106 2957 ostendit,
1125 2885 1224 2964 atque
1240 2893 1308 2938 om·
1425 2890 1429 2896 ’

264 3013 322 3058 nes
338 2988 387 3058 ,ad
419 3003 554 3082 portum
583 2989 685 3058 Itium
709 2989 887 3056 convenire
908 2989 1017 3082 jubet,
1048 3013 1115 3082 quo
1141 3015 1181 3058 ex
1206 3005 1306 3083 portu

263 3107 571 3180 commodissimum
597 3109 632 3176 in
659 3107 866 3186 Britanniam
895 3109 1123 3177 transmissum
1154 3135 1306 3180 esseco-

191 3267 197 3280 ·
263 3244 442 3324 gnoverat,
467 3229 601 3298 circiter
621 3225 763 3298 millium
795 3251 951 3321 passuum
977 3251 1047 3295 xxx
1068 3251 1088 3294 a
1106 3231 1303 3297 continenti.

264 3352 350 3420 Huic
375 3351 425 3419 rei
445 3350 536 3444 quod
563 3351 641 3418 satis
663 3373 733 3418 esse
757 3349 866 3416 visum
885 3361 935 3415 est
949 3345 1118 3436 militum,
1139 3346 1272 3441 reliquit
1294 3372 1302 3416 ε

264 3471 333 3564 ipse
355 3495 431 3540 cum
455 3470 640 3565 legionibus
668 3468 830 3562 expeditis
850 3452 890 3536 iv
911 3482 944 3536 et
972 3467 1139 3560 equitibus
1160 3491 1248 3538 noco
1268 3469 1303 3536 in

264 3589 346 3658 fines
366 3569 581 3658 Trevirorum
602 3587 837 3683 proficiscitur,
851 3585 942 3681 quod
957 3587 994 3654 hi
1009 3584 1174 3680 nequead
1191 3589 1303 3656 conci·

264 3707 309 3778 lia
335 3709 523 3797 veniebant,
550 3708 823 3801 nequevimperio
848 3707 1024 3800 parebant,
1051 3707 1304 3802 Germanosque

266 3829 522 3897 transrhenanos
542 3826 720 3896 sollicitare
737 3825 941 3896 dicebantur.

313 3950 372 4016 Ill.
397 3951 475 4016 Haec
496 3949 612 4017 civitas
637 3945 735 4042 longe
756 3945 936 4038 plurimum
958 3950 1059 4018 totius
1075 3947 1194 4020 Galliae
1212 3949 1306 4045 equi-
