3086 4766
461 365 512 422 DE
530 363 652 420 BELm
671 363 835 420 Gattlco
856 365 988 421 LIB.V1.
1189 363 1242 432 145

215 484 400 556 mortalium
417 489 450 554 vi
465 511 503 556 ac
520 501 682 581 potestate
699 487 885 581 disputant,
904 505 937 558 et
950 491 1118 583 juventuti
1136 489 1244 561 trans·

213 605 306 676 dunt.
961 633 965 642 ·

261 731 336 799 XV.
353 725 504 798 Alterum
522 750 625 819 genus
643 740 692 795 est
710 730 870 820 equitum.
886 730 946 814 Hi,
961 752 1065 820 quum
1084 744 1132 798 est
1150 754 1245 816 usus,

216 864 313 939 atque
329 843 464 939 aliquod
482 843 607 914 bellum
625 845 739 914 incidit
761 846 863 940 (quod
882 862 959 916 ante
971 851 1109 918 Caesaris
1125 848 1247 918 adveu-

215 985 288 1036 tum
301 963 370 1034 fere
385 965 563 1057 quotannis
576 963 727 1034 accidere
740 965 884 1052 solebat,
899 968 948 1036 uti
961 983 1019 1036 aut
1035 969 1098 1061 ipsi
1111 969 1248 1061 injurias

126 1143 129 1152 .
218 1086 393 1170 inferrent,
411 1098 468 1152 aut
484 1082 595 1152 illatas¹
608 1083 873 1181 propulsarent),
889 1109 1003 1154 omnes
1019 1089 1053 1154 in
1069 1086 1157 1157 bello
1176 1113 1249 1156 ver-

217 1217 351 1274 santur:
364 1217 464 1296 atque
475 1227 591 1272 eorum
604 1216 643 1272 ut
654 1205 795 1296 quisque
806 1217 856 1274 est
868 1231 988 1300 genere
1003 1207 1172 1300 copiisque
1183 1229 1251 1276 am·

217 1321 396 1416 plissimus,
417 1323 464 1390 ita
485 1321 646 1416 plurimos
663 1323 789 1392 circum
810 1348 844 1392 se
864 1331 1032 1393 ambactos
1050 1325 1250 1420 clientesque

217 1442 351 1512 babent.
370 1446 465 1510 Hanc
478 1464 579 1510 unam
596 1442 734 1535 gratiam
752 1443 999 1535 potentiamque
1018 1460 1193 1514 noverunt.

264 1563 355 1632 XVI.
382 1563 484 1632 Natio
509 1575 560 1630 est
583 1561 732 1628 omnium
749 1559 923 1629 Gallorum
943 1563 1122 1632 admodum
1141 1562 1252 1633 dedita

221 1680 453 1776 religionibus3
468 1695 567 1772 atque
582 1680 624 1748 ob
641 1703 714 1746 eam
730 1703 878 1767 causam,
892 1682 950 1773 qui
965 1696 1043 1748 sunt
1056 1681 1166 1750 affecti
1181 1706 1254 1776 gra·

222 1800 367 1869 rioribus
386 1798 525 1885 morbis,
546 1799 669 1890 quique
689 1798 724 1868 in
743 1796 867 1890 proeliis
884 1797 1104 1892 periculisque
1121 1825 1254 1870 versan-

220 1934 292 2003 tur,
315 1933 374 1986 aut
392 1941 454 2011 pro
470 1916 615 1984 victimis
633 1916 785 1984 homines
804 1915 993 2002 immolant,
1010 1932 1067 1986 aut
1084 1943 1118 1987 se
1136 1921 1254 1989 iinme-

220 2037 346 2108 laturos
363 2049 499 2121 vovent,
517 2034 783 2127 administrisque
797 2035 840 2102 ad
855 2059 894 2104 ea
910 2035 1068 2106 sacrificia
1083 2037 1256 2108 druidibus

222 2173 383 2242 utuntur3
399 2155 509 2250 quod,
524 2180 587 2249 pro
603 2156 670 2223 vita
690 2155 833 2224 hominis
849 2157 912 2224 nisi
933 2156 1077 2226 hominis
1095 2160 1162 2226 vita
1181 2160 1257 2230 red·

223 2277 338 2364 datur,
368 2300 436 2346 non
465 2299 559 2369 posse
584 2273 681 2343 aliter
707 2257 845 2343 deorum
872 2275 1109 2346 immortalium
1133 2302 1257 2347 numen

227 2395 350 2491 placari
366 2397 572 2464 arbitrantur
589 2419 597 2462 :
614 2391 811 2487 publiceque
827 2393 973 2487 ejusdem
989 2398 1118 2488 generis
1134 2397 1257 2466 habent

196 2533 200 2542 “
226 2516 376 2587 instituta
396 2514 562 2584 sacrificia.
587 2511 654 2584 Alii
678 2513 813 2582 immani
835 2513 1063 2607 magnitudine
1083 2514 1258 2583 simulacra

226 2636 364 2721 habent,
379 2659 524 2726 quorum
540 2647 693 2701 contexta
705 2632 884 2700 viminibus
899 2609 1046 2702 membra
1056 2633 1140 2701 vivis
1155 2633 1258 2701 horni-

226 2754 323 2823 nibus
345 2750 529 2845 complent,
548 2753 669 2844 quibus
689 2753 867 2838 succensis,
888 2751 1106 2819 circumventi
1126 2751 1259 2820 flamma

226 2873 458 2944 exanimantur
482 2870 643 2938 homines.
670 2867 837 2962 Supplicia
862 2893 976 2936 eorum
1000 2870 1057 2960 qui
1085 2871 1119 2936 in
1148 2869 1259 2958 furto,

227 3007 285 3062 aut
301 2993 336 3060 in
351 2990 540 3076 latrocinio,
555 3002 614 3058 aut
625 2988 736 3080 aliqua
749 3012 834 3056 noxa
850 2989 915 3055 sint
927 2985 1169 3080 comprehensi,
1187 3013 1261 3082 gra-

228 3113 314 3182 tiora
327 3110 389 3179 diis
404 3107 645 3179 immortalibus
657 3131 726 3175 esse
740 3106 944 3174 arbitrantur
957 3130 964 3171 :
979 3104 1052 3192 sed,
1067 3131 1170 3199 quum
1189 3110 1260 3202 ejus

230 3231 359 3326 generis
385 3230 482 3324 copia
506 3228 632 3313 deficit,
657 3227 756 3294 etiam
782 3225 825 3293 ad
852 3226 1076 3294 innocentium
1100 3226 1262 3321 supplicia

231 3349 445 3420 descendunt.

277 3471 385 3540 XVII.
413 3470 522 3538 Deum
538 3469 680 3536 maxime
699 3471 904 3538 Mercurium
923 3469 1046 3538 colunt.
1064 3467 1170 3559 Hujus
1186 3479 1265 3533 sunt

232 3589 376 3684 plurima
398 3585 573 3657 simulacra
598 3613 606 3654 ε
628 3587 719 3657 hunc
742 3589 891 3656 omnium
918 3589 1123 3655 inventorem
1143 3585 1265 3652 artium

234 3709 364 3795 lerunt,
383 3708 473 3778 bunc
494 3708 623 3776 viarum
647 3721 746 3800 atque
769 3709 925 3776 itinerum
948 3704 1086 3792 ducem,
1109 3705 1199 3772 bunc
1225 3702 1268 3770 ad

236 3843 379 3921 quaestus
401 3827 548 3920 pecuniae
565 3841 833 3918 mercaturasque
858 3825 980 3893 babere
999 3823 1067 3892 vim
1091 3823 1268 3892 maximam

237 3947 451 4018 arbitrantur.
473 3949 553 4014 Post
573 3943 681 4037 hunc,
704 3941 910 4037 Apollinem,
933 3958 968 4012 et
987 3943 1146 4030 Martem,
1163 3957 1194 4010 et
1213 3945 1269 4010 Jo-

382 4091 404 4136 r.
1089 4087 1130 4130 ιο
