3068 4772
470 437 521 494 os
541 435 661 494 cunm
681 417 968 494 amnunmo.
1179 437 1232 496 sss

207 577 341 633 ventum
358 583 410 630 res
424 561 553 654 integra
568 555 780 628 differretura
801 557 834 627 id
854 559 941 628 enim
959 581 1027 628 esse
1046 561 1231 656 integrum,

207 679 297 775 quod
315 683 360 750 ita
375 693 473 767 esset,
491 693 529 748 ut
547 676 669 749 luisset.
686 707 703 742 n
726 677 786 747 His
802 679 966 771 responsis
982 677 1083 767 datis,
1099 703 1174 752 cum
1193 681 1232 749 iis

206 799 323 894 copiis,
340 821 423 891 quas
438 821 538 892 supra
566 797 696 889 scripsi,
718 795 882 890 profectus
902 811 951 866 est
972 797 1005 867 in
1026 797 1231 887 Armeniam,

205 917 348 1010 locisque
364 915 588 1010 superioribus
604 914 667 984 iter
683 913 789 984 lacere
803 915 945 984 instituit
959 939 968 982 ε
981 938 1057 983 nam
1066 937 1109 984 ex
1124 917 1231 985 Ponto

204 1061 224 1104 a
240 1033 395 1106 Comanis
408 1032 526 1128 jugum
543 1031 667 1102 editum
684 1032 828 1102 silvestre
845 1047 909 1120 est,
930 1034 1096 1127 pertinens
1113 1033 1148 1102 in
1167 1037 1231 1104 Ar·

204 1151 346 1222 menium
361 1154 538 1236 minorem,
556 1175 623 1244 quo
640 1149 848 1244 Cappadocia
864 1150 981 1222 finitur
995 1151 1038 1220 ab
1053 1153 1228 1222 Armenia:

182 1271 298 1364 cujus
321 1271 446 1340 itineris
462 1269 521 1338 bas
544 1293 614 1338 esse
638 1283 745 1340 certas
770 1271 1050 1364 opportunitates,
1074 1268 1164 1364 quod
1195 1271 1230 1339 io

203 1387 284 1459 locis
312 1388 536 1485 superioribus
560 1385 669 1458 nullus
698 1387 839 1480 impetus
865 1389 1056 1481 repentinus
1082 1385 1229 1458 accidere

202 1508 346 1578 hostium
372 1520 518 1601 poterat,
548 1519 581 1576 ct
607 1503 699 1599 quod
719 1504 943 1599 Cappadocia,
964 1506 1015 1576 his
1032 1507 1121 1601 jugis
1150 1508 1228 1576 sub·

199 1625 310 1718 jecta,
341 1649 494 1720 magnam
518 1638 717 1694 commeatus
742 1623 870 1717 copiam
899 1639 970 1694 erat
1000 1625 1228 1696 subministra·

202 1757 288 1814 tura.

249 1863 404 1932 XXXVI.
430 1859 624 1956 Complures
640 1861 771 1930 interim
786 1860 964 1956 legationes
980 1860 1165 1931 Pharnaces
1184 1861 1226 1930 ed

200 1982 385 2051 Domitium
403 1980 521 2065 mittit,
537 2003 610 2074 quae
632 1976 673 2048 de
695 2003 775 2074 pace
799 1993 947 2074 agerent,
972 1981 1128 2074 regiaque
1152 1975 1244 2049 mu?

100 2125 105 2134 ·
202 2123 279 2168 nera
296 2099 443 2168 Domitio
459 2096 589 2166 immet
615 2099 664 2166 Ea
684 2111 870 2168 constanter
890 2097 1142 2192 aspernabatur3
1164 2121 1226 2168 nec

200 2217 262 2286 sibi
295 2215 474 2310 quidquam
504 2215 574 2286 scre
604 2217 785 2310 antiquius,
800 2240 912 2311 *qaam
942 2215 1141 2310 dignitatem,
1163 2240 1224 2311 po·

201 2333 269 2429 puli
286 2315 414 2405 roinani
433 2349 466 2404 et
486 2358 587 2429 regna
613 2335 774 2404 sociorum
802 2357 1011 2428 recuperare,
1037 2333 1150 2430 legatis
1177 2359 1227 2405 rc-

198 2453 389 2549 spcndebat.
423 2455 555 2549 Magnis
583 2468 618 2524 et
651 2455 814 2523 continuis
844 2454 1016 2523 itineribus
1048 2453 1225 2543 conlectis,

198 2597 302 2667 quum
317 2572 508 2647 adventaret
523 2571 565 2640 ad
580 2569 765 2666 Nicopolim
780 2568 887 2665 (quod
904 2570 1062 2665 oppidum
1081 2575 1222 2665 positum

197 2691 233 2760 in
257 2691 413 2762 Armenia
438 2691 567 2758 minore
590 2703 653 2774 est,
678 2685 776 2780 plano
804 2689 911 2781 ipsum
940 2686 1029 2776 loco,
1057 2689 1224 2759 montibus

198 2825 308 2878 tamen
325 2806 400 2877 altis
417 2806 459 2875 ab
482 2806 609 2875 duobus
637 2803 793 2874 lateribus
821 2805 971 2899 objectis,
999 2807 1077 2877 satis
1103 2831 1222 2900 magno

197 2923 370 2996 intervallo
387 2925 429 2994 ab
443 2924 567 3018 oppido
581 2922 748 3019 manetis),
766 2939 872 2995 castra
889 2927 999 3020 posuit
1015 2923 1113 3018 longe
1128 2949 1147 2994 a
1165 2927 1223 2996 Ni·

196 3043 303 3139 copcli
319 3045 449 3114 circiter
463 3042 566 3113 millia
584 3067 739 3138 passuum
755 3059 889 3138 septem.
906 3045 1037 3133 Quibus
1053 3069 1092 3114 ex
1109 3047 1223 3116 castris

196 3185 298 3256 quum
310 3160 401 3233 loeus
412 3177 570 3259 angantus
582 3177 679 3257 atquc
693 3163 868 3258 impeditus
884 3178 967 3234 esset
981 3163 1222 3252 transeundus,

195 3281 380 3352 Pharnaces
409 3283 442 3351 in
467 3282 592 3352 insidiis
609 3280 751 3354 delectos
775 3283 898 3377 pedites
922 3308 1100 3378 omnesque
1132 3309 1223 3379 paene

196 3401 354 3494 disposuit
373 3401 498 3494 equites
518 3427 526 3470 ε
544 3424 696 3496 mquam
713 3415 821 3471 autem
837 3400 1080 3472 multitudinem
1097 3405 1222 3496 pecoris

195 3519 282 3588 intra
300 3529 357 3588 eas'
373 3519 484 3590 fauces
501 3518 652 3615 dissipari
669 3521 783 3614 jussit;
803 3544 1011 3616 paganosque
1030 3535 1063 3591 et
1082 3521 1221 3616 oppida·

194 3661 255 3706 nos
274 3638 307 3706 io
329 3639 368 3706 iis
387 3636 467 3708 locis
486 3639 652 3710 obversari
671 3663 682 3725 3
702 3652 740 3709 ut
760 3689 771 3726 ,
792 3639 818 3708 si
839 3641 962 3708 amicus
981 3640 1147 3709 Domitius
1167 3663 1220 3708 eas

194 3757 360 3849 angustias
376 3758 548 3844 transiret,
567 3755 648 3828 nihil
663 3755 703 3826 de
721 3757 846 3827 insidiis
863 3757 1100 3851 suspicaretur,
1116 3780 1218 3850 quum

194 3871 228 3938 in
248 3871 335 3964 agris
356 3887 389 3942 et
413 3897 533 3967 pecora
557 3889 590 3944 et
612 3876 762 3946 homines
786 3874 1060 3946 animadverteret
1082 3877 1219 3962 versari,

140 4067 147 4078 ‚
193 4002 348 4084 tanquam
368 3995 549 4064 amicorum
577 3994 736 4082 adventu3
769 3998 819 4066 sin
848 4019 926 4068 vem
950 4011 989 4067 ut
1014 3999 1048 4066 in
1074 3996 1217 4067 hostium
