<?xml version="1.0" encoding="UTF-8"?>
<!DOCTYPE html PUBLIC "-//W3C//DTD XHTML 1.0 Transitional//EN"
    "http://www.w3.org/TR/xhtml1/DTD/xhtml1-transitional.dtd">
<html xmlns="http://www.w3.org/1999/xhtml" xml:lang="en" lang="en">
 <head>
  <title>
</title>
<meta http-equiv="Content-Type" content="text/html;charset=utf-8" />
  <meta name='ocr-system' content='tesseract 3.04.00' />
  <meta name='ocr-capabilities' content='ocr_page ocr_carea ocr_par ocr_line ocrx_word'/>
</head>
<body>
  <div class='ocr_page' id='page_1' title='image "./cjcaesarisopera00caesgoog_0288.png"; bbox 0 0 3062 4766; ppageno 0'>
   <div class='ocr_carea' id='block_1_1' title="bbox 246 361 961 421">
    <p class='ocr_par' dir='ltr' id='par_1_1' title="bbox 246 361 961 421">
     <span class='ocr_line' id='line_1_1' title="bbox 246 361 961 421; baseline 0.01 -7"><span class='ocrx_word' id='word_1_1' title='bbox 246 361 301 417; x_wconf 68' lang='lat'><strong>266</strong></span> <span class='ocrx_word' id='word_1_2' title='bbox 561 363 674 419; x_wconf 84' lang='lat' dir='ltr'><strong>NOTAE</strong></span> <span class='ocrx_word' id='word_1_3' title='bbox 694 366 731 421; x_wconf 80' lang='lat' dir='ltr'><strong>lu</strong></span> <span class='ocrx_word' id='word_1_4' title='bbox 754 365 902 420; x_wconf 78' lang='lat' dir='ltr'>LIBRUM</span> <span class='ocrx_word' id='word_1_5' title='bbox 922 367 961 421; x_wconf 84' lang='lat' dir='ltr'><strong>Vl</strong></span> 
     </span>
    </p>
   </div>
   <div class='ocr_carea' id='block_1_2' title="bbox 204 477 1323 2558">
    <p class='ocr_par' dir='ltr' id='par_1_2' title="bbox 204 477 1323 2558">
     <span class='ocr_line' id='line_1_2' title="bbox 243 477 1285 556; baseline 0.006 -23"><span class='ocrx_word' id='word_1_6' title='bbox 243 478 361 546; x_wconf 90' lang='lat' dir='ltr'><strong>dicitur,</strong></span> <span class='ocrx_word' id='word_1_7' title='bbox 383 478 422 532; x_wconf 82' lang='lat' dir='ltr'><strong>ait</strong></span> <span class='ocrx_word' id='word_1_8' title='bbox 443 479 546 532; x_wconf 82' lang='lat' dir='ltr'><strong>Festus.</strong></span> <span class='ocrx_word' id='word_1_9' title='bbox 572 479 654 534; x_wconf 86' lang='lat' dir='ltr'><strong>Hunc</strong></span> <span class='ocrx_word' id='word_1_10' title='bbox 678 477 822 535; x_wconf 89' lang='lat' dir='ltr'><strong>Diodorus</strong></span> <span class='ocrx_word' id='word_1_11' title='bbox 852 481 959 536; x_wconf 87' lang='lat' dir='ltr'><strong>Siculus</strong></span> <span class='ocrx_word' id='word_1_12' title='bbox 981 483 1106 556; x_wconf 77' lang='lat' dir='ltr'><strong>appellat</strong></span> <span class='ocrx_word' id='word_1_13' title='bbox 1136 477 1285 556; x_wconf 66' lang='lat' dir='ltr'><strong>lecim-et,</strong></span> 
     </span>
     <span class='ocr_line' id='line_1_3' title="bbox 242 568 1282 648; baseline 0.007 -24"><span class='ocrx_word' id='word_1_14' title='bbox 242 570 399 625; x_wconf 83' lang='lat' dir='ltr'><strong>ministmm</strong></span> <span class='ocrx_word' id='word_1_15' title='bbox 416 568 545 642; x_wconf 85' lang='lat' dir='ltr'><strong>ingenuae</strong></span> <span class='ocrx_word' id='word_1_16' title='bbox 563 569 743 624; x_wconf 86' lang='lat' dir='ltr'><strong>conditionis.</strong></span> <span class='ocrx_word' id='word_1_17' title='bbox 763 571 802 626; x_wconf 79' lang='lat' dir='ltr'><strong>Ea</strong></span> <span class='ocrx_word' id='word_1_18' title='bbox 816 589 886 626; x_wconf 84' lang='lat' dir='ltr'><strong>voce</strong></span> <span class='ocrx_word' id='word_1_19' title='bbox 899 571 1029 627; x_wconf 88' lang='lat' dir='ltr'><strong>similiter</strong></span> <span class='ocrx_word' id='word_1_20' title='bbox 1041 585 1160 630; x_wconf 83' lang='lat' dir='ltr'><strong>sonante</strong></span> <span class='ocrx_word' id='word_1_21' title='bbox 1169 587 1197 630; x_wconf 91' lang='lat' dir='ltr'><strong>et</strong></span> <span class='ocrx_word' id='word_1_22' title='bbox 1210 576 1282 648; x_wconf 85' lang='lat' dir='ltr'><strong>ejus·</strong></span> 
     </span>
     <span class='ocr_line' id='line_1_4' title="bbox 242 661 1285 735; baseline 0.009 -20"><span class='ocrx_word' id='word_1_23' title='bbox 242 661 308 716; x_wconf 89' lang='lat' dir='ltr'><strong>dem</strong></span> <span class='ocrx_word' id='word_1_24' title='bbox 327 661 444 735; x_wconf 84' lang='lat' dir='ltr'><strong>originis</strong></span> <span class='ocrx_word' id='word_1_25' title='bbox 470 671 585 716; x_wconf 89' lang='lat' dir='ltr'><strong>utuntur</strong></span> <span class='ocrx_word' id='word_1_26' title='bbox 606 661 690 716; x_wconf 81' lang='lat' dir='ltr'><strong>eriam</strong></span> <span class='ocrx_word' id='word_1_27' title='bbox 705 680 780 716; x_wconf 91' lang='lat' dir='ltr'><strong>nunc</strong></span> <span class='ocrx_word' id='word_1_28' title='bbox 799 663 915 719; x_wconf 84' lang='lat' dir='ltr'><strong>Flnndri</strong></span> <span class='ocrx_word' id='word_1_29' title='bbox 936 665 1166 735; x_wconf 73' lang='lat' dir='ltr'><strong>antioche-man,</strong></span> <span class='ocrx_word' id='word_1_30' title='bbox 1191 667 1222 723; x_wconf 86' lang='lat' dir='ltr'><strong>id</strong></span> <span class='ocrx_word' id='word_1_31' title='bbox 1243 679 1285 724; x_wconf 89' lang='lat' dir='ltr'><strong>est</strong></span> 
     </span>
     <span class='ocr_line' id='line_1_5' title="bbox 204 755 1282 832; baseline 0.006 -24"><span class='ocrx_word' id='word_1_32' title='bbox 204 830 206 832; x_wconf 15' lang='grc' dir='ltr'>Ι</span> <span class='ocrx_word' id='word_1_33' title='bbox 242 756 330 810; x_wconf 88' lang='lat' dir='ltr'><strong>homo</strong></span> <span class='ocrx_word' id='word_1_34' title='bbox 343 765 461 827; x_wconf 74' lang='lat' dir='ltr'><strong>quaestus</strong></span> <span class='ocrx_word' id='word_1_35' title='bbox 475 772 557 810; x_wconf 80' lang='lat' dir='ltr'><strong>causa</strong></span> <span class='ocrx_word' id='word_1_36' title='bbox 569 771 686 826; x_wconf 82' lang='lat' dir='ltr'><strong>operam</strong></span> <span class='ocrx_word' id='word_1_37' title='bbox 700 771 778 808; x_wconf 80' lang='lat' dir='ltr'><strong>suam</strong></span> <span class='ocrx_word' id='word_1_38' title='bbox 792 755 840 810; x_wconf 84' lang='lat' dir='ltr'><strong>alii</strong></span> <span class='ocrx_word' id='word_1_39' title='bbox 852 757 957 812; x_wconf 82' lang='lat' dir='ltr'><strong>locans.</strong></span> <span class='ocrx_word' id='word_1_40' title='bbox 977 757 1058 813; x_wconf 84' lang='lat' dir='ltr'><strong>Adde</strong></span> <span class='ocrx_word' id='word_1_41' title='bbox 1074 765 1208 831; x_wconf 83' lang='lat' dir='ltr'><strong>praete&#39;rea</strong></span> <span class='ocrx_word' id='word_1_42' title='bbox 1222 761 1282 815; x_wconf 77' lang='lat' dir='ltr'><strong>Cie-</strong></span> 
     </span>
     <span class='ocr_line' id='line_1_6' title="bbox 242 845 1282 924; baseline 0.004 -22"><span class='ocrx_word' id='word_1_43' title='bbox 242 865 333 904; x_wconf 83' lang='lat' dir='ltr'><strong>sarem</strong></span> <span class='ocrx_word' id='word_1_44' title='bbox 351 847 458 920; x_wconf 89' lang='lat' dir='ltr'><strong>ipsum,</strong></span> <span class='ocrx_word' id='word_1_45' title='bbox 476 846 524 920; x_wconf 91' lang='lat' dir='ltr'><strong>qui</strong></span> <span class='ocrx_word' id='word_1_46' title='bbox 539 846 599 901; x_wconf 84' lang='lat' dir='ltr'><strong>haec</strong></span> <span class='ocrx_word' id='word_1_47' title='bbox 617 845 675 900; x_wconf 92' lang='lat' dir='ltr'><strong>duo</strong></span> <span class='ocrx_word' id='word_1_48' title='bbox 692 847 809 902; x_wconf 82' lang='lat' dir='ltr'><strong>nomina</strong></span> <span class='ocrx_word' id='word_1_49' title='bbox 825 849 971 908; x_wconf 79' lang='lat' dir='ltr'><strong>ambactos</strong></span> <span class='ocrx_word' id='word_1_50' title='bbox 984 850 1151 924; x_wconf 81' lang='lat' dir='ltr'><strong>clientesque</strong></span> <span class='ocrx_word' id='word_1_51' title='bbox 1164 851 1201 905; x_wconf 81' lang='lat' dir='ltr'><strong>ita</strong></span> <span class='ocrx_word' id='word_1_52' title='bbox 1212 851 1282 924; x_wconf 87' lang='lat' dir='ltr'><strong>jun-</strong></span> 
     </span>
     <span class='ocr_line' id='line_1_7' title="bbox 242 938 1284 1013; baseline 0.003 -18"><span class='ocrx_word' id='word_1_53' title='bbox 242 939 296 1013; x_wconf 84' lang='lat' dir='ltr'><strong>git,</strong></span> <span class='ocrx_word' id='word_1_54' title='bbox 307 949 337 994; x_wconf 90' lang='lat' dir='ltr'><strong>ut</strong></span> <span class='ocrx_word' id='word_1_55' title='bbox 351 940 469 994; x_wconf 74' lang='lat' dir='ltr'><strong>alterium</strong></span> <span class='ocrx_word' id='word_1_56' title='bbox 482 948 553 994; x_wconf 83' lang='lat' dir='ltr'><strong>esset</strong></span> <span class='ocrx_word' id='word_1_57' title='bbox 570 938 766 1013; x_wconf 70' lang='lat' dir='ltr'><strong>interpretatio</strong></span> <span class='ocrx_word' id='word_1_58' title='bbox 775 939 861 995; x_wconf 82' lang='lat' dir='ltr'><strong>latina</strong></span> <span class='ocrx_word' id='word_1_59' title='bbox 874 939 987 995; x_wconf 82' lang='lat' dir='ltr'><strong>alterius</strong></span> <span class='ocrx_word' id='word_1_60' title='bbox 1001 940 1078 996; x_wconf 82' lang='lat' dir='ltr'><strong>vocis</strong></span> <span class='ocrx_word' id='word_1_61' title='bbox 1091 942 1203 998; x_wconf 75' lang='lat' dir='ltr'><strong>celtice.</strong></span> <span class='ocrx_word' id='word_1_62' title='bbox 1214 946 1284 998; x_wconf 83' lang='lat' dir='ltr'><strong>Am-</strong></span> 
     </span>
     <span class='ocr_line' id='line_1_8' title="bbox 241 1030 1283 1104; baseline 0.005 -18"><span class='ocrx_word' id='word_1_63' title='bbox 241 1033 354 1088; x_wconf 86' lang='lat' dir='ltr'><strong>bactum</strong></span> <span class='ocrx_word' id='word_1_64' title='bbox 376 1030 460 1104; x_wconf 83' lang='lat' dir='ltr'><strong>igitur</strong></span> <span class='ocrx_word' id='word_1_65' title='bbox 484 1030 656 1104; x_wconf 89' lang='lat' dir='ltr'><strong>interpretor</strong></span> <span class='ocrx_word' id='word_1_66' title='bbox 679 1049 738 1086; x_wconf 90' lang='lat' dir='ltr'><strong>non</strong></span> <span class='ocrx_word' id='word_1_67' title='bbox 763 1049 886 1100; x_wconf 82' lang='lat' dir='ltr'><strong>servum,</strong></span> <span class='ocrx_word' id='word_1_68' title='bbox 909 1049 968 1086; x_wconf 90' lang='lat' dir='ltr'><strong>non</strong></span> <span class='ocrx_word' id='word_1_69' title='bbox 988 1033 1209 1102; x_wconf 81' lang='lat' dir='ltr'><strong>mercenarium,</strong></span> <span class='ocrx_word' id='word_1_70' title='bbox 1233 1035 1283 1092; x_wconf 87' lang='lat' dir='ltr'><strong>sed</strong></span> 
     </span>
     <span class='ocr_line' id='line_1_9' title="bbox 242 1122 1283 1197; baseline 0.003 -18"><span class='ocrx_word' id='word_1_71' title='bbox 242 1124 414 1190; x_wconf 75' lang='lat' dir='ltr'><strong>ministriun,</strong></span> <span class='ocrx_word' id='word_1_72' title='bbox 426 1122 568 1177; x_wconf 82' lang='lat' dir='ltr'><strong>assiduum</strong></span> <span class='ocrx_word' id='word_1_73' title='bbox 581 1122 726 1191; x_wconf 89' lang='lat' dir='ltr'><strong>comitem,</strong></span> <span class='ocrx_word' id='word_1_74' title='bbox 743 1133 773 1178; x_wconf 93' lang='lat' dir='ltr'><strong>ut</strong></span> <span class='ocrx_word' id='word_1_75' title='bbox 786 1133 851 1178; x_wconf 88' lang='lat' dir='ltr'><strong>sunt</strong></span> <span class='ocrx_word' id='word_1_76' title='bbox 864 1124 939 1196; x_wconf 84' lang='lat' dir='ltr'><strong>apud</strong></span> <span class='ocrx_word' id='word_1_77' title='bbox 955 1135 1098 1197; x_wconf 83' lang='lat' dir='ltr'><strong>magnates</strong></span> <span class='ocrx_word' id='word_1_78' title='bbox 1111 1137 1224 1181; x_wconf 89' lang='lat' dir='ltr'><strong>nostros</strong></span> <span class='ocrx_word' id='word_1_79' title='bbox 1242 1130 1283 1183; x_wconf 84' lang='lat' dir='ltr'><strong>les</strong></span> 
     </span>
     <span class='ocr_line' id='line_1_10' title="bbox 243 1213 1280 1292; baseline 0.002 -22"><span class='ocrx_word' id='word_1_80' title='bbox 243 1213 361 1289; x_wconf 72' lang='lat' dir='ltr'><strong>officiens</strong></span> <span class='ocrx_word' id='word_1_81' title='bbox 379 1214 504 1269; x_wconf 70' lang='lat' dir='ltr'><strong>uelociter</strong></span> <span class='ocrx_word' id='word_1_82' title='bbox 521 1213 540 1267; x_wconf 87' lang='grc' dir='ltr'><em>ὰ</em></span> <span class='ocrx_word' id='word_1_83' title='bbox 561 1217 592 1268; x_wconf 88' lang='lat' dir='ltr'><strong>la</strong></span> <span class='ocrx_word' id='word_1_84' title='bbox 609 1216 733 1284; x_wconf 81' lang='lat' dir='ltr'><strong>maison,</strong></span> <span class='ocrx_word' id='word_1_85' title='bbox 750 1217 791 1270; x_wconf 85' lang='lat' dir='ltr'><strong>les</strong></span> <span class='ocrx_word' id='word_1_86' title='bbox 809 1217 933 1284; x_wconf 75' lang='lat' dir='ltr'><strong>ecuyerr,</strong></span> <span class='ocrx_word' id='word_1_87' title='bbox 954 1217 995 1270; x_wconf 89' lang='lat' dir='ltr'><strong>les</strong></span> <span class='ocrx_word' id='word_1_88' title='bbox 1007 1235 1121 1291; x_wconf 80' lang='lat' dir='ltr'><strong>puger,</strong></span> <span class='ocrx_word' id='word_1_89' title='bbox 1141 1220 1182 1272; x_wconf 86' lang='lat' dir='ltr'><strong>les</strong></span> <span class='ocrx_word' id='word_1_90' title='bbox 1195 1219 1280 1292; x_wconf 74' lang='lat' dir='ltr'><strong>pnn-</strong></span> 
     </span>
     <span class='ocr_line' id='line_1_11' title="bbox 242 1305 1281 1382; baseline 0.004 -22"><span class='ocrx_word' id='word_1_91' title='bbox 242 1308 350 1380; x_wconf 75' lang='lat' dir='ltr'><strong>cipaux</strong></span> <span class='ocrx_word' id='word_1_92' title='bbox 361 1307 543 1380; x_wconf 84' lang='lat' dir='ltr'><strong>domestiques</strong></span> <span class='ocrx_word' id='word_1_93' title='bbox 560 1305 579 1359; x_wconf 83' lang='grc' dir='ltr'><em>ὰ</em></span> <span class='ocrx_word' id='word_1_94' title='bbox 593 1324 684 1382; x_wconf 75' lang='lat' dir='ltr'><strong>gagen</strong></span> <span class='ocrx_word' id='word_1_95' title='bbox 699 1308 750 1381; x_wconf 86' lang='lat' dir='ltr'><strong>qui</strong></span> <span class='ocrx_word' id='word_1_96' title='bbox 761 1325 797 1362; x_wconf 89' lang='lat' dir='ltr'><strong>ne</strong></span> <span class='ocrx_word' id='word_1_97' title='bbox 804 1319 919 1381; x_wconf 81' lang='lat' dir='ltr'><strong>portent</strong></span> <span class='ocrx_word' id='word_1_98' title='bbox 925 1309 1011 1382; x_wconf 81' lang='lat' dir='ltr'><strong>point</strong></span> <span class='ocrx_word' id='word_1_99' title='bbox 1021 1309 1111 1364; x_wconf 56' lang='lat' dir='ltr'><strong>livide.</strong></span> <span class='ocrx_word' id='word_1_100' title='bbox 1127 1311 1160 1363; x_wconf 94' lang='lat' dir='ltr'><strong>In</strong></span> <span class='ocrx_word' id='word_1_101' title='bbox 1175 1327 1210 1363; x_wconf 88' lang='lat' dir='ltr'><strong>eo</strong></span> <span class='ocrx_word' id='word_1_102' title='bbox 1222 1309 1281 1364; x_wconf 85' lang='lat' dir='ltr'><strong>dit-</strong></span> 
     </span>
     <span class='ocr_line' id='line_1_12' title="bbox 243 1398 1281 1474; baseline 0.004 -20"><span class='ocrx_word' id='word_1_103' title='bbox 243 1399 334 1455; x_wconf 82' lang='lat' dir='ltr'><strong>ierunt</strong></span> <span class='ocrx_word' id='word_1_104' title='bbox 346 1417 362 1456; x_wconf 81' lang='lat' dir='ltr'><strong>n</strong></span> <span class='ocrx_word' id='word_1_105' title='bbox 375 1399 524 1454; x_wconf 86' lang='lat' dir='ltr'><strong>clientibus</strong></span> <span class='ocrx_word' id='word_1_106' title='bbox 536 1399 673 1467; x_wconf 83' lang='lat' dir='ltr'><strong>romanis,</strong></span> <span class='ocrx_word' id='word_1_107' title='bbox 687 1399 764 1472; x_wconf 92' lang='lat' dir='ltr'><strong>quod</strong></span> <span class='ocrx_word' id='word_1_108' title='bbox 776 1398 933 1454; x_wconf 84' lang='lat' dir='ltr'><strong>mercedem</strong></span> <span class='ocrx_word' id='word_1_109' title='bbox 948 1399 1065 1473; x_wconf 79' lang='lat' dir='ltr'><strong>aliquem</strong></span> <span class='ocrx_word' id='word_1_110' title='bbox 1075 1415 1131 1470; x_wconf 89' lang='lat' dir='ltr'><strong>pro</strong></span> <span class='ocrx_word' id='word_1_111' title='bbox 1140 1419 1188 1456; x_wconf 82' lang='lat' dir='ltr'><strong>sua</strong></span> <span class='ocrx_word' id='word_1_112' title='bbox 1196 1419 1281 1474; x_wconf 82' lang='lat' dir='ltr'><strong>opera</strong></span> 
     </span>
     <span class='ocr_line' id='line_1_13' title="bbox 242 1475 1282 1565; baseline 0.002 -18"><span class='ocrx_word' id='word_1_113' title='bbox 242 1493 414 1565; x_wconf 76' lang='lat' dir='ltr'><strong>recipiunt.»</strong></span> <span class='ocrx_word' id='word_1_114' title='bbox 430 1493 473 1547; x_wconf 83' lang='lat' dir='ltr'><strong>lta</strong></span> <span class='ocrx_word' id='word_1_115' title='bbox 488 1491 546 1546; x_wconf 83' lang='lat' dir='ltr'><strong>iere</strong></span> <span class='ocrx_word' id='word_1_116' title='bbox 562 1475 727 1560; x_wconf 77' lang='lat' dir='ltr'><strong>Obeilinus,</strong></span> <span class='ocrx_word' id='word_1_117' title='bbox 740 1491 784 1546; x_wconf 88' lang='lat' dir='ltr'><strong>eui</strong></span> <span class='ocrx_word' id='word_1_118' title='bbox 799 1490 938 1564; x_wconf 75' lang='lat' dir='ltr'><strong>suffragor</strong></span> <span class='ocrx_word' id='word_1_119' title='bbox 955 1492 1050 1564; x_wconf 83' lang='lat' dir='ltr'><strong>quoad</strong></span> <span class='ocrx_word' id='word_1_120' title='bbox 1064 1509 1175 1547; x_wconf 86' lang='lat' dir='ltr'><strong>sensum</strong></span> <span class='ocrx_word' id='word_1_121' title='bbox 1192 1495 1282 1563; x_wconf 85' lang='lat' dir='ltr'><strong>vocis,</strong></span> 
     </span>
     <span class='ocr_line' id='line_1_14' title="bbox 242 1583 1280 1658; baseline 0.002 -19"><span class='ocrx_word' id='word_1_122' title='bbox 242 1603 302 1640; x_wconf 88' lang='lat' dir='ltr'><strong>uon</strong></span> <span class='ocrx_word' id='word_1_123' title='bbox 317 1593 410 1640; x_wconf 80' lang='lat' dir='ltr'><strong>autem</strong></span> <span class='ocrx_word' id='word_1_124' title='bbox 425 1583 519 1657; x_wconf 83' lang='lat' dir='ltr'><strong>quoad</strong></span> <span class='ocrx_word' id='word_1_125' title='bbox 533 1583 748 1658; x_wconf 70' lang='lat' dir='ltr'><strong>etymologiam</strong></span> <span class='ocrx_word' id='word_1_126' title='bbox 761 1583 790 1637; x_wconf 90' lang='lat' dir='ltr'><strong>in</strong></span> <span class='ocrx_word' id='word_1_127' title='bbox 805 1583 857 1638; x_wconf 84' lang='lat' dir='ltr'><strong>hac</strong></span> <span class='ocrx_word' id='word_1_128' title='bbox 870 1583 945 1638; x_wconf 88' lang='lat' dir='ltr'><strong>enim</strong></span> <span class='ocrx_word' id='word_1_129' title='bbox 958 1583 1030 1639; x_wconf 86' lang='lat' dir='ltr'><strong>nihil</strong></span> <span class='ocrx_word' id='word_1_130' title='bbox 1043 1587 1134 1640; x_wconf 82' lang='lat' dir='ltr'><strong>adhuc</strong></span> <span class='ocrx_word' id='word_1_131' title='bbox 1143 1586 1280 1641; x_wconf 87' lang='lat' dir='ltr'><strong>celticum.</strong></span> 
     </span>
     <span class='ocr_line' id='line_1_15' title="bbox 244 1674 1281 1756; baseline 0 -26"><span class='ocrx_word' id='word_1_132' title='bbox 244 1675 394 1730; x_wconf 83' lang='lat' dir='ltr'><strong>Ambactur</strong></span> <span class='ocrx_word' id='word_1_133' title='bbox 416 1695 475 1731; x_wconf 83' lang='lat' dir='ltr'><strong>vox</strong></span> <span class='ocrx_word' id='word_1_134' title='bbox 487 1685 529 1730; x_wconf 88' lang='lat' dir='ltr'><strong>est</strong></span> <span class='ocrx_word' id='word_1_135' title='bbox 547 1693 625 1731; x_wconf 87' lang='lat' dir='ltr'><strong>mere</strong></span> <span class='ocrx_word' id='word_1_136' title='bbox 639 1675 738 1743; x_wconf 83' lang='lat' dir='ltr'><strong>latine,</strong></span> <span class='ocrx_word' id='word_1_137' title='bbox 755 1674 923 1748; x_wconf 79' lang='lat' dir='ltr'><strong>cornpositn,</strong></span> <span class='ocrx_word' id='word_1_138' title='bbox 938 1686 971 1730; x_wconf 92' lang='lat' dir='ltr'><strong>ut</strong></span> <span class='ocrx_word' id='word_1_139' title='bbox 988 1677 1115 1756; x_wconf 76' lang='lat' dir='ltr'><strong>ambigo,</strong></span> <span class='ocrx_word' id='word_1_140' title='bbox 1137 1695 1171 1732; x_wconf 87' lang='lat' dir='ltr'><strong>ex</strong></span> <span class='ocrx_word' id='word_1_141' title='bbox 1184 1679 1281 1746; x_wconf 54' lang='lat' dir='ltr'><strong>omi,</strong></span> 
     </span>
     <span class='ocr_line' id='line_1_16' title="bbox 242 1767 1280 1843; baseline -0.001 -20"><span class='ocrx_word' id='word_1_142' title='bbox 242 1786 296 1842; x_wconf 91' lang='lat' dir='ltr'><strong>pro</strong></span> <span class='ocrx_word' id='word_1_143' title='bbox 308 1786 387 1837; x_wconf 78' lang='lat' dir='ltr'><strong>arn-‚</strong></span> <span class='ocrx_word' id='word_1_144' title='bbox 398 1777 462 1825; x_wconf 82' lang='lat' dir='ltr'><strong>ante</strong></span> <span class='ocrx_word' id='word_1_145' title='bbox 479 1767 621 1834; x_wconf 81' lang='lat' dir='ltr'><strong>vocalem,</strong></span> <span class='ocrx_word' id='word_1_146' title='bbox 636 1767 754 1836; x_wconf 70' lang='lat' dir='ltr'><strong>creon,</strong></span> <span class='ocrx_word' id='word_1_147' title='bbox 769 1777 797 1822; x_wconf 86' lang='lat' dir='ltr'><strong>et</strong></span> <span class='ocrx_word' id='word_1_148' title='bbox 813 1779 891 1823; x_wconf 69' lang='lat' dir='ltr'><strong>acuis</strong></span> <span class='ocrx_word' id='word_1_149' title='bbox 902 1768 940 1823; x_wconf 83' lang='lat' dir='ltr'><strong>ab</strong></span> <span class='ocrx_word' id='word_1_150' title='bbox 953 1787 1023 1843; x_wconf 79' lang='lat' dir='ltr'><strong>ago,</strong></span> <span class='ocrx_word' id='word_1_151' title='bbox 1038 1768 1087 1841; x_wconf 89' lang='lat' dir='ltr'><strong>qui</strong></span> <span class='ocrx_word' id='word_1_152' title='bbox 1102 1769 1159 1841; x_wconf 79' lang='lat' dir='ltr'><strong>egit</strong></span> <span class='ocrx_word' id='word_1_153' title='bbox 1175 1771 1220 1824; x_wconf 87' lang='lat' dir='ltr'><strong>vel</strong></span> <span class='ocrx_word' id='word_1_154' title='bbox 1236 1770 1280 1824; x_wconf 90' lang='lat' dir='ltr'><strong>cui</strong></span> 
     </span>
     <span class='ocr_line' id='line_1_17' title="bbox 241 1858 1278 1934; baseline -0.001 -20"><span class='ocrx_word' id='word_1_155' title='bbox 241 1869 317 1915; x_wconf 85' lang='lat' dir='ltr'><strong>actus</strong></span> <span class='ocrx_word' id='word_1_156' title='bbox 327 1869 367 1915; x_wconf 84' lang='lat' dir='ltr'><strong>est</strong></span> <span class='ocrx_word' id='word_1_157' title='bbox 376 1859 481 1914; x_wconf 86' lang='lat' dir='ltr'><strong>circum</strong></span> <span class='ocrx_word' id='word_1_158' title='bbox 491 1869 640 1932; x_wconf 85' lang='lat' dir='ltr'><strong>patronum</strong></span> <span class='ocrx_word' id='word_1_159' title='bbox 648 1858 679 1912; x_wconf 91' lang='lat' dir='ltr'><strong>in</strong></span> <span class='ocrx_word' id='word_1_160' title='bbox 689 1858 776 1914; x_wconf 89' lang='lat' dir='ltr'><strong>domo</strong></span> <span class='ocrx_word' id='word_1_161' title='bbox 795 1859 869 1930; x_wconf 84' lang='lat' dir='ltr'><strong>ejus,</strong></span> <span class='ocrx_word' id='word_1_162' title='bbox 882 1859 1056 1933; x_wconf 82' lang='lat' dir='ltr'><strong>gallice,qui</strong></span> <span class='ocrx_word' id='word_1_163' title='bbox 1066 1879 1085 1913; x_wconf 90' lang='grc' dir='ltr'><em>α</em></span> <span class='ocrx_word' id='word_1_164' title='bbox 1095 1877 1149 1914; x_wconf 85' lang='lat' dir='ltr'><strong>une</strong></span> <span class='ocrx_word' id='word_1_165' title='bbox 1161 1859 1278 1934; x_wconf 76' lang='lat' dir='ltr'><strong>charge,</strong></span> 
     </span>
     <span class='ocr_line' id='line_1_18' title="bbox 241 1949 1281 2025; baseline 0.001 -21"><span class='ocrx_word' id='word_1_166' title='bbox 241 1952 290 2024; x_wconf 83' lang='lat' dir='ltr'><strong>qui</strong></span> <span class='ocrx_word' id='word_1_167' title='bbox 311 1963 354 2006; x_wconf 82' lang='lat' dir='ltr'><strong>est</strong></span> <span class='ocrx_word' id='word_1_168' title='bbox 371 1950 479 2025; x_wconf 72' lang='lat' dir='ltr'><strong>charge</strong></span> <span class='ocrx_word' id='word_1_169' title='bbox 497 1951 534 2004; x_wconf 87' lang='lat' dir='ltr'><strong>de</strong></span> <span class='ocrx_word' id='word_1_170' title='bbox 556 1952 676 2024; x_wconf 81' lang='lat' dir='ltr'><strong>quelque</strong></span> <span class='ocrx_word' id='word_1_171' title='bbox 689 1949 823 2020; x_wconf 78' lang='lat' dir='ltr'><strong>fhnction</strong></span> <span class='ocrx_word' id='word_1_172' title='bbox 837 1962 937 2005; x_wconf 77' lang='lat' dir='ltr'><strong>auteur</strong></span> <span class='ocrx_word' id='word_1_173' title='bbox 956 1951 1022 2004; x_wconf 86' lang='lat' dir='ltr'><strong>d&#39;un</strong></span> <span class='ocrx_word' id='word_1_174' title='bbox 1038 1963 1141 2024; x_wconf 74' lang='lat' dir='ltr'><strong>paeon</strong></span> <span class='ocrx_word' id='word_1_175' title='bbox 1154 1952 1228 2005; x_wconf 80' lang='lat' dir='ltr'><strong>dans</strong></span> <span class='ocrx_word' id='word_1_176' title='bbox 1245 1970 1281 2005; x_wconf 82' lang='lat' dir='ltr'><strong>sa</strong></span> 
     </span>
     <span class='ocr_line' id='line_1_19' title="bbox 240 2042 1282 2118; baseline 0 -22"><span class='ocrx_word' id='word_1_177' title='bbox 240 2043 356 2097; x_wconf 77' lang='lat' dir='ltr'><strong>oraison.</strong></span> <span class='ocrx_word' id='word_1_178' title='bbox 375 2042 540 2115; x_wconf 83' lang='lat' dir='ltr'><strong>Respondet</strong></span> <span class='ocrx_word' id='word_1_179' title='bbox 556 2042 641 2116; x_wconf 86' lang='lat' dir='ltr'><strong>igitur</strong></span> <span class='ocrx_word' id='word_1_180' title='bbox 653 2042 718 2098; x_wconf 85' lang='lat' dir='ltr'><strong>voci</strong></span> <span class='ocrx_word' id='word_1_181' title='bbox 730 2053 833 2097; x_wconf 84' lang='lat' dir='ltr'><strong>nostrae</strong></span> <span class='ocrx_word' id='word_1_182' title='bbox 846 2045 950 2102; x_wconf 70' lang='lat' dir='ltr'><strong>casseu</strong></span> <span class='ocrx_word' id='word_1_183' title='bbox 966 2059 1020 2115; x_wconf 86' lang='lat' dir='ltr'><strong>pro</strong></span> <span class='ocrx_word' id='word_1_184' title='bbox 1036 2061 1092 2118; x_wconf 76' lang='lat' dir='ltr'><strong>gos</strong></span> <span class='ocrx_word' id='word_1_185' title='bbox 1107 2043 1153 2098; x_wconf 79' lang='lat' dir='ltr'><strong>vel</strong></span> <span class='ocrx_word' id='word_1_186' title='bbox 1168 2061 1236 2116; x_wconf 75' lang='lat' dir='ltr'><strong>goes</strong></span> <span class='ocrx_word' id='word_1_187' title='bbox 1245 2044 1282 2096; x_wconf 82' lang='lat' dir='ltr'><strong>de</strong></span> 
     </span>
     <span class='ocr_line' id='line_1_20' title="bbox 242 2132 1281 2208; baseline 0.001 -21"><span class='ocrx_word' id='word_1_188' title='bbox 242 2137 272 2188; x_wconf 86' lang='lat' dir='ltr'><strong>la</strong></span> <span class='ocrx_word' id='word_1_189' title='bbox 290 2137 380 2201; x_wconf 84' lang='lat' dir='ltr'><strong>salle,</strong></span> <span class='ocrx_word' id='word_1_190' title='bbox 400 2152 437 2188; x_wconf 94' lang='lat' dir='ltr'><strong>ou</strong></span> <span class='ocrx_word' id='word_1_191' title='bbox 459 2132 572 2188; x_wconf 81' lang='lat' dir='ltr'><strong>monoir</strong></span> <span class='ocrx_word' id='word_1_192' title='bbox 587 2134 774 2208; x_wconf 75' lang='lat' dir='ltr'><strong>seigneurial,</strong></span> <span class='ocrx_word' id='word_1_193' title='bbox 791 2152 896 2206; x_wconf 80' lang='lat' dir='ltr'><strong>exque</strong></span> <span class='ocrx_word' id='word_1_194' title='bbox 917 2133 1115 2188; x_wconf 81' lang='lat' dir='ltr'><strong>diminutivum</strong></span> <span class='ocrx_word' id='word_1_195' title='bbox 1132 2137 1214 2189; x_wconf 84' lang='lat' dir='ltr'><strong>volet</strong></span> <span class='ocrx_word' id='word_1_196' title='bbox 1227 2152 1281 2206; x_wconf 92' lang='lat' dir='ltr'><strong>pro</strong></span> 
     </span>
     <span class='ocr_line' id='line_1_21' title="bbox 242 2223 1282 2299; baseline -0.001 -18"><span class='ocrx_word' id='word_1_197' title='bbox 242 2229 371 2282; x_wconf 82' lang='lat' dir='ltr'><strong>vassolet</strong></span> <span class='ocrx_word' id='word_1_198' title='bbox 377 2265 387 2293; x_wconf 92' lang='lat'>‚</span> <span class='ocrx_word' id='word_1_199' title='bbox 398 2226 592 2281; x_wconf 83' lang='lat' dir='ltr'><strong>contractione</strong></span> <span class='ocrx_word' id='word_1_200' title='bbox 601 2225 752 2281; x_wconf 79' lang='lat' dir='ltr'><strong>formatum</strong></span> <span class='ocrx_word' id='word_1_201' title='bbox 761 2235 810 2282; x_wconf 77' lang='lat' dir='ltr'><strong>eet.</strong></span> <span class='ocrx_word' id='word_1_202' title='bbox 821 2226 904 2299; x_wconf 83' lang='lat' dir='ltr'><strong>Apud</strong></span> <span class='ocrx_word' id='word_1_203' title='bbox 921 2227 957 2280; x_wconf 92' lang='lat' dir='ltr'><strong>D.</strong></span> <span class='ocrx_word' id='word_1_204' title='bbox 966 2224 1098 2278; x_wconf 87' lang='lat' dir='ltr'><strong>Mionnet</strong></span> <span class='ocrx_word' id='word_1_205' title='bbox 1106 2235 1142 2293; x_wconf 82' lang='lat' dir='ltr'><strong>,t</strong></span> <span class='ocrx_word' id='word_1_206' title='bbox 1154 2244 1165 2278; x_wconf 89' lang='lat'>1</span> <span class='ocrx_word' id='word_1_207' title='bbox 1175 2245 1218 2298; x_wconf 89' lang='lat' dir='ltr'><strong>,p.</strong></span> <span class='ocrx_word' id='word_1_208' title='bbox 1231 2223 1282 2294; x_wconf 75' lang='lat'><strong>85,</strong></span> 
     </span>
     <span class='ocr_line' id='line_1_22' title="bbox 242 2315 1323 2390; baseline -0.002 -17"><span class='ocrx_word' id='word_1_209' title='bbox 242 2328 332 2374; x_wconf 83' lang='lat' dir='ltr'><strong>exstet</strong></span> <span class='ocrx_word' id='word_1_210' title='bbox 351 2333 481 2372; x_wconf 87' lang='lat' dir='ltr'><strong>nummus</strong></span> <span class='ocrx_word' id='word_1_211' title='bbox 498 2316 574 2388; x_wconf 84' lang='lat' dir='ltr'><strong>eujus</strong></span> <span class='ocrx_word' id='word_1_212' title='bbox 585 2334 650 2388; x_wconf 80' lang='lat' dir='ltr'><strong>pars</strong></span> <span class='ocrx_word' id='word_1_213' title='bbox 672 2317 763 2372; x_wconf 77' lang='lat' dir='ltr'><strong>antica</strong></span> <span class='ocrx_word' id='word_1_214' title='bbox 777 2317 860 2372; x_wconf 81' lang='lat' dir='ltr'><strong>offert</strong></span> <span class='ocrx_word' id='word_1_215' title='bbox 873 2315 994 2390; x_wconf 82' lang='lat' dir='ltr'><strong>aquilam</strong></span> <span class='ocrx_word' id='word_1_216' title='bbox 1013 2315 1042 2369; x_wconf 90' lang='lat' dir='ltr'><strong>in</strong></span> <span class='ocrx_word' id='word_1_217' title='bbox 1057 2315 1152 2369; x_wconf 90' lang='lat' dir='ltr'><strong>medio</strong></span> <span class='ocrx_word' id='word_1_218' title='bbox 1170 2333 1281 2371; x_wconf 83' lang='lat' dir='ltr'><strong>eoronae</strong></span> <span class='ocrx_word' id='word_1_219' title='bbox 1320 2377 1323 2384; x_wconf 55' lang='grc'><strong><em>,</em></strong></span> 
     </span>
     <span class='ocr_line' id='line_1_23' title="bbox 243 2405 1282 2481; baseline -0.002 -17"><span class='ocrx_word' id='word_1_220' title='bbox 243 2412 342 2466; x_wconf 81' lang='lat' dir='ltr'><strong>laureae</strong></span> <span class='ocrx_word' id='word_1_221' title='bbox 358 2411 516 2476; x_wconf 83' lang='lat' dir='ltr'><strong>volantem,</strong></span> <span class='ocrx_word' id='word_1_222' title='bbox 534 2407 642 2481; x_wconf 83' lang='lat' dir='ltr'><strong>postica</strong></span> <span class='ocrx_word' id='word_1_223' title='bbox 657 2425 725 2462; x_wconf 81' lang='lat' dir='ltr'><strong>vero</strong></span> <span class='ocrx_word' id='word_1_224' title='bbox 741 2406 823 2463; x_wconf 81' lang='lat' dir='ltr'><strong>bovis</strong></span> <span class='ocrx_word' id='word_1_225' title='bbox 843 2416 926 2480; x_wconf 77' lang='lat' dir='ltr'><strong>caput</strong></span> <span class='ocrx_word' id='word_1_226' title='bbox 950 2424 1013 2462; x_wconf 86' lang='lat' dir='ltr'><strong>eum</strong></span> <span class='ocrx_word' id='word_1_227' title='bbox 1038 2405 1191 2480; x_wconf 82' lang='lat' dir='ltr'><strong>epigraphe</strong></span> <span class='ocrx_word' id='word_1_228' title='bbox 1211 2409 1282 2462; x_wconf 84' lang='grc' dir='ltr'><strong>ΔΜ-</strong></span> 
     </span>
     <span class='ocr_line' id='line_1_24' title="bbox 241 2501 388 2558; baseline -0.007 -3"><span class='ocrx_word' id='word_1_229' title='bbox 241 2501 388 2558; x_wconf 82' lang='lat' dir='ltr'><strong>ltACTVS.</strong></span> 
     </span>
    </p>
   </div>
   <div class='ocr_carea' id='block_1_3' title="bbox 240 2638 1281 2991">
    <p class='ocr_par' dir='ltr' id='par_1_3' title="bbox 240 2638 1281 2991">
     <span class='ocr_line' id='line_1_25' title="bbox 281 2638 1281 2712; baseline -0.006 -13"><span class='ocrx_word' id='word_1_230' title='bbox 281 2646 344 2699; x_wconf 73' lang='lat' dir='ltr'><strong>Cir.</strong></span> <span class='ocrx_word' id='word_1_231' title='bbox 361 2643 449 2698; x_wconf 88' lang='lat' dir='ltr'>XVII.</span> <span class='ocrx_word' id='word_1_232' title='bbox 471 2642 651 2696; x_wconf 76' lang='lat' dir='ltr'><strong>Mercurium.</strong></span> <span class='ocrx_word' id='word_1_233' title='bbox 670 2639 724 2696; x_wconf 88' lang='lat' dir='ltr'><strong>Alii</strong></span> <span class='ocrx_word' id='word_1_234' title='bbox 742 2641 886 2694; x_wconf 84' lang='lat' dir='ltr'><strong>Teutatem</strong></span> <span class='ocrx_word' id='word_1_235' title='bbox 899 2639 1041 2712; x_wconf 79' lang='lat' dir='ltr'><strong>appellant</strong></span> <span class='ocrx_word' id='word_1_236' title='bbox 1063 2638 1178 2693; x_wconf 88' lang='lat' dir='ltr'><strong>nomine</strong></span> <span class='ocrx_word' id='word_1_237' title='bbox 1193 2639 1281 2694; x_wconf 83' lang='lat' dir='ltr'><strong>Gallis</strong></span> 
     </span>
     <span class='ocr_line' id='line_1_26' title="bbox 240 2727 1281 2810; baseline -0.008 -19"><span class='ocrx_word' id='word_1_238' title='bbox 240 2735 387 2810; x_wconf 77' lang='lat' dir='ltr'><strong>peculiari,</strong></span> <span class='ocrx_word' id='word_1_239' title='bbox 410 2753 427 2790; x_wconf 86' lang='lat' dir='ltr'>a</span> <span class='ocrx_word' id='word_1_240' title='bbox 451 2751 541 2808; x_wconf 73' lang='lat' dir='ltr'><strong>graeco</strong></span> <span class='ocrx_word' id='word_1_241' title='bbox 564 2729 714 2800; x_wconf 75' lang='lat' dir='ltr'><strong>deicerer,</strong></span> <span class='ocrx_word' id='word_1_242' title='bbox 738 2731 848 2805; x_wconf 77' lang='lat' dir='ltr'><strong>gauloe,</strong></span> <span class='ocrx_word' id='word_1_243' title='bbox 873 2731 1002 2785; x_wconf 75' lang='lat' dir='ltr'><strong>deirsime</strong></span> <span class='ocrx_word' id='word_1_244' title='bbox 1027 2727 1067 2806; x_wconf 88' lang='lat' dir='ltr'><strong>(si</strong></span> <span class='ocrx_word' id='word_1_245' title='bbox 1084 2729 1148 2784; x_wconf 88' lang='lat' dir='ltr'><strong>licet</strong></span> <span class='ocrx_word' id='word_1_246' title='bbox 1165 2729 1205 2784; x_wconf 91' lang='lat' dir='ltr'><strong>uti</strong></span> <span class='ocrx_word' id='word_1_247' title='bbox 1226 2730 1281 2784; x_wconf 91' lang='lat' dir='ltr'><strong>hoc</strong></span> 
     </span>
     <span class='ocr_line' id='line_1_27' title="bbox 240 2821 1280 2904; baseline -0.005 -24"><span class='ocrx_word' id='word_1_248' title='bbox 240 2827 355 2904; x_wconf 84' lang='lat' dir='ltr'><strong>verbo),</strong></span> <span class='ocrx_word' id='word_1_249' title='bbox 377 2827 515 2882; x_wconf 75' lang='lat' dir='ltr'><strong>maximus</strong></span> <span class='ocrx_word' id='word_1_250' title='bbox 532 2827 616 2894; x_wconf 88' lang='lat' dir='ltr'><strong>deus,</strong></span> <span class='ocrx_word' id='word_1_251' title='bbox 629 2836 660 2881; x_wconf 92' lang='lat' dir='ltr'><strong>ut</strong></span> <span class='ocrx_word' id='word_1_252' title='bbox 669 2825 708 2880; x_wconf 85' lang='lat' dir='ltr'><strong>ait</strong></span> <span class='ocrx_word' id='word_1_253' title='bbox 724 2826 823 2880; x_wconf 80' lang='lat' dir='ltr'><strong>Caesar.</strong></span> <span class='ocrx_word' id='word_1_254' title='bbox 838 2824 912 2878; x_wconf 82' lang='lat' dir='ltr'><strong>Male</strong></span> <span class='ocrx_word' id='word_1_255' title='bbox 921 2823 1006 2898; x_wconf 82' lang='lat' dir='ltr'><strong>igitur</strong></span> <span class='ocrx_word' id='word_1_256' title='bbox 1015 2821 1089 2877; x_wconf 88' lang='lat' dir='ltr'><strong>idem</strong></span> <span class='ocrx_word' id='word_1_257' title='bbox 1099 2839 1158 2876; x_wconf 88' lang='lat' dir='ltr'><strong>esse</strong></span> <span class='ocrx_word' id='word_1_258' title='bbox 1175 2839 1280 2876; x_wconf 88' lang='lat' dir='ltr'><strong>nomen</strong></span> 
     </span>
     <span class='ocr_line' id='line_1_28' title="bbox 240 2913 1280 2991; baseline -0.009 -16"><span class='ocrx_word' id='word_1_259' title='bbox 240 2919 414 2987; x_wconf 83' lang='lat' dir='ltr'><strong>existimant,</strong></span> <span class='ocrx_word' id='word_1_260' title='bbox 437 2918 515 2991; x_wconf 92' lang='lat' dir='ltr'><strong>quod</strong></span> <span class='ocrx_word' id='word_1_261' title='bbox 539 2918 613 2990; x_wconf 82' lang='lat' dir='ltr'><strong>apud</strong></span> <span class='ocrx_word' id='word_1_262' title='bbox 637 2915 783 2990; x_wconf 77' lang='lat' dir='ltr'><strong>AEgyptios</strong></span> <span class='ocrx_word' id='word_1_263' title='bbox 802 2915 890 2969; x_wconf 78' lang='lat' dir='ltr'><strong>Pleut</strong></span> <span class='ocrx_word' id='word_1_264' title='bbox 914 2916 957 2968; x_wconf 89' lang='lat' dir='ltr'><strong>vel</strong></span> <span class='ocrx_word' id='word_1_265' title='bbox 980 2913 1062 2980; x_wconf 76' lang='lat' dir='ltr'><strong>Thot,</strong></span> <span class='ocrx_word' id='word_1_266' title='bbox 1081 2913 1156 2987; x_wconf 81' lang='lat' dir='ltr'><strong>apud</strong></span> <span class='ocrx_word' id='word_1_267' title='bbox 1169 2915 1280 2967; x_wconf 82' lang='lat' dir='ltr'><strong>Graeeos</strong></span> 
     </span>
    </p>
   </div>
   <div class='ocr_carea' id='block_1_4' title="bbox 241 3006 443 3068">
    <p class='ocr_par' dir='ltr' id='par_1_4' title="bbox 241 3006 443 3068">
     <span class='ocr_line' id='line_1_29' title="bbox 241 3006 443 3068; baseline -0.01 -2"><span class='ocrx_word' id='word_1_268' title='bbox 241 3009 296 3067; x_wconf 72' lang='lat' dir='ltr'><strong>leis</strong></span> <span class='ocrx_word' id='word_1_269' title='bbox 310 3014 355 3068; x_wconf 89' lang='lat' dir='ltr'><strong>vel</strong></span> <span class='ocrx_word' id='word_1_270' title='bbox 370 3006 443 3066; x_wconf 78' lang='grc' dir='ltr'>Ζεὺς.</span> 
     </span>
    </p>
   </div>
   <div class='ocr_carea' id='block_1_5' title="bbox 240 3153 1282 4064">
    <p class='ocr_par' dir='ltr' id='par_1_5' title="bbox 240 3153 1282 4064">
     <span class='ocr_line' id='line_1_30' title="bbox 280 3153 1280 3234; baseline -0.007 -19"><span class='ocrx_word' id='word_1_271' title='bbox 280 3160 572 3234; x_wconf 72' lang='grc' dir='ltr'><strong>Αροὶἰὺιειη.ΒοΙειιυε</strong></span> <span class='ocrx_word' id='word_1_272' title='bbox 580 3153 1196 3226; x_wconf 76' lang='lat' dir='ltr'><strong>dicebatureGallisBaioccssibus,peculieti</strong></span> <span class='ocrx_word' id='word_1_273' title='bbox 1206 3171 1280 3226; x_wconf 91' lang='lat' dir='ltr'><strong>quo-</strong></span> 
     </span>
     <span class='ocr_line' id='line_1_31' title="bbox 241 3243 1280 3328; baseline -0.012 -19"><span class='ocrx_word' id='word_1_274' title='bbox 241 3250 429 3328; x_wconf 86' lang='lat' dir='ltr'><strong>quenomine,</strong></span> <span class='ocrx_word' id='word_1_275' title='bbox 437 3260 469 3304; x_wconf 93' lang='lat' dir='ltr'><strong>ut</strong></span> <span class='ocrx_word' id='word_1_276' title='bbox 477 3248 589 3304; x_wconf 80' lang='lat' dir='ltr'><strong>videtur</strong></span> <span class='ocrx_word' id='word_1_277' title='bbox 598 3267 631 3304; x_wconf 92' lang='lat' dir='ltr'><strong>ex</strong></span> <span class='ocrx_word' id='word_1_278' title='bbox 642 3246 847 3304; x_wconf 80' lang='lat' dir='ltr'><strong>Ausoniicarm.</strong></span> <span class='ocrx_word' id='word_1_279' title='bbox 855 3265 881 3300; x_wconf 89' lang='lat'><strong>11</strong></span> <span class='ocrx_word' id='word_1_280' title='bbox 888 3287 896 3315; x_wconf 93' lang='lat'><strong>,</strong></span> <span class='ocrx_word' id='word_1_281' title='bbox 904 3247 948 3300; x_wconf 85' lang='lat' dir='ltr'><strong>De</strong></span> <span class='ocrx_word' id='word_1_282' title='bbox 952 3243 1031 3321; x_wconf 73' lang='lat' dir='ltr'><strong>profi</strong></span> <span class='ocrx_word' id='word_1_283' title='bbox 1041 3245 1138 3312; x_wconf 71' lang='lat' dir='ltr'><strong>Bure,-</strong></span> <span class='ocrx_word' id='word_1_284' title='bbox 1147 3263 1181 3298; x_wconf 94' lang='lat' dir='ltr'><strong>eo</strong></span> <span class='ocrx_word' id='word_1_285' title='bbox 1188 3255 1280 3298; x_wconf 81' lang='lat' dir='ltr'><strong>autem</strong></span> 
     </span>
     <span class='ocr_line' id='line_1_32' title="bbox 240 3337 1278 3408; baseline -0.013 -6"><span class='ocrx_word' id='word_1_286' title='bbox 240 3345 354 3402; x_wconf 91' lang='lat' dir='ltr'><strong>nomine</strong></span> <span class='ocrx_word' id='word_1_287' title='bbox 363 3343 504 3398; x_wconf 76' lang='lat' dir='ltr'><strong>vocabant</strong></span> <span class='ocrx_word' id='word_1_288' title='bbox 512 3341 597 3396; x_wconf 77' lang='lat' dir='ltr'><strong>etium</strong></span> <span class='ocrx_word' id='word_1_289' title='bbox 607 3340 721 3408; x_wconf 88' lang='lat' dir='ltr'><strong>Norici,</strong></span> <span class='ocrx_word' id='word_1_290' title='bbox 731 3350 801 3395; x_wconf 85' lang='lat' dir='ltr'><strong>teste</strong></span> <span class='ocrx_word' id='word_1_291' title='bbox 810 3338 997 3407; x_wconf 86' lang='lat' dir='ltr'><strong>Tertulliano,</strong></span> <span class='ocrx_word' id='word_1_292' title='bbox 1007 3337 1129 3408; x_wconf 78' lang='lat' dir='ltr'><strong>Apolog.</strong></span> <span class='ocrx_word' id='word_1_293' title='bbox 1136 3375 1145 3402; x_wconf 92' lang='lat'><strong>,</strong></span> <span class='ocrx_word' id='word_1_294' title='bbox 1157 3355 1179 3390; x_wconf 93' lang='lat' dir='ltr'><strong>c.</strong></span> <span class='ocrx_word' id='word_1_295' title='bbox 1192 3355 1278 3402; x_wconf 75' lang='lat' dir='ltr'><strong>xxiv,</strong></span> 
     </span>
     <span class='ocr_line' id='line_1_33' title="bbox 241 3427 1281 3506; baseline -0.012 -13"><span class='ocrx_word' id='word_1_296' title='bbox 241 3440 317 3494; x_wconf 64' lang='lat' dir='ltr'><strong>Belt&#39;s</strong></span> <span class='ocrx_word' id='word_1_297' title='bbox 333 3455 382 3494; x_wconf 87' lang='lat' dir='ltr'><strong>seu</strong></span> <span class='ocrx_word' id='word_1_298' title='bbox 395 3435 513 3490; x_wconf 84' lang='lat' dir='ltr'><strong>Belinus</strong></span> <span class='ocrx_word' id='word_1_299' title='bbox 529 3433 566 3488; x_wconf 79' lang='lat' dir='ltr'><strong>ab</strong></span> <span class='ocrx_word' id='word_1_300' title='bbox 583 3431 821 3506; x_wconf 77' lang='lat' dir='ltr'><strong>Aquileiensibus,</strong></span> <span class='ocrx_word' id='word_1_301' title='bbox 837 3439 906 3485; x_wconf 89' lang='lat' dir='ltr'><strong>teste</strong></span> <span class='ocrx_word' id='word_1_302' title='bbox 923 3428 1096 3484; x_wconf 81' lang='lat' dir='ltr'><strong>Herodiano.</strong></span> <span class='ocrx_word' id='word_1_303' title='bbox 1113 3427 1281 3500; x_wconf 85' lang='lat' dir='ltr'><strong>inscriptio-</strong></span> 
     </span>
     <span class='ocr_line' id='line_1_34' title="bbox 241 3519 1282 3607; baseline -0.012 -21"><span class='ocrx_word' id='word_1_304' title='bbox 241 3551 289 3607; x_wconf 76' lang='lat' dir='ltr'><strong>nes</strong></span> <span class='ocrx_word' id='word_1_305' title='bbox 305 3529 450 3604; x_wconf 81' lang='lat' dir='ltr'><strong>permultae</strong></span> <span class='ocrx_word' id='word_1_306' title='bbox 473 3525 504 3580; x_wconf 88' lang='lat' dir='ltr'><strong>in</strong></span> <span class='ocrx_word' id='word_1_307' title='bbox 526 3525 616 3580; x_wconf 81' lang='lat' dir='ltr'><strong>Gallia</strong></span> <span class='ocrx_word' id='word_1_308' title='bbox 638 3534 756 3598; x_wconf 70' lang='lat' dir='ltr'><strong>reperte</strong></span> <span class='ocrx_word' id='word_1_309' title='bbox 775 3523 811 3578; x_wconf 90' lang='lat' dir='ltr'><strong>de</strong></span> <span class='ocrx_word' id='word_1_310' title='bbox 828 3519 959 3595; x_wconf 83' lang='lat' dir='ltr'><strong>Apolline</strong></span> <span class='ocrx_word' id='word_1_311' title='bbox 983 3520 1089 3574; x_wconf 86' lang='lat' dir='ltr'><strong>Beleno</strong></span> <span class='ocrx_word' id='word_1_312' title='bbox 1108 3519 1282 3574; x_wconf 87' lang='lat' dir='ltr'><strong>mentionem</strong></span> 
     </span>
     <span class='ocr_line' id='line_1_35' title="bbox 241 3608 1280 3691; baseline -0.012 -14"><span class='ocrx_word' id='word_1_313' title='bbox 241 3625 353 3679; x_wconf 83' lang='lat' dir='ltr'><strong>faciunt.</strong></span> <span class='ocrx_word' id='word_1_314' title='bbox 368 3623 425 3676; x_wconf 81' lang='lat' dir='ltr'><strong>Hes</strong></span> <span class='ocrx_word' id='word_1_315' title='bbox 434 3617 550 3691; x_wconf 83' lang='lat' dir='ltr'><strong>collegit</strong></span> <span class='ocrx_word' id='word_1_316' title='bbox 558 3617 681 3672; x_wconf 85' lang='lat' dir='ltr'><strong>Ritterus</strong></span> <span class='ocrx_word' id='word_1_317' title='bbox 690 3614 719 3670; x_wconf 90' lang='lat' dir='ltr'><strong>in</strong></span> <span class='ocrx_word' id='word_1_318' title='bbox 736 3615 859 3670; x_wconf 72' lang='lat' dir='ltr'><strong>lilistoria</strong></span> <span class='ocrx_word' id='word_1_319' title='bbox 874 3613 1036 3680; x_wconf 85' lang='lat' dir='ltr'><strong>Gallorum,</strong></span> <span class='ocrx_word' id='word_1_320' title='bbox 1051 3629 1078 3683; x_wconf 89' lang='lat' dir='ltr'><strong>p.</strong></span> <span class='ocrx_word' id='word_1_321' title='bbox 1095 3608 1160 3680; x_wconf 79' lang='lat'><strong>²57·</strong></span> <span class='ocrx_word' id='word_1_322' title='bbox 1170 3613 1280 3666; x_wconf 88' lang='lat' dir='ltr'><strong>Nomen</strong></span> 
     </span>
     <span class='ocr_line' id='line_1_36' title="bbox 241 3702 1282 3786; baseline -0.012 -17"><span class='ocrx_word' id='word_1_323' title='bbox 241 3713 372 3786; x_wconf 78' lang='lat' dir='ltr'><strong>hujusdei</strong></span> <span class='ocrx_word' id='word_1_324' title='bbox 379 3731 432 3768; x_wconf 90' lang='lat' dir='ltr'><strong>nec</strong></span> <span class='ocrx_word' id='word_1_325' title='bbox 442 3709 583 3775; x_wconf 90' lang='lat' dir='ltr'><strong>celticum,</strong></span> <span class='ocrx_word' id='word_1_326' title='bbox 593 3707 622 3762; x_wconf 87' lang='lat' dir='ltr'><strong>id</strong></span> <span class='ocrx_word' id='word_1_327' title='bbox 633 3717 672 3761; x_wconf 86' lang='lat' dir='ltr'><strong>est</strong></span> <span class='ocrx_word' id='word_1_328' title='bbox 681 3704 973 3762; x_wconf 77' lang='lat' dir='ltr'><strong>cumben-britannum</strong></span> <span class='ocrx_word' id='word_1_329' title='bbox 981 3702 1026 3756; x_wconf 83' lang='lat' dir='ltr'><strong>vel</strong></span> <span class='ocrx_word' id='word_1_330' title='bbox 1037 3702 1220 3769; x_wconf 82' lang='lat' dir='ltr'><strong>armoricum,</strong></span> <span class='ocrx_word' id='word_1_331' title='bbox 1230 3720 1282 3758; x_wconf 88' lang='lat' dir='ltr'><strong>nec</strong></span> 
     </span>
     <span class='ocr_line' id='line_1_37' title="bbox 241 3787 1282 3874; baseline -0.012 -14"><span class='ocrx_word' id='word_1_332' title='bbox 241 3808 382 3862; x_wconf 78' lang='lat' dir='ltr'><strong>trebraenm</strong></span> <span class='ocrx_word' id='word_1_333' title='bbox 397 3812 453 3870; x_wconf 90' lang='lat' dir='ltr'><strong>est,</strong></span> <span class='ocrx_word' id='word_1_334' title='bbox 463 3799 512 3856; x_wconf 80' lang='lat' dir='ltr'><strong>sed</strong></span> <span class='ocrx_word' id='word_1_335' title='bbox 525 3816 653 3874; x_wconf 75' lang='lat' dir='ltr'><strong>grecum.</strong></span> <span class='ocrx_word' id='word_1_336' title='bbox 666 3799 788 3852; x_wconf 81' lang='lat' dir='ltr'><strong>Belenus</strong></span> <span class='ocrx_word' id='word_1_337' title='bbox 801 3805 841 3851; x_wconf 80' lang='lat' dir='ltr'><strong>est</strong></span> <span class='ocrx_word' id='word_1_338' title='bbox 855 3813 911 3850; x_wconf 86' lang='lat' dir='ltr'><strong>vox</strong></span> <span class='ocrx_word' id='word_1_339' title='bbox 925 3811 1014 3867; x_wconf 74' lang='lat' dir='ltr'><strong>greca</strong></span> <span class='ocrx_word' id='word_1_340' title='bbox 1028 3787 1170 3862; x_wconf 67' lang='lat' dir='ltr'><strong>iturum,</strong></span> <span class='ocrx_word' id='word_1_341' title='bbox 1184 3796 1282 3861; x_wconf 85' lang='lat' dir='ltr'><strong>telum,</strong></span> 
     </span>
     <span class='ocr_line' id='line_1_38' title="bbox 240 3885 1281 3969; baseline -0.013 -16"><span class='ocrx_word' id='word_1_342' title='bbox 240 3888 545 3969; x_wconf 55' lang='lat' dir='ltr'><strong>septemcaulinos</strong></span> <span class='ocrx_word' id='word_1_343' title='bbox 563 3885 757 3958; x_wconf 63' lang='lat' dir='ltr'><strong>vellitrens,</strong></span> <span class='ocrx_word' id='word_1_344' title='bbox 775 3906 879 3943; x_wconf 88' lang='lat' dir='ltr'><strong>nomen</strong></span> <span class='ocrx_word' id='word_1_345' title='bbox 896 3886 980 3959; x_wconf 88' lang='lat' dir='ltr'><strong>piscis</strong></span> <span class='ocrx_word' id='word_1_346' title='bbox 1000 3885 1144 3960; x_wconf 79' lang='lat' dir='ltr'><strong>cujusdem</strong></span> <span class='ocrx_word' id='word_1_347' title='bbox 1164 3895 1281 3959; x_wconf 89' lang='lat' dir='ltr'><strong>propter</strong></span> 
     </span>
     <span class='ocr_line' id='line_1_39' title="bbox 240 3972 1281 4064; baseline -0.012 -21"><span class='ocrx_word' id='word_1_348' title='bbox 240 3991 344 4064; x_wconf 72' lang='lat' dir='ltr'><strong>sagitte</strong></span> <span class='ocrx_word' id='word_1_349' title='bbox 353 3986 484 4060; x_wconf 85' lang='lat' dir='ltr'><strong>speciem,</strong></span> <span class='ocrx_word' id='word_1_350' title='bbox 494 3986 592 4060; x_wconf 75' lang='lat' dir='ltr'><strong>gallice</strong></span> <span class='ocrx_word' id='word_1_351' title='bbox 602 4003 639 4038; x_wconf 87' lang='lat' dir='ltr'><strong>un</strong></span> <span class='ocrx_word' id='word_1_352' title='bbox 647 3983 724 4038; x_wconf 80' lang='lat' dir='ltr'><strong>dard</strong></span> <span class='ocrx_word' id='word_1_353' title='bbox 729 4001 740 4050; x_wconf 73' lang='lat'><strong>,¹</strong></span> <span class='ocrx_word' id='word_1_354' title='bbox 747 3980 824 4036; x_wconf 80' lang='lat' dir='ltr'><strong>Belt&#39;s</strong></span> <span class='ocrx_word' id='word_1_355' title='bbox 833 3997 901 4036; x_wconf 81' lang='lat' dir='ltr'><strong>vero</strong></span> <span class='ocrx_word' id='word_1_356' title='bbox 910 3997 927 4035; x_wconf 80' lang='lat' dir='ltr'><strong>tt</strong></span> <span class='ocrx_word' id='word_1_357' title='bbox 935 3972 1030 4048; x_wconf 69' lang='grc' dir='ltr'><strong><em>βέλος,</em></strong></span> <span class='ocrx_word' id='word_1_358' title='bbox 1040 3981 1138 4048; x_wconf 85' lang='lat' dir='ltr'><strong>telum,</strong></span> <span class='ocrx_word' id='word_1_359' title='bbox 1144 3978 1281 4050; x_wconf 80' lang='lat' dir='ltr'><strong>jaculum,</strong></span> 
     </span>
    </p>
   </div>
   <div class='ocr_carea' id='block_1_6' title="bbox 0 0 1536 4766">
    <p class='ocr_par' dir='ltr' id='par_1_6' title="bbox 0 0 1536 4766">
     <span class='ocr_line' id='line_1_40' title="bbox 0 0 1536 4766; baseline 0 0"><span class='ocrx_word' id='word_1_360' title='bbox 0 0 1536 4766; x_wconf 95' lang='lat' dir='ltr'><strong> </strong></span> 
     </span>
    </p>
   </div>
  </div>
 </body>
</html>
