3086 4766
450 369 501 424 DE
521 368 642 424 BELLO
665 369 831 426 GALLICO
853 369 923 424 un
940 369 973 424 V.
1182 365 1235 426 105

239 493 298 561 tx.
322 495 448 577 Caesar,
475 495 625 586 exposito
650 493 815 578 exercitu,
834 506 868 562 et
890 491 966 562 loco
981 491 1096 561 castris
1116 492 1236 563 idoneo

192 625 303 704 capto,
330 610 388 678 ubi
414 635 454 678 ex
482 614 620 705 captivis
643 615 816 708 cognovit,
840 636 908 705 quo
934 614 968 680 in
994 610 1070 681 loco
1091 611 1234 682 hostium

192 731 295 822 copiae
317 728 558 818 consedissent,
585 732 778 801 cohortibus
801 757 826 800 x
847 731 890 799 ad
916 755 1006 800 mare
1035 729 1179 819 relictis,
1204 747 1239 800 et
1341 725 1344 732 ’

192 848 360 942 equitibus
378 872 457 937 oco,
474 851 533 951 qni
552 851 704 944 praesidio
722 851 863 920 navibus
878 865 1004 938 essent,
1021 849 1063 919 de
1076 851 1172 920 tertia
1186 852 1237 919 vi·

171 1057 175 1064 ¹
193 967 272 1063 gilia
284 968 326 1036 ad
337 968 446 1037 hostes
461 969 654 1057 contendit,
670 997 710 1042 eo
724 974 834 1041 minus
844 973 970 1041 veritus
983 971 1240 1064 naribus,quod

195 1089 229 1155 in
246 1086 343 1156 litore
360 1087 453 1156 molli
473 1103 574 1182 atque
591 1104 706 1184 aperto
727 1090 886 1186 deligatas
904 1090 946 1160 ad
963 1116 1119 1162 ancoram
1136 1088 1240 1159 reliu·
1361 1138 1363 1146 ·

193 1209 334 1302 quebat;
355 1222 390 1278 et
415 1209 569 1303 praesidio
592 1211 737 1281 navibus
749 1212 793 1301 Q
816 1213 951 1282 Atrium
973 1211 1129 1307 praefecit.
1148 1214 1239 1305 Ipse,

194 1341 296 1397 noctu
318 1352 513 1423 progressus
538 1329 643 1399 millia
664 1355 821 1424 passuum
844 1332 975 1402 circiter
998 1355 1068 1419 xrr,
1091 1331 1237 1400 hostium

193 1446 306 1541 copias
319 1449 528 1542 conspicatus
545 1465 604 1519 est.
621 1449 695 1539 Illi,
711 1453 863 1545 equitatu
878 1466 978 1546 atque
991 1451 1112 1520 essedis
1127 1449 1169 1519 ad
1183 1449 1241 1518 ssu-

196 1569 473 1663 menprogressi,
494 1594 534 1638 ex
555 1568 629 1638 loco
647 1571 817 1665 superiore
836 1585 968 1641 nostros
988 1571 1183 1665 prohibere,
1206 1585 1242 1640 et

195 1686 350 1782 proelium
367 1690 576 1758 committere
598 1705 780 1785 coepernnt.
801 1689 938 1784 Repulsi
957 1689 999 1759 ab
1015 1691 1182 1784 equitatu,
1207 1713 1241 1756 se

196 1810 231 1877 in
255 1806 354 1878 silvas
374 1807 590 1894 abdiderunt,
620 1808 733 1880 locum
759 1812 847 1879 nacti
871 1812 1003 1906 egregie
1021 1825 1055 1878 et
1073 1825 1192 1878 natura
1208 1823 1241 1877 et

195 1952 296 2022 opere
323 1930 509 2015 munitum,
540 1953 641 2023 quem
670 1928 841 1999 domestici
863 1927 958 2017 belli,
982 1943 1020 1998 ut
1045 1929 1240 2015 videbatur,

197 2073 295 2118 causa
314 2050 384 2143 jam
406 2063 482 2118 ante
505 2065 771 2144 preparaverant
792 2075 800 2118 ε
822 2075 900 2120 nam
920 2050 1044 2119 crebris
1066 2047 1241 2117 arboribus

197 2170 330 2239 succisis
356 2195 471 2240 omnes
497 2171 652 2239 introitus
676 2185 772 2241 erant
797 2169 959 2265 praeclusi.
989 2171 1057 2265 Ipsi
1082 2195 1123 2238 ex
1151 2166 1242 2238 silvis

197 2292 264 2366 rari
283 2291 556 2387 propugnabant,
576 2305 775 2384 nostrosque
792 2292 879 2359 intra
897 2291 1098 2360 munitiones
1114 2288 1241 2386 ingredi

198 2411 428 2505 prohibebant.
460 2415 502 2482 lt
519 2410 640 2492 milites
660 2410 798 2506 legionis
818 2435 883 2496 vn,
900 2411 1066 2480 testudine
1086 2410 1187 2498 sacta,
1207 2425 1242 2478 et

198 2555 318 2626 aggere
339 2532 382 2600 ad
402 2534 603 2604 munitiones
623 2531 768 2627 adjecto,
789 2529 901 2601 locum
919 2545 1096 2625 ceperunt,
1119 2555 1242 2622 eosque

198 2676 239 2728 ex
259 2650 349 2718 silvis
367 2647 580 2744 expulerunt,
596 2653 710 2746 paucis
726 2650 918 2720 vulneribus
934 2652 1087 2744 acceptis.
1105 2649 1170 2718 Sed
1189 2673 1244 2717 eos

200 2769 364 2866 fugientes
377 2768 509 2864 longius
522 2775 633 2842 Caesar
645 2772 800 2866 prosequi
816 2771 940 2859 vetuit,
958 2785 992 2838 et
1005 2768 1097 2862 quod
1111 2767 1174 2836 loci
1189 2791 1245 2836 ua-

201 2904 310 2958 turam
326 2889 519 2982 ignorabat,
535 2903 569 2958 et
583 2888 691 2984 quod,
710 2914 831 2983 magna
845 2904 938 2982 parte
952 2888 1017 2956 diei
1033 2903 1245 2983 consumpta,

202 3009 382 3078 munitioni
398 3023 582 3080 castrorum
601 3026 733 3103 tempus
749 3008 891 3102 relinqui
910 3006 1051 3076 volebat.

249 3133 294 3198 Χ.
315 3128 480 3198 Postridie
498 3131 569 3225 ejus
580 3129 645 3201 diei
662 3152 773 3214 mane,
786 3128 954 3221 tripartito
970 3125 1089 3196 milites
1106 3131 1246 3222 equites·

202 3273 267 3343 que
293 3252 327 3318 in
343 3249 589 3343 expeditionem
612 3249 716 3335 misit,
737 3262 773 3315 nt
792 3272 862 3334 eos,
879 3248 937 3341 qui
954 3248 1123 3342 fugerant,
1138 3273 1246 3342 perse·
1272 3254 1275 3261 '

201 3385 394 3462 querentur.
408 3372 469 3438 His
482 3369 692 3462 aliquantum
706 3369 835 3436 itineris
849 3369 1045 3461 progressis,
1059 3392 1165 3460 quum
1176 3369 1246 3460 jam

202 3491 340 3558 extremi
357 3503 464 3557 essent
487 3491 521 3556 in
539 3503 735 3582 conspectu,
754 3487 881 3580 equites
901 3511 920 3555 a
938 3489 982 3575 Q.
1004 3489 1097 3556 Atrio
1113 3485 1156 3553 ad
1176 3487 1247 3554 Cae-

202 3635 307 3680 sarem
321 3610 569 3703 venerunt,qui
585 3609 792 3692 nuntiarent,
805 3609 969 3700 superiori
982 3621 1095 3690 nocte,
1106 3604 1248 3672 maxima

85 3719 90 3734 ¹
202 3744 315 3799 coorta
334 3742 545 3824 tempestate,
567 3753 671 3824 prope
691 3751 807 3796 omnes
823 3747 922 3796 naves
938 3725 1076 3796 afflictas
1096 3737 1195 3817 atque
1214 3723 1248 3790 in

204 3847 301 3918 litore
315 3852 436 3944 ejectas
452 3874 537 3934 esse,
548 3847 639 3940 quod
654 3873 761 3941 neque
778 3871 907 3916 ancora
917 3845 1078 3938 funesque
1094 3843 1250 3913 subsiste-

205 3985 295 4054 rent,
315 3995 422 4063 neque
443 3985 551 4038 nautae
573 3969 877 4064 gubernatoresque
898 3968 966 4035 rim
987 3965 1055 4060 pati
1074 3977 1251 4058 tempesta·
