3062 4766
247 363 304 419 216
404 363 434 419 c.
457 361 553 418 sunu
574 357 738 432 casinis
759 354 1124 416 commuramouuu

247 488 416 574 hostibus,
439 511 566 579 eoquo
591 485 775 559 Labienum
802 481 937 552 miserat
958 477 1148 564 contendit3
1170 475 1289 545 cohor·

248 623 296 675 tes
314 629 351 676 tv
369 631 409 674 ex
429 607 583 700 proximo
599 603 734 674 castello
758 602 913 688 deducit,
934 600 1084 693 equitum
1105 621 1139 666 se
1161 609 1289 690 partein

248 725 360 819 sequi,
388 739 515 818 partem
544 725 721 798 circumire
745 723 924 792 exteriores
949 719 1169 804 munitiones,
1193 729 1227 783 et
1248 715 1290 783 ab

154 843 156 846 ’
248 860 342 940 tergo
367 846 476 914 hostes
496 844 621 916 adoriri
642 845 748 937 jubet.
772 841 956 926 Labienus,
982 853 1158 932 postquam
1182 859 1290 928 neque

249 989 385 1059 aggeres
411 987 519 1057 neque
540 963 635 1032 fossae
664 964 733 1038 vim
758 961 905 1042 bostium
930 960 1091 1034 sustinere
1118 969 1290 1049 poterant,
1394 1039 1397 1047 Ι

250 1085 372 1154 coactis
394 1082 703 1177 undequadraginta
724 1080 937 1166 cohortibus,
962 1101 1046 1170 quas
1068 1100 1109 1152 ex
1131 1075 1291 1167 proximis

251 1201 410 1295 praesidiis
431 1201 588 1272 deductas
608 1202 675 1270 fors
689 1198 824 1284 obtulit,
839 1202 1001 1292 Qaesarem
1015 1219 1075 1290 per
1092 1195 1225 1263 nuntios
1243 1194 1291 1263 fa-

252 1321 297 1389 cit
314 1323 491 1390 certiorem
508 1321 589 1415 quid
606 1320 794 1390 faciendum
810 1319 983 1394 existimet.

299 1443 522 1518 LXXXVIII.
540 1438 711 1509 Accelerat
723 1441 850 1526 Caesar,
867 1453 905 1506 ut
920 1435 1037 1531 proelio
1055 1436 1195 1506 intersit.
1210 1437 1291 1529 Ejus

253 1557 398 1630 aduentu
416 1584 453 1628 cx
478 1558 589 1638 colore
605 1561 742 1638 vestitus
758 1559 892 1652 cognito
908 1556 992 1651 (quo
1007 1557 1132 1652 insigni
1153 1557 1188 1630 in
1205 1581 1292 1650 proe-

253 1676 304 1750 liis
326 1680 375 1754 uti
398 1679 646 1776 consueverat),
669 1681 853 1771 turmisque
871 1678 1022 1770 equitum
1043 1692 1077 1744 et
1100 1674 1291 1744 cohortibus

252 1797 332 1866 visis
348 1822 430 1890 quas
443 1821 477 1866 se
493 1800 586 1891 sequi
603 1799 759 1891 jusserat,
772 1811 810 1865 ut
829 1796 870 1864 de
886 1794 967 1866 locis
981 1795 1208 1890 superioribus
1223 1795 1292 1864 haec

254 1912 394 1987 declivia
411 1931 444 1990 et
460 1916 582 1986 devexa
595 1918 832 2006 cernebantur,
845 1917 957 1985 hostes
970 1914 1124 2011 proelium
1141 1916 1293 1986 commit·

255 2049 341 2103 tunt.
361 2037 527 2128 Utrinque
548 2035 693 2112 clamore
708 2034 855 2121 sublato„
874 2036 997 2128 excipit
1014 2061 1128 2106 rursus
1147 2062 1187 2110 ex
1204 2035 1292 2104 vallo

254 2169 353 2247 atque
369 2154 525 2224 omnibus
541 2157 782 2234 munitionibus
799 2156 933 2234 clamor.
952 2155 1083 2240 Nostri,
1101 2155 1229 2226 omissis
1241 2157 1292 2250 pi-

254 2273 311 2362 lis,
331 2273 448 2369 gladiis
469 2300 539 2344 rem
565 2290 694 2370 gerunt.
717 2278 866 2369 Repente
888 2289 963 2368 post
978 2289 1108 2369 tergum
1125 2277 1292 2367 equitatus

253 2397 416 2481 cernitur3
430 2395 581 2476 cohortes
597 2396 668 2474 aliae
684 2397 963 2490 appropinquant.
981 2397 1107 2470 Hostes
1117 2411 1209 2490 terga
1225 2421 1292 2464 ver·

255 2528 347 2600 tunt3
368 2513 569 2608 fugientibus
593 2517 719 2608 equites
743 2529 942 2602 occurrunt3
967 2515 1005 2583 fit
1031 2539 1152 2610 magna
1177 2517 1289 2590 caedes.

253 2632 419 2721 Sedulius,
440 2633 507 2704 dux
532 2649 566 2702 et
584 2636 739 2730 princeps
758 2636 989 2722 Lemovicum,
1008 2635 1192 2723 occiditur;
1208 2641 1293 2706 Ver·

254 2752 455 2848 gasillaunus
483 2756 654 2824 Arvernus
679 2755 775 2828 vivus
804 2756 838 2822 in
864 2754 948 2849 fuga
974 2755 1292 2849 cornprelienditnr3

254 2874 346 2966 signa
368 2874 524 2958 militaria
544 2898 648 2946 cxxiv
664 2873 707 2942 ad
726 2878 889 2950 Caesarem
909 2874 1119 2960 referuntur;
1139 2877 1292 2970 paucior

255 3006 351 3065 tanto¹
369 3019 509 3074 numero
527 3019 561 3064 se
579 2991 761 3066 incolumes
782 2995 817 3074 iu
833 3007 939 3063 castra
958 2996 1132 3088 recipiunt.
1151 2997 1293 3089 Conspi-

253 3111 319 3178 cati
338 3134 378 3179 ex
398 3112 523 3207 oppido
543 3111 665 3182 caedem
687 3127 720 3181 et
743 3112 854 3206 fugam
877 3137 1028 3200 suorum,
1053 3115 1223 3208 desperata
1244 3141 1293 3184 sa·

253 3229 338 3320 lute,
357 3233 468 3324 copias
488 3258 507 3300 a
526 3232 768 3308 munitionibus
784 3233 958 3302 reducunt.
970 3235 1027 3302 Fit
1042 3235 1212 3326 protinus,
1229 3236 1292 3306 hac

253 3376 288 3420 re
306 3349 434 3437 audita,
458 3375 498 3418 er
518 3353 634 3424 castris
654 3349 829 3420 Gallorum
853 3352 940 3447 luga.
965 3352 1067 3459 Quod
1086 3354 1150 3421 nisi
1169 3356 1292 3425 crebris

251 3469 404 3540 subsidiis
427 3495 465 3539 ac
488 3471 589 3538 totius
614 3469 680 3539 diei
708 3469 822 3541 labore
845 3469 968 3541 milites
995 3471 1133 3544 fuissent
1156 3471 1291 3558 defessi,

251 3616 365 3660 omnes
382 3590 527 3661 hostium
543 3591 647 3682 copiae
666 3589 768 3674 deleri
786 3593 980 3684 potuissent.
1001 3595 1053 3662 De
1069 3594 1177 3662 media
1194 3609 1291 3663 nocte

252 3713 370 3779 missus
396 3708 562 3802 equitatus
584 3710 799 3783 novissimum
821 3734 939 3804 agmen
961 3714 1202 3805 consequitur:
1225 3739 1292 3782 ma·

247 3853 335 3926 gnus
351 3853 509 3896 numerus
521 3829 652 3921 capitur
667 3843 766 3921 atque
782 3827 1000 3916 interficitur,
1017 3828 1136 3923 reliqui
1153 3859 1192 3899 ex
1214 3833 1289 3928 fuga

250 3948 283 4014 in
299 3947 446 4015 civitates
461 3946 641 4016 discedunt.
