<?xml version="1.0" encoding="UTF-8"?>
<!DOCTYPE html PUBLIC "-//W3C//DTD XHTML 1.0 Transitional//EN"
    "http://www.w3.org/TR/xhtml1/DTD/xhtml1-transitional.dtd">
<html xmlns="http://www.w3.org/1999/xhtml" xml:lang="en" lang="en">
 <head>
  <title>
</title>
<meta http-equiv="Content-Type" content="text/html;charset=utf-8" />
  <meta name='ocr-system' content='tesseract 3.04.00' />
  <meta name='ocr-capabilities' content='ocr_page ocr_carea ocr_par ocr_line ocrx_word'/>
</head>
<body>
  <div class='ocr_page' id='page_1' title='image "./cjcaesarisopera00caesgoog_0597.png"; bbox 0 0 3014 4780; ppageno 0'>
   <div class='ocr_carea' id='block_1_1' title="bbox 478 447 1218 522">
    <p class='ocr_par' dir='ltr' id='par_1_1' title="bbox 478 447 1218 522">
     <span class='ocr_line' id='line_1_1' title="bbox 478 447 1218 522; baseline 0.001 -20"><span class='ocrx_word' id='word_1_1' title='bbox 478 447 529 502; x_wconf 84' lang='lat' dir='ltr'><strong>nn</strong></span> <span class='ocrx_word' id='word_1_2' title='bbox 551 447 672 502; x_wconf 80' lang='lat' dir='ltr'><strong>nunno</strong></span> <span class='ocrx_word' id='word_1_3' title='bbox 694 447 935 502; x_wconf 73' lang='lat' dir='ltr'><strong>nrsrnnmnsl.</strong></span> <span class='ocrx_word' id='word_1_4' title='bbox 1167 465 1218 522; x_wconf 77' lang='lat'><strong>291</strong></span> 
     </span>
    </p>
   </div>
   <div class='ocr_carea' id='block_1_2' title="bbox 186 573 1223 3042">
    <p class='ocr_par' dir='ltr' id='par_1_2' title="bbox 186 573 1223 3042">
     <span class='ocr_line' id='line_1_2' title="bbox 192 573 1222 664; baseline -0.003 -22"><span class='ocrx_word' id='word_1_5' title='bbox 192 601 226 642; x_wconf 90' lang='lat' dir='ltr'><strong>se</strong></span> <span class='ocrx_word' id='word_1_6' title='bbox 245 576 451 642; x_wconf 82' lang='lat' dir='ltr'>committere</span> <span class='ocrx_word' id='word_1_7' title='bbox 469 573 643 641; x_wconf 89' lang='lat' dir='ltr'><strong>audebant.</strong></span> <span class='ocrx_word' id='word_1_8' title='bbox 663 575 777 661; x_wconf 85' lang='lat' dir='ltr'><strong>Quum</strong></span> <span class='ocrx_word' id='word_1_9' title='bbox 795 573 899 639; x_wconf 80' lang='lat' dir='ltr'><strong>nostri</strong></span> <span class='ocrx_word' id='word_1_10' title='bbox 917 573 950 637; x_wconf 94' lang='lat' dir='ltr'><strong>in</strong></span> <span class='ocrx_word' id='word_1_11' title='bbox 970 595 1069 664; x_wconf 90' lang='lat' dir='ltr'><strong>opere</strong></span> <span class='ocrx_word' id='word_1_12' title='bbox 1095 588 1222 658; x_wconf 87' lang='lat' dir='ltr'><strong>essent,</strong></span> 
     </span>
     <span class='ocr_line' id='line_1_3' title="bbox 190 689 1222 785; baseline 0 -25"><span class='ocrx_word' id='word_1_13' title='bbox 190 694 338 783; x_wconf 89' lang='lat' dir='ltr'><strong>equitum</strong></span> <span class='ocrx_word' id='word_1_14' title='bbox 356 694 458 785; x_wconf 83' lang='lat' dir='ltr'><strong>copiae</strong></span> <span class='ocrx_word' id='word_1_15' title='bbox 478 715 657 760; x_wconf 83' lang='lat' dir='ltr'>concursus</span> <span class='ocrx_word' id='word_1_16' title='bbox 687 690 792 758; x_wconf 77' lang='lat' dir='ltr'><strong>lacere</strong></span> <span class='ocrx_word' id='word_1_17' title='bbox 821 704 991 783; x_wconf 88' lang='lat' dir='ltr'><strong>coeperunt</strong></span> <span class='ocrx_word' id='word_1_18' title='bbox 1022 715 1030 756; x_wconf 76' lang='grc' dir='ltr'><strong><em>ε</em></strong></span> <span class='ocrx_word' id='word_1_19' title='bbox 1060 689 1222 783; x_wconf 90' lang='lat' dir='ltr'><strong>simulque</strong></span> 
     </span>
     <span class='ocr_line' id='line_1_4' title="bbox 190 806 1222 905; baseline 0.002 -29"><span class='ocrx_word' id='word_1_20' title='bbox 190 810 444 880; x_wconf 81' lang='lat' dir='ltr'><strong>vociferantibus</strong></span> <span class='ocrx_word' id='word_1_21' title='bbox 479 810 685 905; x_wconf 84' lang='lat' dir='ltr'><strong>legionariis,</strong></span> <span class='ocrx_word' id='word_1_22' title='bbox 717 833 819 902; x_wconf 89' lang='lat' dir='ltr'><strong>quum</strong></span> <span class='ocrx_word' id='word_1_23' title='bbox 845 806 952 876; x_wconf 91' lang='lat' dir='ltr'><strong>locum</strong></span> <span class='ocrx_word' id='word_1_24' title='bbox 988 807 1222 902; x_wconf 85' lang='lat' dir='ltr'><strong>efflagitarent,</strong></span> 
     </span>
     <span class='ocr_line' id='line_1_5' title="bbox 190 930 1221 1022; baseline 0.002 -26"><span class='ocrx_word' id='word_1_25' title='bbox 190 944 227 997; x_wconf 88' lang='lat' dir='ltr'><strong>ut</strong></span> <span class='ocrx_word' id='word_1_26' title='bbox 243 931 393 998; x_wconf 87' lang='lat' dir='ltr'><strong>consueti</strong></span> <span class='ocrx_word' id='word_1_27' title='bbox 414 931 541 1022; x_wconf 86' lang='lat' dir='ltr'><strong>insequi</strong></span> <span class='ocrx_word' id='word_1_28' title='bbox 561 931 747 998; x_wconf 87' lang='lat' dir='ltr'><strong>existimare</strong></span> <span class='ocrx_word' id='word_1_29' title='bbox 769 943 916 1022; x_wconf 82' lang='lat' dir='ltr'><strong>possent,</strong></span> <span class='ocrx_word' id='word_1_30' title='bbox 944 953 978 996; x_wconf 90' lang='lat' dir='ltr'><strong>se</strong></span> <span class='ocrx_word' id='word_1_31' title='bbox 999 930 1221 1021; x_wconf 88' lang='lat' dir='ltr'><strong>paratissimos</strong></span> 
     </span>
     <span class='ocr_line' id='line_1_6' title="bbox 191 1045 1221 1136; baseline -0.003 -18"><span class='ocrx_word' id='word_1_32' title='bbox 191 1074 260 1118; x_wconf 88' lang='lat' dir='ltr'><strong>esse</strong></span> <span class='ocrx_word' id='word_1_33' title='bbox 288 1048 330 1118; x_wconf 92' lang='lat' dir='ltr'><strong>ad</strong></span> <span class='ocrx_word' id='word_1_34' title='bbox 361 1048 607 1136; x_wconf 88' lang='lat' dir='ltr'><strong>dimicandum,</strong></span> <span class='ocrx_word' id='word_1_35' title='bbox 627 1050 729 1116; x_wconf 90' lang='lat' dir='ltr'><strong>nostri</strong></span> <span class='ocrx_word' id='word_1_36' title='bbox 757 1071 795 1115; x_wconf 83' lang='lat' dir='ltr'><strong>ex</strong></span> <span class='ocrx_word' id='word_1_37' title='bbox 809 1046 940 1116; x_wconf 83' lang='lat' dir='ltr'><strong>&#39;humili</strong></span> <span class='ocrx_word' id='word_1_38' title='bbox 969 1045 1116 1116; x_wconf 87' lang='lat' dir='ltr'><strong>convalle</strong></span> <span class='ocrx_word' id='word_1_39' title='bbox 1137 1048 1221 1116; x_wconf 90' lang='lat' dir='ltr'><strong>bene</strong></span> 
     </span>
     <span class='ocr_line' id='line_1_7' title="bbox 190 1165 1221 1262; baseline -0.001 -27"><span class='ocrx_word' id='word_1_40' title='bbox 190 1167 288 1262; x_wconf 88' lang='lat' dir='ltr'><strong>longe</strong></span> <span class='ocrx_word' id='word_1_41' title='bbox 300 1181 377 1237; x_wconf 91' lang='lat' dir='ltr'><strong>sunt</strong></span> <span class='ocrx_word' id='word_1_42' title='bbox 392 1170 532 1261; x_wconf 84' lang='lat' dir='ltr'><strong>egressi,</strong></span> <span class='ocrx_word' id='word_1_43' title='bbox 548 1183 581 1236; x_wconf 89' lang='lat' dir='ltr'><strong>et</strong></span> <span class='ocrx_word' id='word_1_44' title='bbox 610 1167 747 1262; x_wconf 79' lang='lat' dir='ltr'><strong>planitie</strong></span> <span class='ocrx_word' id='word_1_45' title='bbox 776 1167 939 1260; x_wconf 86' lang='lat' dir='ltr'><strong>iniquiore</strong></span> <span class='ocrx_word' id='word_1_46' title='bbox 967 1165 1041 1234; x_wconf 92' lang='lat' dir='ltr'><strong>loco</strong></span> <span class='ocrx_word' id='word_1_47' title='bbox 1066 1167 1221 1235; x_wconf 89' lang='lat' dir='ltr'><strong>constite-</strong></span> 
     </span>
     <span class='ocr_line' id='line_1_8' title="bbox 191 1284 1220 1380; baseline -0.001 -27"><span class='ocrx_word' id='word_1_48' title='bbox 191 1301 278 1354; x_wconf 87' lang='lat' dir='ltr'><strong>runt.</strong></span> <span class='ocrx_word' id='word_1_49' title='bbox 289 1285 342 1355; x_wconf 92' lang='lat' dir='ltr'><strong>Illi</strong></span> <span class='ocrx_word' id='word_1_50' title='bbox 355 1303 465 1355; x_wconf 88' lang='lat' dir='ltr'><strong>tamen</strong></span> <span class='ocrx_word' id='word_1_51' title='bbox 471 1285 691 1380; x_wconf 88' lang='lat' dir='ltr'><strong>proculdubio</strong></span> <span class='ocrx_word' id='word_1_52' title='bbox 702 1286 743 1354; x_wconf 87' lang='lat' dir='ltr'><strong>ad</strong></span> <span class='ocrx_word' id='word_1_53' title='bbox 754 1284 1032 1378; x_wconf 87' lang='lat' dir='ltr'><strong>congrediendum</strong></span> <span class='ocrx_word' id='word_1_54' title='bbox 1044 1285 1077 1352; x_wconf 94' lang='lat' dir='ltr'><strong>in</strong></span> <span class='ocrx_word' id='word_1_55' title='bbox 1092 1307 1220 1376; x_wconf 83' lang='lat' dir='ltr'><strong>aequum</strong></span> 
     </span>
     <span class='ocr_line' id='line_1_9' title="bbox 191 1403 1220 1497; baseline -0.003 -24"><span class='ocrx_word' id='word_1_56' title='bbox 191 1403 300 1473; x_wconf 91' lang='lat' dir='ltr'><strong>locum</strong></span> <span class='ocrx_word' id='word_1_57' title='bbox 313 1431 378 1474; x_wconf 91' lang='lat' dir='ltr'><strong>non</strong></span> <span class='ocrx_word' id='word_1_58' title='bbox 391 1420 466 1473; x_wconf 92' lang='lat' dir='ltr'><strong>sunt</strong></span> <span class='ocrx_word' id='word_1_59' title='bbox 483 1408 553 1474; x_wconf 91' lang='lat' dir='ltr'><strong>ausi</strong></span> <span class='ocrx_word' id='word_1_60' title='bbox 573 1404 782 1490; x_wconf 87' lang='lat' dir='ltr'><strong>descendere,</strong></span> <span class='ocrx_word' id='word_1_61' title='bbox 793 1419 912 1497; x_wconf 81' lang='lat' dir='ltr'><strong>praeter</strong></span> <span class='ocrx_word' id='word_1_62' title='bbox 925 1427 1026 1471; x_wconf 91' lang='lat' dir='ltr'><strong>unum</strong></span> <span class='ocrx_word' id='word_1_63' title='bbox 1041 1405 1220 1471; x_wconf 82' lang='lat' dir='ltr'><strong>Antistium</strong></span> 
     </span>
     <span class='ocr_line' id='line_1_10' title="bbox 191 1522 1221 1618; baseline -0.003 -26"><span class='ocrx_word' id='word_1_64' title='bbox 191 1526 411 1618; x_wconf 88' lang='lat' dir='ltr'><strong>Turpionem;</strong></span> <span class='ocrx_word' id='word_1_65' title='bbox 433 1527 510 1616; x_wconf 94' lang='lat' dir='ltr'><strong>qui,</strong></span> <span class='ocrx_word' id='word_1_66' title='bbox 529 1525 634 1592; x_wconf 85' lang='lat' dir='ltr'><strong>lidens</strong></span> <span class='ocrx_word' id='word_1_67' title='bbox 653 1525 792 1608; x_wconf 89' lang='lat' dir='ltr'><strong>viribus,</strong></span> <span class='ocrx_word' id='word_1_68' title='bbox 814 1547 852 1591; x_wconf 85' lang='lat' dir='ltr'><strong>ex</strong></span> <span class='ocrx_word' id='word_1_69' title='bbox 871 1523 1066 1591; x_wconf 87' lang='lat' dir='ltr'><strong>adversariis</strong></span> <span class='ocrx_word' id='word_1_70' title='bbox 1084 1522 1144 1589; x_wconf 91' lang='lat' dir='ltr'><strong>sibi</strong></span> <span class='ocrx_word' id='word_1_71' title='bbox 1165 1545 1221 1614; x_wconf 91' lang='lat' dir='ltr'><strong>pa·</strong></span> 
     </span>
     <span class='ocr_line' id='line_1_11' title="bbox 192 1638 1220 1736; baseline -0.003 -27"><span class='ocrx_word' id='word_1_72' title='bbox 192 1667 261 1710; x_wconf 88' lang='lat' dir='ltr'><strong>rem</strong></span> <span class='ocrx_word' id='word_1_73' title='bbox 279 1667 348 1710; x_wconf 83' lang='lat' dir='ltr'><strong>esse</strong></span> <span class='ocrx_word' id='word_1_74' title='bbox 360 1644 522 1711; x_wconf 89' lang='lat' dir='ltr'><strong>neminem</strong></span> <span class='ocrx_word' id='word_1_75' title='bbox 543 1647 668 1736; x_wconf 87' lang='lat' dir='ltr'><strong>agitare</strong></span> <span class='ocrx_word' id='word_1_76' title='bbox 683 1644 792 1736; x_wconf 87' lang='lat' dir='ltr'><strong>coepit.</strong></span> <span class='ocrx_word' id='word_1_77' title='bbox 809 1644 887 1724; x_wconf 88' lang='lat' dir='ltr'><strong>Hic,</strong></span> <span class='ocrx_word' id='word_1_78' title='bbox 908 1657 946 1710; x_wconf 93' lang='lat' dir='ltr'><strong>ut</strong></span> <span class='ocrx_word' id='word_1_79' title='bbox 965 1640 1069 1708; x_wconf 81' lang='lat' dir='ltr'><strong>fertur</strong></span> <span class='ocrx_word' id='word_1_80' title='bbox 1086 1638 1220 1708; x_wconf 76' lang='lat' dir='ltr'><strong>Achillis</strong></span> 
     </span>
     <span class='ocr_line' id='line_1_12' title="bbox 190 1760 1221 1854; baseline -0.002 -26"><span class='ocrx_word' id='word_1_81' title='bbox 190 1763 444 1854; x_wconf 89' lang='lat' dir='ltr'><strong>Memnonisque</strong></span> <span class='ocrx_word' id='word_1_82' title='bbox 463 1785 677 1854; x_wconf 84' lang='lat' dir='ltr'><strong>congressus,</strong></span> <span class='ocrx_word' id='word_1_83' title='bbox 695 1764 737 1850; x_wconf 90' lang='lat' dir='ltr'><strong>Q.</strong></span> <span class='ocrx_word' id='word_1_84' title='bbox 768 1763 943 1854; x_wconf 87' lang='lat' dir='ltr'><strong>Pompeius</strong></span> <span class='ocrx_word' id='word_1_85' title='bbox 974 1760 1093 1852; x_wconf 80' lang='lat' dir='ltr'><strong>Niger,</strong></span> <span class='ocrx_word' id='word_1_86' title='bbox 1122 1782 1221 1850; x_wconf 86' lang='lat' dir='ltr'><strong>eques</strong></span> 
     </span>
     <span class='ocr_line' id='line_1_13' title="bbox 190 1876 1221 1971; baseline -0.004 -25"><span class='ocrx_word' id='word_1_87' title='bbox 190 1902 347 1947; x_wconf 90' lang='lat' dir='ltr'><strong>romanus</strong></span> <span class='ocrx_word' id='word_1_88' title='bbox 373 1877 567 1965; x_wconf 78' lang='lat' dir='ltr'><strong>italicensis,</strong></span> <span class='ocrx_word' id='word_1_89' title='bbox 588 1903 627 1946; x_wconf 85' lang='lat' dir='ltr'><strong>ex</strong></span> <span class='ocrx_word' id='word_1_90' title='bbox 646 1881 716 1945; x_wconf 89' lang='lat' dir='ltr'><strong>acie</strong></span> <span class='ocrx_word' id='word_1_91' title='bbox 735 1895 848 1946; x_wconf 87' lang='lat' dir='ltr'><strong>nostra</strong></span> <span class='ocrx_word' id='word_1_92' title='bbox 872 1879 913 1946; x_wconf 88' lang='lat' dir='ltr'><strong>ad</strong></span> <span class='ocrx_word' id='word_1_93' title='bbox 943 1876 1221 1971; x_wconf 90' lang='lat' dir='ltr'><strong>congrediendum</strong></span> 
     </span>
     <span class='ocr_line' id='line_1_14' title="bbox 191 1995 1222 2092; baseline -0.003 -27"><span class='ocrx_word' id='word_1_94' title='bbox 191 2021 383 2092; x_wconf 89' lang='lat' dir='ltr'><strong>progressus</strong></span> <span class='ocrx_word' id='word_1_95' title='bbox 400 2010 458 2065; x_wconf 88' lang='lat' dir='ltr'><strong>est.</strong></span> <span class='ocrx_word' id='word_1_96' title='bbox 477 1997 645 2086; x_wconf 85' lang='lat' dir='ltr'><strong>Quoniam</strong></span> <span class='ocrx_word' id='word_1_97' title='bbox 658 1996 810 2065; x_wconf 80' lang='lat' dir='ltr'><strong>ferocitas</strong></span> <span class='ocrx_word' id='word_1_98' title='bbox 825 1996 959 2066; x_wconf 85' lang='lat' dir='ltr'><strong>Antistii</strong></span> <span class='ocrx_word' id='word_1_99' title='bbox 973 1995 1122 2062; x_wconf 88' lang='lat' dir='ltr'><strong>omnium</strong></span> <span class='ocrx_word' id='word_1_100' title='bbox 1135 2019 1222 2062; x_wconf 87' lang='lat' dir='ltr'><strong>mon·</strong></span> 
     </span>
     <span class='ocr_line' id='line_1_15' title="bbox 190 2113 1223 2208; baseline -0.002 -25"><span class='ocrx_word' id='word_1_101' title='bbox 190 2130 237 2184; x_wconf 79' lang='lat' dir='ltr'><strong>tes</strong></span> <span class='ocrx_word' id='word_1_102' title='bbox 253 2129 457 2184; x_wconf 82' lang='lat' dir='ltr'><strong>converterat</strong></span> <span class='ocrx_word' id='word_1_103' title='bbox 474 2115 516 2182; x_wconf 91' lang='lat' dir='ltr'><strong>ab</strong></span> <span class='ocrx_word' id='word_1_104' title='bbox 532 2140 632 2208; x_wconf 89' lang='lat' dir='ltr'><strong>opere</strong></span> <span class='ocrx_word' id='word_1_105' title='bbox 649 2114 691 2182; x_wconf 91' lang='lat' dir='ltr'><strong>ad</strong></span> <span class='ocrx_word' id='word_1_106' title='bbox 709 2114 942 2208; x_wconf 88' lang='lat' dir='ltr'><strong>spectandum,</strong></span> <span class='ocrx_word' id='word_1_107' title='bbox 960 2116 1046 2182; x_wconf 87' lang='lat' dir='ltr'><strong>acies</strong></span> <span class='ocrx_word' id='word_1_108' title='bbox 1063 2128 1141 2181; x_wconf 90' lang='lat' dir='ltr'><strong>sunt</strong></span> <span class='ocrx_word' id='word_1_109' title='bbox 1160 2113 1223 2181; x_wconf 90' lang='lat' dir='ltr'><strong>dis·</strong></span> 
     </span>
     <span class='ocr_line' id='line_1_16' title="bbox 190 2230 1220 2327; baseline -0.001 -26"><span class='ocrx_word' id='word_1_110' title='bbox 190 2235 328 2327; x_wconf 80' lang='lat' dir='ltr'><strong>positae:</strong></span> <span class='ocrx_word' id='word_1_111' title='bbox 351 2259 428 2302; x_wconf 88' lang='lat' dir='ltr'><strong>nam</strong></span> <span class='ocrx_word' id='word_1_112' title='bbox 449 2236 535 2303; x_wconf 91' lang='lat' dir='ltr'><strong>inter</strong></span> <span class='ocrx_word' id='word_1_113' title='bbox 554 2232 727 2303; x_wconf 84' lang='lat' dir='ltr'><strong>bellatores</strong></span> <span class='ocrx_word' id='word_1_114' title='bbox 752 2235 919 2327; x_wconf 90' lang='lat' dir='ltr'><strong>principes</strong></span> <span class='ocrx_word' id='word_1_115' title='bbox 943 2230 1043 2300; x_wconf 91' lang='lat' dir='ltr'><strong>dubia</strong></span> <span class='ocrx_word' id='word_1_116' title='bbox 1066 2248 1135 2300; x_wconf 86' lang='lat' dir='ltr'><strong>erat</strong></span> <span class='ocrx_word' id='word_1_117' title='bbox 1158 2258 1220 2326; x_wconf 92' lang='lat' dir='ltr'><strong>po·</strong></span> 
     </span>
     <span class='ocr_line' id='line_1_17' title="bbox 189 2350 1221 2449; baseline -0.001 -29"><span class='ocrx_word' id='word_1_118' title='bbox 189 2356 251 2422; x_wconf 89' lang='lat' dir='ltr'><strong>sita</strong></span> <span class='ocrx_word' id='word_1_119' title='bbox 269 2356 422 2442; x_wconf 86' lang='lat' dir='ltr'><strong>victoria,</strong></span> <span class='ocrx_word' id='word_1_120' title='bbox 441 2368 477 2424; x_wconf 89' lang='lat' dir='ltr'><strong>ut</strong></span> <span class='ocrx_word' id='word_1_121' title='bbox 496 2380 598 2449; x_wconf 88' lang='lat' dir='ltr'><strong>prope</strong></span> <span class='ocrx_word' id='word_1_122' title='bbox 614 2354 781 2422; x_wconf 87' lang='lat' dir='ltr'><strong>videretur</strong></span> <span class='ocrx_word' id='word_1_123' title='bbox 800 2353 898 2421; x_wconf 82' lang='lat' dir='ltr'><strong>linem</strong></span> <span class='ocrx_word' id='word_1_124' title='bbox 918 2350 1061 2420; x_wconf 89' lang='lat' dir='ltr'><strong>bellandi</strong></span> <span class='ocrx_word' id='word_1_125' title='bbox 1079 2352 1221 2420; x_wconf 90' lang='lat' dir='ltr'><strong>duorum</strong></span> 
     </span>
     <span class='ocr_line' id='line_1_18' title="bbox 192 2471 1221 2570; baseline -0.002 -30"><span class='ocrx_word' id='word_1_126' title='bbox 192 2471 344 2543; x_wconf 87' lang='lat' dir='ltr'><strong>dirimere</strong></span> <span class='ocrx_word' id='word_1_127' title='bbox 363 2495 486 2570; x_wconf 86' lang='lat' dir='ltr'><strong>pugna.</strong></span> <span class='ocrx_word' id='word_1_128' title='bbox 520 2479 571 2543; x_wconf 89' lang='lat' dir='ltr'><strong>Ita</strong></span> <span class='ocrx_word' id='word_1_129' title='bbox 600 2473 685 2542; x_wconf 85' lang='lat' dir='ltr'><strong>avidi</strong></span> <span class='ocrx_word' id='word_1_130' title='bbox 716 2471 892 2566; x_wconf 90' lang='lat' dir='ltr'><strong>cupidiqne</strong></span> <span class='ocrx_word' id='word_1_131' title='bbox 920 2497 1051 2541; x_wconf 92' lang='lat' dir='ltr'><strong>suarum</strong></span> <span class='ocrx_word' id='word_1_132' title='bbox 1084 2475 1221 2564; x_wconf 88' lang='lat' dir='ltr'><strong>quisque</strong></span> 
     </span>
     <span class='ocr_line' id='line_1_19' title="bbox 190 2588 1220 2686; baseline -0.004 -25"><span class='ocrx_word' id='word_1_133' title='bbox 190 2595 332 2684; x_wconf 87' lang='lat' dir='ltr'><strong>partium</strong></span> <span class='ocrx_word' id='word_1_134' title='bbox 342 2645 352 2680; x_wconf 91' lang='lat'><strong>,</strong></span> <span class='ocrx_word' id='word_1_135' title='bbox 362 2609 573 2686; x_wconf 84' lang='lat' dir='ltr'><strong>expertorum</strong></span> <span class='ocrx_word' id='word_1_136' title='bbox 588 2595 734 2659; x_wconf 88' lang='lat' dir='ltr'><strong>virorum</strong></span> <span class='ocrx_word' id='word_1_137' title='bbox 750 2589 981 2682; x_wconf 82' lang='lat' dir='ltr'><strong>fautorumque</strong></span> <span class='ocrx_word' id='word_1_138' title='bbox 996 2588 1148 2658; x_wconf 86' lang='lat' dir='ltr'><strong>voluntas</strong></span> <span class='ocrx_word' id='word_1_139' title='bbox 1162 2591 1220 2658; x_wconf 84' lang='lat' dir='ltr'><strong>lra-</strong></span> 
     </span>
     <span class='ocr_line' id='line_1_20' title="bbox 186 2707 1221 2801; baseline -0.001 -23"><span class='ocrx_word' id='word_1_140' title='bbox 186 2711 334 2780; x_wconf 90' lang='lat' dir='ltr'><strong>bebatur.</strong></span> <span class='ocrx_word' id='word_1_141' title='bbox 354 2713 506 2799; x_wconf 89' lang='lat' dir='ltr'><strong>Quorum</strong></span> <span class='ocrx_word' id='word_1_142' title='bbox 526 2712 644 2778; x_wconf 90' lang='lat' dir='ltr'><strong>virtute</strong></span> <span class='ocrx_word' id='word_1_143' title='bbox 664 2708 764 2777; x_wconf 88' lang='lat' dir='ltr'><strong>alacri</strong></span> <span class='ocrx_word' id='word_1_144' title='bbox 774 2733 875 2801; x_wconf 88' lang='lat' dir='ltr'><strong>quum</strong></span> <span class='ocrx_word' id='word_1_145' title='bbox 886 2707 927 2776; x_wconf 88' lang='lat' dir='ltr'><strong>ad</strong></span> <span class='ocrx_word' id='word_1_146' title='bbox 937 2708 1161 2778; x_wconf 88' lang='lat' dir='ltr'><strong>dimicandum</strong></span> <span class='ocrx_word' id='word_1_147' title='bbox 1187 2711 1221 2777; x_wconf 94' lang='lat' dir='ltr'><strong>in</strong></span> 
     </span>
     <span class='ocr_line' id='line_1_21' title="bbox 190 2822 1222 2922; baseline 0.001 -27"><span class='ocrx_word' id='word_1_148' title='bbox 190 2827 359 2921; x_wconf 88' lang='lat' dir='ltr'><strong>planitiem</strong></span> <span class='ocrx_word' id='word_1_149' title='bbox 388 2854 422 2897; x_wconf 89' lang='lat' dir='ltr'><strong>se</strong></span> <span class='ocrx_word' id='word_1_150' title='bbox 444 2827 674 2916; x_wconf 88' lang='lat' dir='ltr'><strong>contulissent,</strong></span> <span class='ocrx_word' id='word_1_151' title='bbox 698 2843 932 2920; x_wconf 89' lang='lat' dir='ltr'><strong>scutorumque</strong></span> <span class='ocrx_word' id='word_1_152' title='bbox 954 2822 1060 2896; x_wconf 87' lang='lat' dir='ltr'><strong>laudis</strong></span> <span class='ocrx_word' id='word_1_153' title='bbox 1086 2830 1222 2922; x_wconf 88' lang='lat' dir='ltr'><strong>insignis</strong></span> 
     </span>
     <span class='ocr_line' id='line_1_22' title="bbox 188 2946 1222 3042; baseline 0.002 -28"><span class='ocrx_word' id='word_1_154' title='bbox 188 2946 385 3042; x_wconf 72' lang='lat' dir='ltr'><strong>prefulgens</strong></span> <span class='ocrx_word' id='word_1_155' title='bbox 405 2972 488 3042; x_wconf 92' lang='lat' dir='ltr'><strong>opus</strong></span> <span class='ocrx_word' id='word_1_156' title='bbox 507 2947 672 3036; x_wconf 86' lang='lat' dir='ltr'><strong>caelatum,</strong></span> <span class='ocrx_word' id='word_1_157' title='bbox 701 2973 842 3041; x_wconf 89' lang='lat' dir='ltr'><strong>quorum</strong></span> <span class='ocrx_word' id='word_1_158' title='bbox 869 2951 1092 3041; x_wconf 77' lang='lat' dir='ltr'><strong>pugna&#39;esset</strong></span> <span class='ocrx_word' id='word_1_159' title='bbox 1116 2973 1222 3042; x_wconf 89' lang='lat' dir='ltr'><strong>prope</strong></span> 
     </span>
    </p>
   </div>
   <div class='ocr_carea' id='block_1_3' title="bbox 188 3067 1222 3162">
    <p class='ocr_par' dir='ltr' id='par_1_3' title="bbox 188 3067 1222 3162">
     <span class='ocr_line' id='line_1_23' title="bbox 188 3067 1222 3162; baseline 0.002 -28"><span class='ocrx_word' id='word_1_160' title='bbox 188 3067 334 3160; x_wconf 85' lang='lat' dir='ltr'><strong>profecto</strong></span> <span class='ocrx_word' id='word_1_161' title='bbox 351 3067 531 3161; x_wconf 86' lang='lat' dir='ltr'><strong>dirempta,</strong></span> <span class='ocrx_word' id='word_1_162' title='bbox 551 3070 611 3136; x_wconf 91' lang='lat' dir='ltr'><strong>nisi</strong></span> <span class='ocrx_word' id='word_1_163' title='bbox 630 3082 764 3162; x_wconf 89' lang='lat' dir='ltr'><strong>propter</strong></span> <span class='ocrx_word' id='word_1_164' title='bbox 782 3068 930 3161; x_wconf 87' lang='lat' dir='ltr'><strong>equitum</strong></span> <span class='ocrx_word' id='word_1_165' title='bbox 949 3093 1157 3156; x_wconf 89' lang='lat' dir='ltr'><strong>concessum,</strong></span> <span class='ocrx_word' id='word_1_166' title='bbox 1185 3083 1222 3136; x_wconf 88' lang='lat' dir='ltr'><strong>ut</strong></span> 
     </span>
    </p>
   </div>
   <div class='ocr_carea' id='block_1_4' title="bbox 189 3185 1223 3280">
    <p class='ocr_par' dir='ltr' id='par_1_4' title="bbox 189 3185 1223 3280">
     <span class='ocr_line' id='line_1_24' title="bbox 189 3185 1223 3280; baseline 0.002 -28"><span class='ocrx_word' id='word_1_167' title='bbox 189 3209 289 3278; x_wconf 84' lang='lat' dir='ltr'><strong>supra</strong></span> <span class='ocrx_word' id='word_1_168' title='bbox 321 3185 634 3275; x_wconf 83' lang='lat' dir='ltr'><strong>demonstravimus,</strong></span> <span class='ocrx_word' id='word_1_169' title='bbox 659 3187 738 3255; x_wconf 88' lang='lat' dir='ltr'><strong>levis</strong></span> <span class='ocrx_word' id='word_1_170' title='bbox 765 3202 931 3256; x_wconf 87' lang='lat' dir='ltr'><strong>armatura</strong></span> <span class='ocrx_word' id='word_1_171' title='bbox 959 3187 1100 3280; x_wconf 85' lang='lat' dir='ltr'><strong>praesidii</strong></span> <span class='ocrx_word' id='word_1_172' title='bbox 1125 3212 1223 3256; x_wconf 88' lang='lat' dir='ltr'><strong>causa</strong></span> 
     </span>
    </p>
   </div>
   <div class='ocr_carea' id='block_1_5' title="bbox 190 3289 1341 3399">
    <p class='ocr_par' dir='ltr' id='par_1_5' title="bbox 190 3289 1341 3399">
     <span class='ocr_line' id='line_1_25' title="bbox 190 3289 1341 3399; baseline 0.003 -28"><span class='ocrx_word' id='word_1_173' title='bbox 190 3328 259 3372; x_wconf 91' lang='lat' dir='ltr'><strong>non</strong></span> <span class='ocrx_word' id='word_1_174' title='bbox 275 3302 372 3399; x_wconf 91' lang='lat' dir='ltr'><strong>longe</strong></span> <span class='ocrx_word' id='word_1_175' title='bbox 388 3307 429 3374; x_wconf 89' lang='lat' dir='ltr'><strong>ab</strong></span> <span class='ocrx_word' id='word_1_176' title='bbox 459 3331 557 3399; x_wconf 92' lang='lat' dir='ltr'><strong>opere</strong></span> <span class='ocrx_word' id='word_1_177' title='bbox 581 3289 763 3375; x_wconf 77' lang='lat' dir='ltr'><strong>castrorum</strong></span> <span class='ocrx_word' id='word_1_178' title='bbox 790 3309 998 3376; x_wconf 83' lang='lat' dir='ltr'><strong>constitisset.</strong></span> <span class='ocrx_word' id='word_1_179' title='bbox 1024 3310 1071 3374; x_wconf 87' lang='lat' dir='ltr'><strong>Ut</strong></span> <span class='ocrx_word' id='word_1_180' title='bbox 1094 3322 1222 3375; x_wconf 86' lang='lat' dir='ltr'><strong>nostros</strong></span> <span class='ocrx_word' id='word_1_181' title='bbox 1337 3341 1341 3352; x_wconf 93' lang='lat'>·</span> 
     </span>
    </p>
   </div>
   <div class='ocr_carea' id='block_1_6' title="bbox 189 3425 1223 4117">
    <p class='ocr_par' dir='ltr' id='par_1_6' title="bbox 189 3425 1222 3881">
     <span class='ocr_line' id='line_1_26' title="bbox 189 3425 1222 3520; baseline -0.004 -26"><span class='ocrx_word' id='word_1_182' title='bbox 189 3426 313 3518; x_wconf 87' lang='lat' dir='ltr'><strong>equites</strong></span> <span class='ocrx_word' id='word_1_183' title='bbox 329 3427 363 3494; x_wconf 95' lang='lat' dir='ltr'><strong>in</strong></span> <span class='ocrx_word' id='word_1_184' title='bbox 388 3441 537 3520; x_wconf 87' lang='lat' dir='ltr'><strong>receptu,</strong></span> <span class='ocrx_word' id='word_1_185' title='bbox 565 3425 645 3494; x_wconf 87' lang='lat' dir='ltr'><strong>dum</strong></span> <span class='ocrx_word' id='word_1_186' title='bbox 670 3425 711 3494; x_wconf 90' lang='lat' dir='ltr'><strong>ad</strong></span> <span class='ocrx_word' id='word_1_187' title='bbox 737 3441 843 3495; x_wconf 86' lang='lat' dir='ltr'><strong>castra</strong></span> <span class='ocrx_word' id='word_1_188' title='bbox 865 3425 1020 3507; x_wconf 88' lang='lat' dir='ltr'><strong>redeunt,</strong></span> <span class='ocrx_word' id='word_1_189' title='bbox 1046 3425 1222 3494; x_wconf 83' lang='lat' dir='ltr'><strong>adversarii</strong></span> 
     </span>
     <span class='ocr_line' id='line_1_27' title="bbox 189 3545 1222 3638; baseline -0.003 -26"><span class='ocrx_word' id='word_1_190' title='bbox 189 3545 340 3638; x_wconf 89' lang='lat' dir='ltr'><strong>cupidius</strong></span> <span class='ocrx_word' id='word_1_191' title='bbox 359 3561 437 3614; x_wconf 90' lang='lat' dir='ltr'><strong>sunt</strong></span> <span class='ocrx_word' id='word_1_192' title='bbox 461 3545 617 3628; x_wconf 90' lang='lat' dir='ltr'><strong>insecuti,</strong></span> <span class='ocrx_word' id='word_1_193' title='bbox 636 3547 800 3629; x_wconf 83' lang='lat' dir='ltr'><strong>universi,</strong></span> <span class='ocrx_word' id='word_1_194' title='bbox 821 3545 963 3613; x_wconf 88' lang='lat' dir='ltr'><strong>clamore</strong></span> <span class='ocrx_word' id='word_1_195' title='bbox 986 3545 1096 3630; x_wconf 86' lang='lat' dir='ltr'><strong>sacto,</strong></span> <span class='ocrx_word' id='word_1_196' title='bbox 1117 3545 1222 3636; x_wconf 87' lang='lat' dir='ltr'><strong>impe·</strong></span> 
     </span>
     <span class='ocr_line' id='line_1_28' title="bbox 191 3664 1221 3760; baseline 0 -30"><span class='ocrx_word' id='word_1_197' title='bbox 191 3679 261 3733; x_wconf 90' lang='lat' dir='ltr'><strong>tum</strong></span> <span class='ocrx_word' id='word_1_198' title='bbox 274 3664 445 3734; x_wconf 89' lang='lat' dir='ltr'><strong>dederunt.</strong></span> <span class='ocrx_word' id='word_1_199' title='bbox 464 3669 514 3734; x_wconf 88' lang='lat' dir='ltr'><strong>Ita</strong></span> <span class='ocrx_word' id='word_1_200' title='bbox 530 3681 621 3735; x_wconf 89' lang='lat' dir='ltr'><strong>metu</strong></span> <span class='ocrx_word' id='word_1_201' title='bbox 639 3667 821 3760; x_wconf 82' lang='lat' dir='ltr'><strong>perterriti,</strong></span> <span class='ocrx_word' id='word_1_202' title='bbox 839 3689 942 3759; x_wconf 88' lang='lat' dir='ltr'><strong>quum</strong></span> <span class='ocrx_word' id='word_1_203' title='bbox 956 3666 989 3732; x_wconf 91' lang='lat' dir='ltr'><strong>in</strong></span> <span class='ocrx_word' id='word_1_204' title='bbox 1005 3665 1079 3758; x_wconf 84' lang='lat' dir='ltr'><strong>fuga</strong></span> <span class='ocrx_word' id='word_1_205' title='bbox 1099 3678 1221 3749; x_wconf 88' lang='lat' dir='ltr'><strong>essent,</strong></span> 
     </span>
     <span class='ocr_line' id='line_1_29' title="bbox 192 3783 888 3881; baseline 0.003 -31"><span class='ocrx_word' id='word_1_206' title='bbox 192 3783 305 3853; x_wconf 89' lang='lat' dir='ltr'><strong>multis</strong></span> <span class='ocrx_word' id='word_1_207' title='bbox 321 3786 465 3871; x_wconf 88' lang='lat' dir='ltr'><strong>amissis,</strong></span> <span class='ocrx_word' id='word_1_208' title='bbox 483 3787 517 3854; x_wconf 91' lang='lat' dir='ltr'><strong>in</strong></span> <span class='ocrx_word' id='word_1_209' title='bbox 534 3799 641 3854; x_wconf 87' lang='lat' dir='ltr'><strong>castra</strong></span> <span class='ocrx_word' id='word_1_210' title='bbox 661 3811 694 3854; x_wconf 90' lang='lat' dir='ltr'><strong>se</strong></span> <span class='ocrx_word' id='word_1_211' title='bbox 714 3787 888 3881; x_wconf 84' lang='lat' dir='ltr'><strong>recipiunt.</strong></span> 
     </span>
    </p>

    <p class='ocr_par' dir='ltr' id='par_1_7' title="bbox 193 3903 1223 4117">
     <span class='ocr_line' id='line_1_30' title="bbox 239 3903 1223 3974; baseline -0.002 -5"><span class='ocrx_word' id='word_1_212' title='bbox 239 3905 364 3972; x_wconf 85' lang='lat' dir='ltr'><strong>XXVI.</strong></span> <span class='ocrx_word' id='word_1_213' title='bbox 385 3907 493 3973; x_wconf 73' lang='lat' dir='ltr'><strong>Cesar</strong></span> <span class='ocrx_word' id='word_1_214' title='bbox 509 3905 554 3972; x_wconf 87' lang='lat' dir='ltr'><strong>ob</strong></span> <span class='ocrx_word' id='word_1_215' title='bbox 572 3909 730 3974; x_wconf 85' lang='lat' dir='ltr'><strong>virtutem</strong></span> <span class='ocrx_word' id='word_1_216' title='bbox 759 3921 875 3973; x_wconf 74' lang='lat' dir='ltr'><strong>turmas</strong></span> <span class='ocrx_word' id='word_1_217' title='bbox 900 3905 1063 3974; x_wconf 84' lang='lat' dir='ltr'><strong>Cassianae</strong></span> <span class='ocrx_word' id='word_1_218' title='bbox 1088 3903 1223 3970; x_wconf 84' lang='lat' dir='ltr'><strong>donavit</strong></span> 
     </span>
     <span class='ocr_line' id='line_1_31' title="bbox 193 4017 1223 4117; baseline 0 -31"><span class='ocrx_word' id='word_1_219' title='bbox 193 4017 293 4088; x_wconf 85' lang='lat' dir='ltr'><strong>millia</strong></span> <span class='ocrx_word' id='word_1_220' title='bbox 312 4037 445 4104; x_wconf 82' lang='lat' dir='ltr'><strong>x1n,et</strong></span> <span class='ocrx_word' id='word_1_221' title='bbox 465 4023 617 4117; x_wconf 82' lang='lat' dir='ltr'><strong>praefecto</strong></span> <span class='ocrx_word' id='word_1_222' title='bbox 634 4038 767 4116; x_wconf 87' lang='lat' dir='ltr'><strong>torques</strong></span> <span class='ocrx_word' id='word_1_223' title='bbox 785 4047 903 4096; x_wconf 82' lang='lat' dir='ltr'><strong>aureos</strong></span> <span class='ocrx_word' id='word_1_224' title='bbox 922 4047 962 4104; x_wconf 88' lang='lat' dir='ltr'><strong>v,</strong></span> <span class='ocrx_word' id='word_1_225' title='bbox 983 4037 1016 4089; x_wconf 90' lang='lat' dir='ltr'><strong>et</strong></span> <span class='ocrx_word' id='word_1_226' title='bbox 1035 4021 1096 4089; x_wconf 88' lang='lat' dir='ltr'><strong>levi</strong></span> <span class='ocrx_word' id='word_1_227' title='bbox 1117 4043 1223 4088; x_wconf 85' lang='lat' dir='ltr'><strong>arma·</strong></span> 
     </span>
    </p>
   </div>
   <div class='ocr_carea' id='block_1_7' title="bbox 1029 4163 1079 4231">
    <p class='ocr_par' dir='ltr' id='par_1_8' title="bbox 1029 4163 1079 4231">
     <span class='ocr_line' id='line_1_32' title="bbox 1029 4163 1079 4231; baseline 0 -23"><span class='ocrx_word' id='word_1_228' title='bbox 1029 4163 1079 4231; x_wconf 71' lang='grc' dir='ltr'><strong>ις).</strong></span> 
     </span>
    </p>
   </div>
   <div class='ocr_carea' id='block_1_8' title="bbox 0 0 1517 4780">
    <p class='ocr_par' dir='ltr' id='par_1_9' title="bbox 0 0 1517 4780">
     <span class='ocr_line' id='line_1_33' title="bbox 0 0 1517 4780; baseline 0 0"><span class='ocrx_word' id='word_1_229' title='bbox 0 0 1517 4780; x_wconf 95' lang='lat' dir='ltr'><strong> </strong></span> 
     </span>
    </p>
   </div>
  </div>
 </body>
</html>
