3048 4770
484 310 534 364 DE
553 307 676 362 BELLO
698 309 866 362 GALLICO
889 309 958 362 ΜΒ.
977 309 997 362 l.
1221 304 1257 358 35

220 449 273 502 tus
291 433 409 526 proelio
425 430 641 514 contendere,
654 433 685 500 ci
709 446 854 524 potestas
876 458 943 500 non
961 431 1096 501 deesset.
1114 433 1255 502 Ariovis-

220 567 274 622 tus
301 555 353 622 his
384 551 539 619 omnibus
570 551 686 621 diebus
714 553 897 621 exercitum
930 553 1045 622 castris
1070 554 1260 630 continuit:

223 672 370 766 equestri
390 668 506 763 proelio
526 671 673 764 quotidie
693 671 875 740 contendit.
897 676 1012 742 Genus
1032 673 1180 740 hocerat
1199 697 1262 765 pu·

225 816 313 885 gnae,
329 815 396 883 quo
407 815 441 858 se
454 789 614 858 Germani
630 804 853 860 exercuerant.
871 793 1031 884 Eqmtum
1049 789 1152 860 millia
1168 808 1262 859 erant

228 935 295 993 sex;
306 909 442 978 totidem
452 933 595 978 numero
607 909 1264 1004 peditesvelocissimiacfortissimi,qnos

227 1031 374 1100 exomni
393 1031 489 1122 copia
509 1028 630 1124 singuli
652 1028 813 1123 singulos,
829 1055 895 1098 suae
914 1029 1029 1099 salutis
1045 1055 1158 1114 causa,
1178 1028 1260 1099 dele·

227 1163 365 1244 gerant:
385 1169 461 1216 cum
478 1150 529 1217 his
549 1152 582 1218 in
599 1147 723 1243 proeliis
740 1151 973 1236 versabantur,
989 1150 1031 1218 ad
1047 1150 1109 1219 hos
1126 1176 1161 1219 se
1177 1153 1266 1244 equi-

227 1286 274 1338 tes
290 1269 517 1362 recipiebant:
536 1270 586 1356 hi,
608 1271 636 1338 si
656 1269 737 1363 quid
757 1284 829 1338 erat
845 1269 975 1356 durius,
991 1271 1235 1341 concurrebant
1257 1299 1264 1340 ε

227 1390 254 1458 si
268 1391 339 1482 qui,
353 1389 505 1482 graviore
520 1388 659 1459 vulnere
668 1405 819 1484 accepto,
833 1413 919 1481 equo
931 1388 1115 1474 deciderat,
1129 1393 1268 1462 circum·

228 1509 385 1578 sistebant
402 1533 410 1576 :
428 1509 455 1576 si
471 1532 539 1600 quo
555 1522 624 1578 erat
641 1507 771 1602 longius
786 1507 1035 1602 prodeundum,
1053 1523 1111 1577 aut
1128 1509 1268 1578 celerius

228 1627 475 1722 recipiendum,
497 1641 588 1698 tanta
609 1641 681 1694 erat
700 1625 820 1696 horum
842 1627 1076 1694 exercitatione
1098 1625 1268 1712 celeritas,

230 1762 283 1833 ut,
297 1747 388 1840 jubis
408 1769 571 1837 equorum
588 1743 763 1833 sublevati,
776 1771 909 1814 cursum
924 1744 1144 1837 adaequarent.

276 1869 400 1934 XLIX.
417 1863 486 1933 Ubi
501 1886 578 1930 eum
599 1863 715 1931 castris
729 1889 764 1932 se
779 1880 892 1934 tenere
909 1867 1017 1934 caesar
1034 1860 1210 1954 intellexit,
1229 1891 1269 1938 ne

231 1985 353 2053 diutius
367 1997 554 2053 commeatu
567 1981 800 2077 prohiberetur
809 2037 819 2070 ,
828 1983 915 2054 ultra
929 2011 1005 2055 eum
1020 1983 1146 2072 locum,
1159 1990 1269 2079 quoin

231 2103 305 2174 loco
315 2104 475 2172 Germani
490 2103 725 2190 consederant,
736 2105 877 2192 circiter,
891 2129 1006 2197 passus
1017 2129 1063 2176 uc
1075 2107 1116 2174 ab
1127 2108 1188 2194 eis,
1207 2133 1272 2176 cas·

233 2226 291 2292 tris
311 2223 466 2292 idoneum
493 2224 602 2294 locum
627 2223 767 2317 delegit,
792 2224 927 2316 acieque
950 2223 1074 2320 triplici
1094 2227 1270 2310 instructa,

231 2343 365 2414 adeum
383 2341 493 2411 locum
509 2343 610 2411 venit.
627 2343 773 2412 Primam
793 2357 827 2411 et
844 2341 1021 2412 secundam
1044 2346 1148 2414 aciem
1169 2347 1204 2412 in
1221 2370 1273 2413 ar·

233 2466 295 2533 mis
308 2487 395 2552 esse,
410 2463 542 2532 tertiam
555 2476 663 2529 castra
677 2463 808 2530 munire
819 2462 926 2555 jussit.
942 2464 1006 2532 Hic
1023 2462 1115 2532 locus
1128 2464 1169 2533 ab
1178 2465 1272 2532 hoste

233 2585 365 2652 circiter
379 2607 493 2676 passus
509 2594 695 2666 sexcentos,
710 2583 760 2650 uti
778 2581 904 2651 dictum
924 2598 987 2668 est,
1004 2583 1128 2651 oberat.
1144 2585 1194 2650 Εο
1211 2583 1274 2650 cir·

233 2704 315 2772 citer
339 2703 514 2771 hominum
536 2725 677 2770 numero
704 2725 761 2770 xvr
787 2698 891 2768 millia
915 2699 1161 2792 expeditarum
1181 2703 1272 2770 omni

234 2823 383 2916 equitatu
401 2821 587 2890 Ariovistus
612 2821 717 2905 misit,
743 2843 816 2912 quae
837 2819 940 2911 copiae
962 2832 1093 2888 nostros
1113 2835 1274 2913 perterre·

235 2956 325 3026 rent,
338 2955 373 3009 et
391 2940 577 3008 munitione
597 2939 822 3033 prohiberent.
840 2936 955 3008 Nihilo
973 2940 1079 3008 secius
1095 2943 1219 3030 cesar,
1237 2956 1275 3011 ut

237 3079 314 3134 ante
331 3059 565 3144 constituerat,
581 3058 663 3128 duas
679 3060 765 3128 acies
781 3059 909 3128 hostem
927 3058 1124 3154 populsare,
1143 3063 1274 3130 tertiam

237 3207 321 3279 opus
338 3178 497 3272 perficere
514 3181 622 3274 jussit.
640 3180 780 3248 Munitis
798 3181 930 3264 castris,
956 3181 1037 3252 duas
1057 3181 1103 3250 ibi
1129 3179 1275 3276 legiones

238 3298 386 3393 reliquit,
402 3314 438 3368 et
453 3315 581 3392 partem
600 3296 814 3386 auxiliorum;
829 3313 972 3392 quatuor
988 3299 1132 3394 reliquas
1151 3303 1186 3370 in
1206 3325 1276 3370 cas·

239 3435 288 3488 tra
304 3421 429 3512 majora
445 3419 586 3488 reduxit.

286 3541 325 3606 L.
345 3539 501 3608 Proximo
520 3537 590 3625 die,
614 3538 765 3607 instituto
783 3563 858 3626 suo,
879 3542 989 3609 Caesar
1006 3563 1025 3607 e
1045 3549 1161 3608 castris
1180 3541 1277 3610 utris·

238 3683 304 3752 que
328 3657 440 3750 copias
462 3683 535 3728 suas
553 3657 682 3744 eduxit3
704 3657 907 3752 paulumque
926 3683 944 3726 a
962 3657 1143 3752 majoribus
1162 3661 1278 3729 castris

240 3801 445 3874 progressus,
469 3779 572 3847 aciem
592 3780 768 3864 instruxit,
789 3779 1005 3872 hostibusque
1026 3779 1196 3874 pugnandi
1220 3782 1279 3873 'po-

242 3911 389 3968 testatem
406 3897 493 3966 fecit.
509 3897 577 3965 Ubi
591 3921 633 3964 ne
649 3911 719 3966 tum
735 3897 868 3991 quidem
884 3923 939 3966 eos
955 3897 1087 3990 prodire
1101 3897 1278 3985 intellexit,

1126 4017 1156 4086 3.
