3038 4766
445 389 496 446 nn
511 387 640 446 nunno
660 387 777 443 civim
798 385 869 442 mn.
891 388 942 443 111.
1174 411 1209 468 9,

185 517 384 584 sooomnino
396 535 444 583 xri
457 535 555 582 noves
576 509 691 604 longas
708 509 857 605 presidio
872 510 1032 600 duxisset,
1045 515 1079 582 in
1093 515 1213 606 quibus

184 649 280 703 erent
295 645 467 704 constratae
487 644 631 724 quatuor
649 655 658 699 s
681 653 789 724 neque
800 629 957 716 Bibulus,
973 629 1155 726 impeditus
1163 658 1215 703 na-

183 753 279 822 vibus
292 750 509 845 dispersisque
517 749 712 845 remigibus,
721 751 798 820 satis
814 763 943 822 mature
955 752 1113 836 occurrit,
1123 753 1213 846 qnod

182 871 276 964 prius
290 869 332 940 ad
347 870 569 939 continentem
587 870 676 938 visus
692 882 742 938 est
754 872 874 957 Caesor,
894 893 993 962 quum
1012 869 1053 940 de
1069 871 1139 965 ejus
1155 871 1213 940 ad-

183 1003 285 1058 ventu
303 988 391 1060 forna
409 988 546 1057 omnino
565 989 600 1057 in
615 1012 671 1058 eas
685 990 835 1083 regiones
851 989 1059 1086 perferretur.

233 1109 324 1178 VIII.
344 1107 509 1202 Expositis
525 1105 699 1194 militibus,
712 1131 810 1178 nares
828 1108 941 1178 eodem
960 1125 1057 1182 nocte
1073 1108 1214 1180 Brundi·

182 1229 269 1296 sium
288 1249 307 1294 a
325 1227 455 1296 Caesare
471 1226 697 1314 remittuntur,
717 1242 755 1294 ut
775 1225 907 1320 reliquae
926 1226 1071 1323 legiones
1087 1229 1214 1322 equita·

184 1362 304 1438 tueque
320 1345 540 1439 transportari
555 1359 698 1440 possent.
712 1346 798 1414 Huic
814 1345 923 1418 officio
935 1349 1128 1442 praepositus
1142 1363 1213 1418 erat

184 1465 297 1536 Fufius
314 1463 476 1554 Calenus,
496 1463 641 1558 legatus,
659 1465 716 1558 qni
735 1463 934 1536 celeritatem
946 1467 980 1535 in
993 1479 1215 1562 transportan-

181 1584 233 1652 dis
251 1581 434 1678 legionibus
448 1583 628 1653 adbiberet.
641 1583 705 1654 Sed
719 1585 822 1652 serius
837 1607 857 1652 a
874 1599 961 1654 terra
978 1599 1143 1678 provectae
1155 1609 1214 1653 na·

107 1762 109 1769 .
183 1727 259 1788 res,
272 1726 380 1796 neque
390 1727 456 1770 use
471 1717 635 1772 nocturne
650 1726 746 1790 auro,
759 1703 794 1771 in
809 1701 977 1771 redeundo
993 1701 1211 1772 offenderunt.

182 1819 321 1890 Bibulus
340 1819 445 1908 enim,
461 1821 613 1913 Corcyrae
628 1820 749 1890 certior
766 1819 871 1914 sactus
888 1819 929 1888 de
946 1819 1089 1890 adventu
1109 1821 1214 1892 Caesa·

183 1940 248 2026 ris,
260 1963 416 2034 sperans,
430 1937 527 2010 alicui
535 1963 576 2036 se
588 1941 676 2033 parti
688 1953 881 2008 onustarum
894 1941 1213 2020 naviumoccurrere

182 2081 299 2152 posse,
317 2058 470 2128 inanibus
483 2057 646 2144 occurrit,
658 2071 709 2145 et,
727 2069 843 2128 noctus
858 2057 989 2126 circiter
1004 2081 1090 2146 xxx,
1106 2057 1141 2126 in
1158 2081 1214 2126 eas
1235 2151 1238 2160 ¹
1338 2087 1340 2094 >
1423 2050 1428 2058 ’

183 2173 396 2271 indiligentiae
414 2201 481 2245 suae
499 2200 538 2245 ac
558 2174 681 2246 doloris
699 2175 870 2246 iracundia
885 2178 1017 2270 erupit,
1035 2199 1213 2268 omnesque

183 2294 351 2380 incendit;
367 2295 547 2388 eodemque
559 2295 634 2390 igne
646 2309 762 2364 nautas
777 2293 997 2388 dominosque
1012 2296 1147 2365 navium
1164 2296 1215 2364 in·

184 2413 329 2500 terfecit,
346 2412 572 2508 magnitudine
593 2437 698 2508 poente
716 2412 861 2506 reliquos
883 2413 1046 2484 deterrere
1068 2437 1213 2509 sperans.

183 2533 255 2602 Hoc
272 2532 420 2602 consecto
437 2534 589 2626 negotio,
605 2556 625 2600 a
644 2530 773 2600 Salonis
788 2530 829 2598 ad
845 2533 936 2600 Orici
952 2547 1085 2625 portum
1099 2534 1214 2602 stutio-

184 2673 241 2720 nes
260 2649 424 2742 litoraque
441 2645 552 2718 omnia
574 2647 671 2741 longe
691 2647 821 2740 lateque
842 2647 999 2718 classibus
1018 2651 1214 2744 occupavit3

184 2768 405 2862 custodiisque
418 2763 607 2860 diligentius
618 2764 803 2857 dispositis,
821 2767 891 2858 ipse
903 2766 1094 2861 gravissima
1108 2768 1215 2836 hieme

186 2890 221 2956 in
237 2887 375 2961 naribus
393 2884 596 2970 excubabat,
610 2907 716 2978 neque
732 2883 837 2954 ullum
855 2882 1000 2954 laborem
1019 2900 1076 2954 aut
1095 2881 1215 2959 munus

185 3007 387 3102 despiciens,
406 3027 513 3096 neque
536 3001 719 3072 subsidium
743 3017 953 3098 exspectans,
972 3005 1055 3074 siin
1080 3006 1222 3076 Caesonis

184 3121 392 3217 complexum
406 3125 518 3194 venire
535 3139 653 3220 posset.

186 3242 191 3258 '
232 3241 291 3312 IX„
326 3243 478 3313 Discessu
506 3241 710 3314 liburnorum
741 3270 780 3315 ex
807 3244 959 3339 Illyrico,
985 3248 1033 3316 Μ.
1058 3245 1216 3316 Octavius

185 3384 260 3430 cum
280 3361 339 3449 iis,
363 3385 445 3454 quas
468 3361 630 3447 babebat,
652 3363 792 3432 navibus
818 3362 956 3433 Salonas
981 3363 1215 3458 pervenit.1bi

185 3481 354 3550 concitatis
362 3477 523 3550 Dalmatis
533 3479 731 3576 reliquisque
745 3481 915 3574 Barbarie,
929 3486 1031 3554 Issam
1048 3483 1216 3554 aCaesaris

185 3599 327 3668 amicitia
336 3600 454 3668 evertit
463 3623 471 3666 ε
481 3615 681 3670 conventum
691 3599 820 3672 Salonis
827 3625 930 3694 quum
943 3625 1048 3695 neque
1057 3597 1217 3694 pollicita·

186 3717 344 3804 tionibus,
361 3741 467 3812 neque
483 3718 731 3790 denuntiatione
742 3717 880 3815 periculi
889 3741 1080 3815 permovere
1092 3729 1216 3810 posset,
1334 3755 1338 3766 ·

187 3833 346 3926 oppidum
362 3860 557 3932 oppugnare
567 3839 712 3910 instituit
724 3867 732 3910 :
743 3855 792 3910 est
807 3854 917 3910 numm
931 3837 1091 3933 oppidum
1105 3852 1138 3906 et
1152 3833 1215 3906 loci

188 3963 325 4038 natura,
347 3969 380 4022 et
396 3953 479 4024 colle
497 3959 663 4028 munitum
682 3985 690 4027 ε
717 3959 773 4029 sed
793 3957 940 4030 celeriter
961 3958 1046 4028 cives
1064 3956 1215 4042 romani,
