3020 4768
499 355 551 413 ΒΕ
571 351 696 410 BELLO
716 349 835 408 ctvnt
854 351 924 408 1113.
943 352 967 406 1.
1228 347 1245 408 3

216 483 414 582 Completnr
428 483 536 570 Urbs3
555 497 590 552 at
606 481 660 576 jus
679 481 893 550 comitiorum
904 479 1069 564 tribunus
1088 477 1195 574 plebis
1211 483 1251 550 C.

216 610 320 680 Curio
337 617 463 676 evocat.
480 605 608 674 Omnes
627 601 725 672 amici
745 597 942 689 consulum,
962 602 1137 671 necessarii
1153 605 1253 672 Pom-

216 731 282 825 peii
304 740 405 822 atque
425 749 562 814 eornm,
583 724 642 819 qui
662 737 789 792 veteres
809 721 1000 792 inimicitias
1024 747 1101 794 cum
1125 726 1254 796 Caesare

217 849 390 946 gerebant,
404 847 601 916 incenatum
615 858 781 940 coguntur
796 866 960 937 :quorum
973 844 1110 914 vocibus
1123 859 1254 944 etron-

216 993 316 1040 cursu
334 981 502 1039 terrentur
518 964 736 1054 infirmiores,
754 963 847 1034 dubii
864 963 1118 1054 confirmantur,
1135 965 1253 1062 pleris-

217 1115 283 1184 que
298 1107 379 1158 vero
395 1085 498 1157 libere
515 1084 714 1156 decernendi
737 1098 879 1180 potestas
897 1085 1047 1179 eripitur.
1070 1085 1254 1158 Pollicetur

216 1211 255 1280 L.
272 1210 350 1280 Piso
366 1231 498 1295 censor,
514 1231 584 1276 sore
604 1207 730 1276 iturum
750 1204 793 1275 ad
809 1209 991 1294 Cesarem3
1012 1207 1092 1276 item
1112 1209 1152 1276 L.
1171 1211 1254 1277 Ros·

216 1331 288 1401 cius
305 1343 443 1425 praetor,
458 1328 517 1422 qui
534 1327 576 1397 de
592 1327 643 1397 his
659 1327 759 1396 robus
776 1350 853 1396 eum
869 1325 1010 1396 doceant
1027 1353 1036 1396 ε
1055 1349 1111 1396 sex
1125 1327 1194 1398 dies
1210 1328 1252 1398 ad

218 1475 291 1520 eam
309 1473 382 1520 rem
398 1446 638 1519 conficiendam
655 1447 752 1542 spatii
770 1445 949 1541 postulant.
966 1449 1137 1519 Dicuntur
1153 1451 1251 1518 etiam

218 1595 238 1641 a
254 1568 426 1640 nonnullis
443 1569 633 1656 sententiae,
650 1581 689 1637 ut
704 1566 804 1663 legati
820 1567 863 1636 ad
879 1571 1043 1640 Caesarem
1061 1571 1253 1658 mittantur,

218 1692 277 1786 qui
292 1688 499 1760 voluntatem
518 1703 651 1759 senatus
667 1688 697 1756 ei
714 1705 913 1784 proponant.

265 1815 325 1883 IV.
350 1809 516 1882 Omnibus
536 1808 588 1878 his
604 1810 786 1898 resistitur,
804 1811 1024 1905 omnibusque
1045 1813 1152 1880 oratio
1171 1837 1253 1880 con-

220 1929 319 2020 sulis,
345 1931 530 2026 Scipionis,
557 1930 692 2002 Catonis
719 1931 908 2026 opponitur.
936 1933 1099 2000 Catonem
1126 1945 1255 2002 veteres

220 2051 400 2122 inimicitiae
418 2052 555 2122 Caesaris
572 2050 734 2134 incitant,
756 2067 790 2120 et
809 2049 906 2121 'dolor
921 2049 1069 2146 repulsae.
1091 2051 1256 2123 Lentulus

219 2173 292 2242 nris
312 2169 411 2241 alieni
432 2170 679 2268 magnitudine,
700 2187 733 2241 et
750 2197 808 2265 spe
825 2171 987 2242 exercitus
1007 2196 1047 2242 oc
1069 2173 1256 2266 provincia·

220 2317 315 2380 rum,
336 2307 370 2362 et
391 2315 507 2388 regum
534 2290 806 2387 appellandorum
830 2289 1060 2388 largitionibus
1081 2309 1257 2374 moveturt

220 2437 320 2508 seque
331 2411 473 2484 alterum
487 2413 557 2483 fore
572 2411 693 2507 Syllam
711 2413 799 2481 inter
815 2436 891 2482 suos
908 2411 1083 2508 gloriatur,
1099 2415 1142 2484 ad
1156 2440 1255 2509 quem

221 2557 350 2603 summa
366 2535 496 2628 imperii
511 2533 635 2602 redeat.
651 2533 839 2626 Scipionem
858 2531 973 2602 eadem
989 2559 1062 2628 spes
1078 2535 1258 2629 provinciae

222 2668 322 2748 atque
347 2655 553 2722 exercituum
579 2649 737 2745 impellit,
762 2676 846 2746 quos
867 2679 901 2722 se
926 2678 989 2747 pro
1014 2652 1257 2723 necessitudine

222 2775 425 2868 partiturum
445 2795 522 2840 cum
543 2771 703 2864 Pompeio
724 2771 922 2859 arbitratur3
940 2770 1038 2841 simul
1054 2771 1257 2866 judiciorum

223 2907 347 2980 metus,
365 2889 528 2978 adulatio,
546 2906 646 2984 atque
662 2892 841 2961 ostentatio
858 2893 909 2962 sui
926 2906 961 2961 et
976 2893 1182 2987 potentium,
1200 2895 1258 2988 qui

224 3014 259 3081 in
281 3009 449 3107 republica
466 3009 665 3106 judiciisque
687 3025 759 3080 tum
779 3009 961 3105 plurimum
982 3011 1162 3109 pollebant.
1183 3017 1259 3108 lpse

222 3135 414 3226 Pompeius,
432 3133 473 3202 ab
491 3132 631 3202 inimicis
648 3133 786 3201 Caesaris
803 3132 973 3221 incitatus,
991 3149 1024 3204 ct
1041 3133 1131 3228 quod
1152 3137 1260 3204 nemi-

224 3277 300 3323 nem
319 3278 431 3323 secum
448 3253 608 3348 dignitate
620 3251 782 3346 exaequari
795 3249 943 3343 volebat,
959 3266 1066 3323 totum
1080 3279 1115 3324 se
1130 3255 1172 3324 ab
1189 3257 1260 3349 ejus

224 3373 371 3444 amicitia
385 3387 564 3462 averterat,
580 3387 613 3440 et
629 3397 705 3442 cum
722 3372 955 3443 communibus
971 3375 1113 3445 inimicis
1131 3377 1165 3443 in
1185 3399 1259 3469 gra·

224 3494 305 3563 tiam
322 3494 480 3583 redierat,
495 3517 637 3588 quorum
651 3493 721 3586 ipse
736 3493 915 3562 maximam
933 3509 1062 3588 partem
1078 3492 1136 3563 illo
1152 3493 1260 3562 affini-

224 3617 301 3685 tatis
320 3631 468 3710 tempore
484 3614 681 3710 adjunxerat
692 3615 824 3684 Caesari.
843 3613 947 3683 Simul
966 3615 1100 3683 infamia
1118 3614 1259 3684 duarum

225 3733 396 3832 legionum
416 3752 604 3831 permotus,
627 3759 708 3829 quas
729 3733 909 3804 abitinere
931 3735 1014 3806 Asiae
1035 3733 1200 3828 Syriaeque
1218 3732 1261 3802 ad

226 3879 320 3924 suam
329 3859 514 3951 potentiam
523 3857 796 3952 dominatumque
806 3867 1027 3943 converterat,
1039 3879 1110 3924 rem
1119 3854 1261 3924 adamna

225 3973 346 4045 deduci
363 3976 526 4048 studebat.
