3038 4766
310 432 363 470 1aa
460 415 490 470 C.
510 415 609 470 JULII
630 414 792 470 CAESARIS
813 413 1181 471 COMMENTARIOIIUM

308 565 368 633 pro
387 541 498 608 eastris
516 541 695 606 exercitum
715 537 954 619 constituebat,
976 553 1012 606 ut
1038 541 1132 607 tertia
1155 541 1241 608 acies
1264 541 1335 610 val·

307 657 372 728 lum
394 661 611 752 contingeret,
630 659 736 726 omnis
755 656 889 750 quidem
911 658 1088 727 instructus
1105 661 1266 730 exercitus
1285 676 1338 731 te-

253 866 259 878 ·
304 777 343 846 lis
361 803 399 846 ex
416 777 500 846 vallo
515 777 649 870 adjectis
666 777 790 870 protegi
810 791 929 870 posset.
1004 821 1010 834 ·

352 902 455 968 [ΝΠ.
472 899 548 967 IIaec
568 923 669 990 quum
688 901 723 966 in
743 896 865 966 Achaia
890 911 988 990 atque
1009 896 1100 991 apud
1117 899 1337 991 Dyrrachium

306 1035 513 1115 gererentur,
532 1019 784 1110 Scipionemque
809 1017 842 1084 in
865 1017 1093 1085 Macedoniam
1111 1019 1236 1085 venisse
1255 1043 1335 1087 con·

305 1155 421 1222 staret,
437 1164 502 1206 non
519 1135 641 1206 oblitus
658 1137 788 1231 pristini
801 1137 942 1204 instituti
959 1138 1078 1223 Caesar,
1090 1137 1189 1205 mittit
1203 1137 1244 1206 ad
1261 1164 1336 1208 eum

304 1257 477 1343 clodium,
496 1281 593 1326 stium
622 1271 719 1349 atque
737 1253 824 1330 illins
846 1252 1061 1338 familiarem,
1084 1281 1199 1350 quern,
1221 1258 1337 1327 abillo

298 1373 500 1446 'transditum
520 1377 614 1444 initio
632 1390 665 1444 et
681 1373 962 1458 commendatum,
983 1377 1016 1444 in
1036 1396 1170 1444 suorum
1192 1403 1338 1449 necessa·

304 1499 428 1566 riorum
443 1521 580 1564 numero
596 1495 716 1564 habere
728 1496 923 1563 instituerat.
934 1495 1022 1562 Huic
1031 1495 1088 1563 dat
1101 1493 1226 1565 litteras
1239 1523 1336 1567 man-

304 1619 446 1712 dataque
461 1616 503 1684 ad
521 1641 611 1700 eum,
622 1639 765 1709 quorum
785 1616 854 1684 haec
871 1629 941 1683 erat
959 1639 1086 1683 summa
1108 1641 1149 1683 :n
1170 1621 1246 1686 Sese
1263 1643 1337 1687 om-

304 1741 358 1806 nia
384 1737 424 1805 de
447 1761 532 1837 pace
555 1751 724 1830 expertum
750 1731 859 1803 :nihil
887 1734 995 1802 adhuc
1017 1735 1169 1804 arbitrari
1196 1737 1336 1826 factum,

302 1859 384 1925 vitio
403 1881 534 1942 eorum,
554 1881 636 1949 qnos
652 1881 721 1924 esse
738 1870 888 1924 auctores
905 1857 975 1947 ejus
992 1857 1038 1923 rei
1057 1855 1230 1946 voluisset,
1246 1859 1337 1952 quod

303 2001 359 2044 sua
385 1973 537 2044 mandata
557 1976 699 2069 perferre
719 2001 785 2044 non
804 1990 992 2070 opportuno
1013 1989 1159 2069 tempore
1179 1978 1220 2046 ad
1233 1981 1337 2047 Pom·

302 2095 414 2189 peiurn
430 2110 630 2163 vererentur.
649 2095 833 2187 Scipionem
853 2118 891 2162 ea
906 2119 976 2164 esse
994 2098 1253 2183 auctoritate,ut
1268 2125 1334 2168 non

304 2213 409 2283 solum
420 2211 535 2299 libere,
548 2238 619 2307 quae
628 2214 815 2309 probasset,
830 2238 1011 2307 exponere,
1028 2215 1085 2283 sed
1102 2218 1201 2285 etiam
1218 2243 1337 2313 magna

302 2359 340 2402 ex
372 2348 464 2426 parte
494 2330 704 2426 compellere,
732 2347 830 2426 atque
857 2349 1021 2402 errantem
1048 2358 1161 2428 regere
1187 2352 1295 2430 posset
1326 2363 1335 2406 τ

301 2477 440 2546 praesse
459 2467 568 2520 autem
593 2477 652 2521 sno
674 2454 806 2520 nomine
821 2454 992 2539 exercitui,
1019 2467 1070 2541 ut,
1090 2469 1208 2547 praeter
1225 2472 1338 2525 aucto-

303 2576 451 2660 ritatem,
470 2573 556 2642 vires
573 2598 705 2667 quoque
722 2571 763 2642 ad
785 2573 1000 2642 coercendum
1017 2573 1179 2645 haberet:
1200 2575 1289 2669 quod
1307 2580 1335 2645 si

303 2693 449 2780 fecisset,
470 2694 613 2786 quietern
633 2691 753 2779 ltaliae,
773 2717 888 2788 pacem
913 2695 1175 2786 provinciarum,
1197 2695 1336 2766 salutem

303 2814 448 2906 imperii,
473 2816 528 2880 uni
550 2837 664 2881 omnes
682 2827 849 2906 acceptam
875 2811 1081 2881 relaturos.»
1104 2817 1181 2882 Haee
1201 2816 1335 2884 adeum

302 2933 455 3001 mandata
482 2931 618 3002 Clodius
647 2931 754 3000 refert.
777 2935 824 3000 Ac
852 2931 966 3027 primis
991 2931 1127 3019 diebus,
1151 2947 1188 3002 ut
1207 2934 1338 3003 videba-

302 3064 376 3136 tur,
395 3051 534 3121 libenter
561 3051 709 3134 auditus3
735 3050 868 3146 reliquis
894 3053 936 3121 ad
958 3051 1158 3146 colloquium
1185 3079 1250 3123 non
1277 3054 1334 3123 ad·

303 3171 464 3254 mittitur,
488 3173 645 3264 castigato
665 3173 817 3264 Scipione
840 3196 859 3239 a
878 3173 1042 3249 Favonio,
1064 3187 1102 3240 ut
1125 3189 1237 3265 postea
1258 3199 1335 3244 con·

301 3287 389 3358 fecto
400 3288 486 3357 bello
499 3290 741 3384 reperiebamus
757 3291 963 3385 :infectaque
977 3315 1014 3360 re
1031 3317 1099 3360 sese
1115 3291 1155 3358 ad
1173 3296 1334 3361 Caesarem

302 3411 434 3501 recepit.

349 3531 469 3597 LVIII.
495 3531 619 3618 Caesar,
647 3556 714 3625 quo
737 3530 865 3601 facilius
889 3527 1070 3624 equitatum
1097 3527 1333 3621 PompeIanum

301 3648 343 3717 ad
362 3651 581 3742 Dyrrachium
603 3654 802 3737 contineret,
829 3664 863 3717 et
887 3649 1096 3744 pabulatione
1122 3646 1332 3742 prohiberet,

302 3768 409 3838 aditus
422 3770 520 3858 duos,
531 3796 612 3865 quos
628 3793 697 3840 esse
717 3783 874 3864 angustos
885 3769 1193 3854 demonstravimus,
1205 3769 1333 3862 magnis

301 3890 453 3982 operibus
472 3893 696 3985 praemunivit,
717 3887 914 3984 castellaque
934 3889 985 3958 bis
1001 3885 1080 3957 locis
1097 3889 1217 3983 posuit.
1239 3891 1334 3958 Pom·

302 4010 409 4102 peius,
430 4024 467 4077 ut
493 4011 573 4079 nihil
594 4010 708 4106 profici
728 4013 877 4104 equitatu
897 4009 1070 4105 cognovit,
1097 4011 1210 4105 paucis
1231 4015 1333 4081 inter·
