3048 4770
219 373 238 446 ij
521 371 720 428 nuenario
741 373 965 430 Grunnius.

221 499 291 593 ipsa
310 523 411 592 quam
431 499 574 570 diximus
595 501 810 572 materiarum
833 504 1020 596 congeries,
1042 507 1266 576 scrutantibus

220 650 253 704 ct
281 637 529 706 secerneutibus
549 639 624 708 non
643 639 746 729 adsit,
768 638 825 708 sed
852 639 950 708 obsit.
971 643 1108 710 Parcius
1126 644 1214 712 enim
1233 659 1265 712 et

220 770 418 864 prudentius
444 797 484 840 ex
507 785 575 842 tam
595 775 810 868 promiscuis,
833 791 901 846 tam
921 774 1079 864 turbatis,
1109 777 1267 848 divitibus

219 904 312 997 licet,
330 906 479 978 fontibus
495 909 729 982 hauriendum.
751 917 846 984 Hanc
865 938 945 1007 ergo
964 915 999 982 in
1017 915 1133 1008 primis
1153 941 1267 986 euram

219 1039 391 1112 attulimus
411 1057 446 1113 et
468 1045 704 1134 retinebimus,
723 1071 766 1116 nc
787 1049 870 1141 quid
891 1045 1094 1136 obsoletum,
1116 1074 1158 1118 ne
1186 1051 1268 1143 quid

218 1173 365 1246 alienum
381 1203 402 1246 a
422 1181 613 1273 proposito,
634 1182 777 1275 nequid
797 1181 916 1252 inutile
935 1198 968 1251 et
989 1185 1130 1254 nimium
1151 1187 1186 1254 in
1208 1185 1267 1254 has

218 1326 349 1381 nostras
367 1312 501 1384 notulas
518 1317 642 1411 irrepat
660 1331 692 1386 et
707 1318 840 1408 influat3
859 1343 1021 1388 memores
1037 1317 1163 1390 scilicet
1179 1320 1266 1390 illius

219 1446 386 1517 horatiani
403 1473 518 1519 versus
536 1477 543 1518 ι

342 1655 436 1711 Omne
448 1672 655 1728 supervacuum
671 1657 759 1730 pleno
779 1659 816 1714 de
834 1669 951 1732 pectore
966 1673 1070 1722 manat

218 1839 335 1928 Quum
359 1853 470 1909 autem
493 1841 585 1908 omni
605 1855 753 1936 tempore
769 1843 805 1910 in
822 1841 1036 1912 enucleandis
1054 1859 1204 1914 veterum
1224 1843 1265 1913 li·

218 1974 288 2044 bris
307 1972 454 2044 delectus
473 1989 507 2044 et
524 1976 644 2046 modus
667 1976 735 2045 sint
756 1976 969 2069 requirendi,
993 1993 1063 2045 tum
1085 1981 1266 2071 praesertim

219 2109 283 2179 hac
303 2124 419 2179 nostra
435 2124 532 2180 aetate
552 2137 560 2178 :
581 2110 768 2181 breviorem
785 2113 875 2180 enim
896 2111 997 2180 hodie
1014 2125 1048 2180 et
1064 2077 1155 2180 velut
1174 2137 1265 2182 com-

219 2245 426 2341 pendiariam
442 2246 485 2316 ad
498 2245 668 2318 doctrinas
682 2249 771 2318 viam
788 2249 984 2341 quaerimus,
1002 2262 1040 2316 ut
1058 2262 1137 2342 pote
1153 2246 1267 2316 multis

214 2380 292 2452 ‚aliis
301 2382 453 2480 impediti
467 2381 654 2472 laboribus,
671 2383 829 2476 gravibus
847 2385 936 2453 curis
951 2384 1090 2470 intenti,
1105 2385 1265 2452 recentio-

217 2544 294 2594 rum
312 2517 498 2616 litterarum
515 2518 678 2590 illecebris
693 2534 727 2589 et
744 2545 855 2590 rerum
873 2517 1022 2589 civilium
1044 2521 1268 2589 contentioni·

217 2655 281 2725 bus
298 2656 459 2726 distracti.
478 2659 640 2726 Praeterea
657 2657 775 2724 veteris
791 2669 824 2724 et
839 2653 940 2724 medii
954 2655 1016 2724 aevi
1034 2653 1157 2723 finibus
1172 2657 1267 2747 quasi

219 2793 428 2888 interpositi,
447 2790 552 2861 multa
568 2817 609 2860 ex
625 2793 868 2885 praeteritarum
882 2805 1017 2860 aetatum
1027 2787 1199 2858 laboribus
1213 2789 1267 2857 de·
1290 2795 1292 2802 '

218 2929 366 3018 trahere,
391 2952 581 3019 secernere,
610 2927 761 3022 quaedam
787 2927 974 3021 relinquere
1000 2929 1167 3020 cogimur,
1194 2951 1268 3019 quae

218 3066 468 3136 renascentibus
485 3067 632 3161 primum
653 3065 862 3158 antiquitatis
880 3063 990 3134 studio
1008 3076 1041 3130 et
1064 3061 1138 3132 luce
1155 3088 1267 3132 neces-

217 3203 319 3290 saria,
338 3179 472 3273 ¹nostris
493 3217 604 3273 autem
629 3202 755 3271 absona
780 3200 1001 3294 temporibus,
1024 3223 1086 3268 nos
1110 3197 1153 3266 ad
1176 3197 1266 3266 sartu-

218 3365 293 3410 rum
317 3355 508 3436 pergentes,
531 3354 565 3410 et
586 3341 622 3408 in
644 3363 747 3408 novas
770 3354 803 3408 et
827 3339 958 3430 ignotas
980 3335 1091 3404 adhuc
1115 3337 1266 3428 regiones

218 3447 315 3545 caeco
331 3489 364 3544 et
394 3489 531 3569 potente
551 3473 667 3544 afflatu
694 3471 870 3568 impulsos,
893 3483 1071 3541 onerarent
1100 3483 1133 3538 et
1156 3491 1265 3537 mora·

217 3625 344 3680 rentur.
443 3700 447 3704 .

266 3751 319 3818 En
336 3747 454 3837 habes,
473 3773 584 3820 nance
600 3772 750 3836 necron,
764 3747 986 3840 descriptum,
1003 3744 1131 3810 utinam
1148 3755 1180 3808 et
1197 3762 1267 3832 gra-

219 3897 307 3971 tum,
323 3907 457 3953 omnem
476 3887 582 3954 nostri
604 3899 751 3956 tenorem
768 3877 892 3976 operis!
906 3877 1009 3968 Quod
1022 3876 1138 3946 litteris
1156 3874 1267 3944 latinis

218 4041 366 4106 sacrum,
381 4020 554 4114 parisiensi
568 4019 752 4092 Academiae
765 4019 945 4088 honestum
954 4067 963 4104 ,
973 4013 1068 4084 almae
1079 4009 1267 4082 studiorum
