3020 4768
279 367 316 425 36
358 361 364 376 '
432 368 461 424 C.
479 370 575 424 JULll
597 367 761 426 CAESARIS
781 369 1146 424 COMMENTARIORUM

279 518 343 586 que
363 495 475 588 peritis
501 493 775 586 gubernatoribus
804 493 981 562 utebantur
1009 495 1085 588 (qui
1105 507 1238 585 repente
1265 519 1305 560 ex

279 615 438 682 onerariis
456 614 594 684 navibus
615 627 709 680 erant
726 611 893 705 producti,
908 637 1014 705 neque
1034 612 1113 680 dum
1132 615 1231 680 etiarn
1247 637 1306 680 vo·

278 732 401 801 cabulis
429 747 706 800 armamentorum
730 729 911 825 cognitis),
938 747 1008 800 tum
1029 733 1127 799 etiam
1144 733 1305 824 gravitate

278 867 312 920 et
331 850 484 921 tarditate
504 853 636 918 navium
655 849 946 944 impediebantur:
967 850 1060 918 factae
1081 852 1169 920 enim
1195 852 1303 920 subito

277 997 317 1039 ex
333 969 468 1038 humida
486 970 636 1056 materia,
651 993 718 1037 non
737 969 890 1040 eumdem
905 993 1000 1038 usum
1022 967 1196 1039 celeritatis
1208 970 1302 1039 habe·

276 1090 367 1158 bant.
397 1093 529 1182 ltaque,
554 1088 634 1157 dum
660 1087 751 1158 locus
779 1091 929 1158 cominus
957 1087 1125 1182 pugnandi
1152 1089 1302 1176 daretur,

276 1231 370 1301 aequo
396 1209 505 1276 animo
532 1205 677 1300 singulas
697 1208 783 1278 binis
805 1209 943 1277 navibus
969 1209 1182 1301 objiciebant,
1206 1224 1303 1302 atque

276 1329 397 1419 injecta
425 1351 524 1395 manu
551 1325 673 1412 ferrea,
692 1343 726 1395 et
752 1341 878 1395 retenta
905 1341 1044 1420 utraque
1063 1353 1159 1412 nave,
1185 1326 1302 1397 diversi

276 1445 482 1539 pugnabant,
502 1459 599 1538 atque
613 1448 647 1516 in
666 1447 809 1515 hostiurn
830 1470 928 1514 naves
947 1446 1234 1535 transcendebant3
1252 1462 1301 1533 et,

276 1588 397 1659 magno
417 1589 555 1633 numero
573 1564 766 1634 Albicorum
783 1580 816 1632 et
831 1578 999 1658 pastorum
1015 1565 1202 1654 interfecto,
1225 1591 1302 1659 par·

276 1700 342 1752 tem
367 1685 500 1752 navium
525 1683 729 1777 deprimunt;
748 1681 923 1752 nonnullas
948 1709 1022 1752 cum
1040 1685 1229 1754 hominibus
1247 1709 1301 1753 ca·

275 1802 557 1896 piunt;·reliquas
586 1805 621 1870 in
646 1816 779 1896 portum
806 1801 1016 1896 compellunt.
1049 1807 1098 1872 Εο
1128 1803 1180 1871 die
1205 1828 1301 1873 naves

274 1921 526 1991 Massiliensium
542 1945 616 1990 cum
634 1923 692 2006 iis,
709 1943 782 2012 quae
806 1936 884 1990 sunt
903 1939 1022 2013 captae,
1043 1922 1207 2016 intereunt
1227 1947 1270 1991 nr.

323 2042 411 2109 le.
432 2044 504 2108 Hoc
519 2042 662 2132 primum
687 2053 724 2107 ut
743 2042 862 2109 Caesari
889 2038 930 2108 ad
951 2039 1091 2109 Ilerdam
1117 2043 1300 2127 nuntiatur,

275 2157 389 2246 simul,
412 2158 558 2252 perfecto
581 2167 697 2251 ponte,
724 2156 874 2228 celeriter
901 2158 1032 2227 fortuna
1057 2172 1214 2228 mutatur.
1234 2159 1300 2249 llli,

274 2278 438 2371 perterriti
466 2279 586 2346 virtute
611 2279 774 2370 equitum,
800 2279 909 2346 minus
930 2277 1048 2364 libere,
1072 2280 1180 2347 minus
1203 2279 1303 2350 auda·

272 2410 343 2464 cter
362 2395 567 2490 vagabantur
588 2423 597 2464 ε
616 2394 713 2483 alias,
732 2421 798 2464 non
820 2394 919 2491 longo
937 2398 978 2464 ab
1004 2397 1118 2466 castris
1137 2401 1301 2492 progressi

272 2517 398 2610 spatio,
417 2529 452 2584 ut
471 2514 610 2584 celerem
629 2529 795 2608 receptum
815 2516 991 2603 haberent,
1009 2517 1180 2609 angustius
1196 2517 1301 2610 pabu-

273 2633 439 2722 labantur,
459 2633 538 2703 alins
553 2632 702 2728 longiore
718 2635 858 2702 circuitu
875 2634 1060 2703 :custodias
1077 2637 1302 2730 stationesque

272 2755 420 2847 equiturn
442 2755 608 2841 vitabant,
633 2769 690 2822 aut
716 2751 826 2845 aliquo
854 2767 988 2845 accepto
1009 2752 1221 2838 detrimento,
1244 2771 1301 2823 aut

272 2873 387 2966 procul
397 2875 546 2967 equitatu
560 2873 645 2958 viso,
656 2895 696 2939 ex
711 2871 820 2939 medio
835 2871 1133 2965 itinere,projectis
1149 2873 1299 2960 sarcinis,

272 2991 450 3084 fugiebant.
471 2996 643 3060 Postremo
653 2991 761 3060 'etiarn
776 2989 887 3083 plnres
906 2991 1122 3059 intermittere
1137 2991 1225 3078 dies,
1242 3005 1300 3077 et,

271 3124 389 3202 praeter
401 3108 670 3179 consuetudinem
689 3110 851 3196 omnium,
872 3123 972 3178 noctu
984 3112 1223 3179 constituerant
1239 3133 1299 3204 pa·

270 3224 389 3294 bulari.

316 3347 388 3414 LX.
417 3347 553 3414 interim
580 3350 739 3416 Oscenses
767 3361 800 3416 et
826 3346 1082 3441 Calagurritani,
1112 3347 1169 3438 qui
1205 3362 1301 3416 erant

269 3489 344 3534 curn
373 3464 572 3534 Oscensibus
603 3466 798 3551 contributi,
828 3469 963 3536 mittunt
986 3464 1027 3532 ad
1052 3487 1127 3531 cum
1157 3462 1299 3559 legatos,

269 3609 402 3679 seseque
419 3586 579 3679 imperata
606 3585 749 3655 facturos
763 3585 969 3679 pollicentur.
992 3585 1060 3652 Hos
1076 3585 1299 3653 Tarraconen·

268 3727 332 3790 ses,
354 3718 388 3773 et
402 3706 562 3792 Iacetani,
580 3719 614 3772 et
633 3707 807 3790 Ausetani,
823 3718 872 3792 et,
886 3706 998 3798 paucis
1016 3716 1090 3796 post
1104 3702 1233 3788 diebus,
1251 3703 1298 3772 Il·

268 3820 541 3915 lurgavonenses,
556 3824 614 3917 qui
632 3822 756 3891 flumen
769 3824 903 3892 iberum
920 3826 1103 3918 attingunt,
1120 3825 1299 3914 insequun-

270 3953 333 4006 tur.
354 3939 439 4006 Petit
458 3940 499 4008 ab
517 3941 569 4010 his
589 3939 759 4030 omnibus,
783 3957 820 4011 ut
839 3968 873 4012 se
899 3944 1063 4013 frumento
1078 3943 1206 4035 juvent.
1225 3941 1300 4011 Pol-
