<?xml version="1.0" encoding="UTF-8"?>
<!DOCTYPE html PUBLIC "-//W3C//DTD XHTML 1.0 Transitional//EN"
    "http://www.w3.org/TR/xhtml1/DTD/xhtml1-transitional.dtd">
<html xmlns="http://www.w3.org/1999/xhtml" xml:lang="en" lang="en">
 <head>
  <title>
</title>
<meta http-equiv="Content-Type" content="text/html;charset=utf-8" />
  <meta name='ocr-system' content='tesseract 3.04.00' />
  <meta name='ocr-capabilities' content='ocr_page ocr_carea ocr_par ocr_line ocrx_word'/>
</head>
<body>
  <div class='ocr_page' id='page_1' title='image "./cjcaesarisopera00caesgoog_0338.png"; bbox 0 0 3088 4766; ppageno 0'>
   <div class='ocr_carea' id='block_1_1' title="bbox 308 325 1174 390">
    <p class='ocr_par' dir='ltr' id='par_1_1' title="bbox 308 325 1174 390">
     <span class='ocr_line' id='line_1_1' title="bbox 308 325 1174 390; baseline -0.005 -1"><span class='ocrx_word' id='word_1_1' title='bbox 308 331 345 390; x_wconf 71' lang='lat'><strong>32</strong></span> <span class='ocrx_word' id='word_1_2' title='bbox 462 328 491 386; x_wconf 77' lang='lat' dir='ltr'>G</span> <span class='ocrx_word' id='word_1_3' title='bbox 507 325 603 386; x_wconf 80' lang='lat' dir='ltr'><strong>tutu</strong></span> <span class='ocrx_word' id='word_1_4' title='bbox 625 329 788 390; x_wconf 67' lang='lat' dir='ltr'><strong>cusaats</strong></span> <span class='ocrx_word' id='word_1_5' title='bbox 808 327 1174 387; x_wconf 76' lang='lat' dir='ltr'><strong>contMtttTttttottunt</strong></span> 
     </span>
    </p>
   </div>
   <div class='ocr_carea' id='block_1_2' title="bbox 236 445 1332 3999">
    <p class='ocr_par' dir='ltr' id='par_1_2' title="bbox 236 445 1332 901">
     <span class='ocr_line' id='line_1_2' title="bbox 309 445 1331 549; baseline 0.003 -25"><span class='ocrx_word' id='word_1_6' title='bbox 309 458 359 524; x_wconf 88' lang='lat' dir='ltr'><strong>cia</strong></span> <span class='ocrx_word' id='word_1_7' title='bbox 381 454 679 548; x_wconf 78' lang='lat' dir='ltr'><strong>comportabatur:</strong></span> <span class='ocrx_word' id='word_1_8' title='bbox 707 477 825 546; x_wconf 88' lang='lat' dir='ltr'><strong>magna</strong></span> <span class='ocrx_word' id='word_1_9' title='bbox 851 453 947 547; x_wconf 86' lang='lat' dir='ltr'><strong>copia</strong></span> <span class='ocrx_word' id='word_1_10' title='bbox 980 445 1093 548; x_wconf 84' lang='lat' dir='ltr'><strong>paboli</strong></span> <span class='ocrx_word' id='word_1_11' title='bbox 1127 457 1331 549; x_wconf 78' lang='lat' dir='ltr'>suppetebat.</span> 
     </span>
     <span class='ocr_line' id='line_1_3' title="bbox 308 569 1332 669; baseline 0.003 -27"><span class='ocrx_word' id='word_1_12' title='bbox 308 577 434 642; x_wconf 86' lang='lat' dir='ltr'><strong>Harum</strong></span> <span class='ocrx_word' id='word_1_13' title='bbox 448 597 557 640; x_wconf 87' lang='lat' dir='ltr'><strong>rerum</strong></span> <span class='ocrx_word' id='word_1_14' title='bbox 572 573 720 641; x_wconf 82' lang='lat' dir='ltr'><strong>omniunt</strong></span> <span class='ocrx_word' id='word_1_15' title='bbox 738 569 908 640; x_wconf 80' lang='lat' dir='ltr'><strong>facultates</strong></span> <span class='ocrx_word' id='word_1_16' title='bbox 919 573 989 641; x_wconf 90' lang='lat' dir='ltr'><strong>sine</strong></span> <span class='ocrx_word' id='word_1_17' title='bbox 1003 570 1071 641; x_wconf 91' lang='lat' dir='ltr'><strong>ullo</strong></span> <span class='ocrx_word' id='word_1_18' title='bbox 1088 574 1235 668; x_wconf 90' lang='lat' dir='ltr'><strong>periculo</strong></span> <span class='ocrx_word' id='word_1_19' title='bbox 1247 601 1332 669; x_wconf 88' lang='lat' dir='ltr'><strong>pons</strong></span> 
     </span>
     <span class='ocr_line' id='line_1_4' title="bbox 308 687 1329 787; baseline 0.006 -29"><span class='ocrx_word' id='word_1_20' title='bbox 308 689 421 760; x_wconf 86' lang='lat' dir='ltr'><strong>Ilerdae</strong></span> <span class='ocrx_word' id='word_1_21' title='bbox 450 691 629 785; x_wconf 78' lang='lat' dir='ltr'><strong>praebebat,</strong></span> <span class='ocrx_word' id='word_1_22' title='bbox 658 705 692 758; x_wconf 89' lang='lat' dir='ltr'><strong>et</strong></span> <span class='ocrx_word' id='word_1_23' title='bbox 717 687 787 758; x_wconf 91' lang='lat' dir='ltr'><strong>loca</strong></span> <span class='ocrx_word' id='word_1_24' title='bbox 814 705 904 758; x_wconf 89' lang='lat' dir='ltr'><strong>trans</strong></span> <span class='ocrx_word' id='word_1_25' title='bbox 940 689 1060 760; x_wconf 85' lang='lat' dir='ltr'><strong>flumen</strong></span> <span class='ocrx_word' id='word_1_26' title='bbox 1095 693 1237 785; x_wconf 88' lang='lat' dir='ltr'><strong>integra,</strong></span> <span class='ocrx_word' id='word_1_27' title='bbox 1263 719 1329 787; x_wconf 86' lang='lat' dir='ltr'><strong>quo</strong></span> 
     </span>
     <span class='ocr_line' id='line_1_5' title="bbox 236 807 1331 901; baseline -0.002 -23"><span class='ocrx_word' id='word_1_28' title='bbox 236 853 237 856; x_wconf 60' lang='lat'><em>=</em></span> <span class='ocrx_word' id='word_1_29' title='bbox 308 810 443 878; x_wconf 90' lang='lat' dir='ltr'><strong>omnino</strong></span> <span class='ocrx_word' id='word_1_30' title='bbox 464 811 574 880; x_wconf 73' lang='lat' dir='ltr'><strong>cesar</strong></span> <span class='ocrx_word' id='word_1_31' title='bbox 588 807 678 884; x_wconf 87' lang='lat' dir='ltr'><strong>adire</strong></span> <span class='ocrx_word' id='word_1_32' title='bbox 696 809 763 876; x_wconf 83' lang='lat' dir='ltr'><strong>non</strong></span> <span class='ocrx_word' id='word_1_33' title='bbox 783 822 920 901; x_wconf 88' lang='lat' dir='ltr'><strong>poterat.</strong></span> <span class='ocrx_word' id='word_1_34' title='bbox 1277 881 1280 888; x_wconf 61' lang='grc'><strong>,</strong></span> <span class='ocrx_word' id='word_1_35' title='bbox 1328 883 1331 888; x_wconf 55' lang='grc'>,</span> 
     </span>
    </p>

    <p class='ocr_par' dir='ltr' id='par_1_3' title="bbox 306 925 1330 1954">
     <span class='ocr_line' id='line_1_6' title="bbox 353 925 1329 1022; baseline 0.002 -24"><span class='ocrx_word' id='word_1_36' title='bbox 353 932 391 998; x_wconf 91' lang='lat' dir='ltr'><strong>L.</strong></span> <span class='ocrx_word' id='word_1_37' title='bbox 411 932 469 997; x_wconf 79' lang='lat' dir='ltr'><strong>Hae</strong></span> <span class='ocrx_word' id='word_1_38' title='bbox 486 941 738 1022; x_wconf 87' lang='lat' dir='ltr'><strong>permanserunt</strong></span> <span class='ocrx_word' id='word_1_39' title='bbox 758 951 850 1019; x_wconf 83' lang='lat' dir='ltr'><strong>aquae</strong></span> <span class='ocrx_word' id='word_1_40' title='bbox 875 926 943 996; x_wconf 90' lang='lat' dir='ltr'><strong>dies</strong></span> <span class='ocrx_word' id='word_1_41' title='bbox 963 925 1156 1021; x_wconf 85' lang='lat' dir='ltr'><strong>complures</strong></span> <span class='ocrx_word' id='word_1_42' title='bbox 1183 933 1329 1000; x_wconf 90' lang='lat' dir='ltr'><strong>Conatus</strong></span> 
     </span>
     <span class='ocr_line' id='line_1_7' title="bbox 307 1045 1330 1141; baseline 0.001 -22"><span class='ocrx_word' id='word_1_43' title='bbox 307 1062 357 1119; x_wconf 84' lang='lat' dir='ltr'><strong>est</strong></span> <span class='ocrx_word' id='word_1_44' title='bbox 369 1050 479 1116; x_wconf 82' lang='lat' dir='ltr'><strong>Caeaar</strong></span> <span class='ocrx_word' id='word_1_45' title='bbox 497 1047 632 1125; x_wconf 83' lang='lat' dir='ltr'><strong>reficere</strong></span> <span class='ocrx_word' id='word_1_46' title='bbox 649 1060 799 1139; x_wconf 88' lang='lat' dir='ltr'><strong>pontes:</strong></span> <span class='ocrx_word' id='word_1_47' title='bbox 815 1045 873 1114; x_wconf 87' lang='lat' dir='ltr'><strong>sed</strong></span> <span class='ocrx_word' id='word_1_48' title='bbox 890 1069 951 1115; x_wconf 90' lang='lat' dir='ltr'><strong>nec</strong></span> <span class='ocrx_word' id='word_1_49' title='bbox 973 1047 1166 1141; x_wconf 82' lang='lat' dir='ltr'><strong>magnitudo</strong></span> <span class='ocrx_word' id='word_1_50' title='bbox 1186 1049 1330 1120; x_wconf 79' lang='lat' dir='ltr'><strong>fluminis</strong></span> 
     </span>
     <span class='ocr_line' id='line_1_8' title="bbox 306 1139 1329 1260; baseline 0.003 -25"><span class='ocrx_word' id='word_1_51' title='bbox 306 1139 532 1260; x_wconf 83' lang='lat' dir='ltr'><strong>permittebat,</strong></span> <span class='ocrx_word' id='word_1_52' title='bbox 551 1189 658 1258; x_wconf 89' lang='lat' dir='ltr'><strong>neque</strong></span> <span class='ocrx_word' id='word_1_53' title='bbox 676 1163 716 1232; x_wconf 88' lang='lat' dir='ltr'><strong>ad</strong></span> <span class='ocrx_word' id='word_1_54' title='bbox 730 1166 836 1257; x_wconf 86' lang='lat' dir='ltr'><strong>ripam</strong></span> <span class='ocrx_word' id='word_1_55' title='bbox 855 1164 1019 1258; x_wconf 82' lang='lat' dir='ltr'><strong>dispositae</strong></span> <span class='ocrx_word' id='word_1_56' title='bbox 1042 1167 1192 1238; x_wconf 89' lang='lat' dir='ltr'><strong>cohortes</strong></span> <span class='ocrx_word' id='word_1_57' title='bbox 1214 1168 1329 1247; x_wconf 69' lang='lat' dir='ltr'><strong>adver-v</strong></span> 
     </span>
     <span class='ocr_line' id='line_1_9' title="bbox 307 1283 1327 1380; baseline 0.002 -26"><span class='ocrx_word' id='word_1_58' title='bbox 307 1287 467 1356; x_wconf 89' lang='lat' dir='ltr'><strong>sariorum</strong></span> <span class='ocrx_word' id='word_1_59' title='bbox 487 1285 597 1380; x_wconf 87' lang='lat' dir='ltr'><strong>perfici</strong></span> <span class='ocrx_word' id='word_1_60' title='bbox 619 1284 843 1379; x_wconf 87' lang='lat' dir='ltr'><strong>patiebantur;</strong></span> <span class='ocrx_word' id='word_1_61' title='bbox 868 1284 958 1377; x_wconf 91' lang='lat' dir='ltr'><strong>quod</strong></span> <span class='ocrx_word' id='word_1_62' title='bbox 974 1283 1036 1354; x_wconf 92' lang='lat' dir='ltr'><strong>illis</strong></span> <span class='ocrx_word' id='word_1_63' title='bbox 1063 1287 1236 1379; x_wconf 89' lang='lat' dir='ltr'><strong>prohibere</strong></span> <span class='ocrx_word' id='word_1_64' title='bbox 1259 1303 1327 1356; x_wconf 89' lang='lat' dir='ltr'><strong>erat</strong></span> 
     </span>
     <span class='ocr_line' id='line_1_10' title="bbox 306 1381 1327 1506; baseline 0.001 -32"><span class='ocrx_word' id='word_1_65' title='bbox 306 1402 413 1490; x_wconf 80' lang='lat' dir='ltr'><strong>facile,</strong></span> <span class='ocrx_word' id='word_1_66' title='bbox 439 1419 509 1474; x_wconf 91' lang='lat' dir='ltr'><strong>tum</strong></span> <span class='ocrx_word' id='word_1_67' title='bbox 535 1407 638 1500; x_wconf 88' lang='lat' dir='ltr'><strong>ipsius</strong></span> <span class='ocrx_word' id='word_1_68' title='bbox 655 1403 806 1506; x_wconf 81' lang='lat' dir='ltr'><strong>¹fluminis</strong></span> <span class='ocrx_word' id='word_1_69' title='bbox 824 1417 940 1472; x_wconf 91' lang='lat' dir='ltr'><strong>natura</strong></span> <span class='ocrx_word' id='word_1_70' title='bbox 970 1419 1068 1497; x_wconf 87' lang='lat' dir='ltr'><strong>atque</strong></span> <span class='ocrx_word' id='word_1_71' title='bbox 1089 1381 1179 1498; x_wconf 79' lang='lat' dir='ltr'><strong>aquae</strong></span> <span class='ocrx_word' id='word_1_72' title='bbox 1203 1407 1327 1501; x_wconf 87' lang='lat' dir='ltr'><strong>magni·</strong></span> 
     </span>
     <span class='ocr_line' id='line_1_11' title="bbox 309 1523 1329 1619; baseline 0 -25"><span class='ocrx_word' id='word_1_73' title='bbox 309 1523 438 1611; x_wconf 84' lang='lat' dir='ltr'><strong>tudine,</strong></span> <span class='ocrx_word' id='word_1_74' title='bbox 457 1538 528 1592; x_wconf 90' lang='lat' dir='ltr'><strong>tum</strong></span> <span class='ocrx_word' id='word_1_75' title='bbox 545 1524 635 1617; x_wconf 93' lang='lat' dir='ltr'><strong>quod</strong></span> <span class='ocrx_word' id='word_1_76' title='bbox 656 1548 695 1592; x_wconf 87' lang='lat' dir='ltr'><strong>ex</strong></span> <span class='ocrx_word' id='word_1_77' title='bbox 720 1523 796 1592; x_wconf 90' lang='lat' dir='ltr'><strong>totis</strong></span> <span class='ocrx_word' id='word_1_78' title='bbox 814 1523 905 1616; x_wconf 72' lang='lat' dir='ltr'><strong>ripis,</strong></span> <span class='ocrx_word' id='word_1_79' title='bbox 918 1524 953 1590; x_wconf 89' lang='lat' dir='ltr'><strong>iu</strong></span> <span class='ocrx_word' id='word_1_80' title='bbox 980 1548 1081 1592; x_wconf 89' lang='lat' dir='ltr'><strong>unum</strong></span> <span class='ocrx_word' id='word_1_81' title='bbox 1104 1541 1203 1618; x_wconf 87' lang='lat' dir='ltr'><strong>atque</strong></span> <span class='ocrx_word' id='word_1_82' title='bbox 1225 1550 1329 1619; x_wconf 85' lang='lat' dir='ltr'><strong>angu-</strong></span> 
     </span>
     <span class='ocr_line' id='line_1_12' title="bbox 307 1621 1326 1734; baseline -0.005 -17"><span class='ocrx_word' id='word_1_83' title='bbox 307 1657 394 1718; x_wconf 76' lang='lat' dir='ltr'><strong>stum</strong></span> <span class='ocrx_word' id='word_1_84' title='bbox 404 1641 513 1711; x_wconf 87' lang='lat' dir='ltr'><strong>locum</strong></span> <span class='ocrx_word' id='word_1_85' title='bbox 528 1641 591 1712; x_wconf 90' lang='lat' dir='ltr'><strong>tela</strong></span> <span class='ocrx_word' id='word_1_86' title='bbox 601 1641 832 1734; x_wconf 88' lang='lat' dir='ltr'><strong>jaciebantur:</strong></span> <span class='ocrx_word' id='word_1_87' title='bbox 849 1621 948 1734; x_wconf 81' lang='lat' dir='ltr'><strong>atque</strong></span> <span class='ocrx_word' id='word_1_88' title='bbox 963 1658 1034 1711; x_wconf 89' lang='lat' dir='ltr'><strong>erat</strong></span> <span class='ocrx_word' id='word_1_89' title='bbox 1051 1641 1196 1730; x_wconf 89' lang='lat' dir='ltr'><strong>difficile,</strong></span> <span class='ocrx_word' id='word_1_90' title='bbox 1212 1644 1326 1712; x_wconf 87' lang='lat' dir='ltr'><strong>eodem</strong></span> 
     </span>
     <span class='ocr_line' id='line_1_13' title="bbox 307 1759 1325 1930; baseline -0.002 -98"><span class='ocrx_word' id='word_1_91' title='bbox 307 1778 476 1930; x_wconf 88' lang='lat' dir='ltr'><strong>tempore,</strong></span> <span class='ocrx_word' id='word_1_92' title='bbox 489 1761 695 1855; x_wconf 87' lang='lat' dir='ltr'><strong>rapidissimo</strong></span> <span class='ocrx_word' id='word_1_93' title='bbox 723 1759 872 1847; x_wconf 89' lang='lat' dir='ltr'><strong>flumine,</strong></span> <span class='ocrx_word' id='word_1_94' title='bbox 896 1785 997 1905; x_wconf 84' lang='lat' dir='ltr'><strong>opera</strong></span> <span class='ocrx_word' id='word_1_95' title='bbox 1016 1762 1184 1854; x_wconf 77' lang='lat' dir='ltr'><strong>perlicere,</strong></span> <span class='ocrx_word' id='word_1_96' title='bbox 1206 1776 1239 1830; x_wconf 89' lang='lat' dir='ltr'><strong>et</strong></span> <span class='ocrx_word' id='word_1_97' title='bbox 1263 1760 1325 1830; x_wconf 88' lang='lat' dir='ltr'><strong>tela</strong></span> 
     </span>
     <span class='ocr_line' id='line_1_14' title="bbox 307 1886 434 1960; baseline 0.02 -8"><span class='ocrx_word' id='word_1_98' title='bbox 307 1886 434 1960; x_wconf 82' lang='lat' dir='ltr'><strong>vitare.</strong></span> 
     </span>
    </p>

    <p class='ocr_par' dir='ltr' id='par_1_4' title="bbox 301 2003 1328 3999">
     <span class='ocr_line' id='line_1_15' title="bbox 352 2003 1327 2098; baseline -0.002 -26"><span class='ocrx_word' id='word_1_99' title='bbox 352 2005 408 2072; x_wconf 93' lang='lat' dir='ltr'><strong>LI.</strong></span> <span class='ocrx_word' id='word_1_100' title='bbox 432 2004 612 2074; x_wconf 82' lang='lat' dir='ltr'><strong>Nuntiatur</strong></span> <span class='ocrx_word' id='word_1_101' title='bbox 631 2003 782 2090; x_wconf 83' lang='lat' dir='ltr'><strong>Afranio,</strong></span> <span class='ocrx_word' id='word_1_102' title='bbox 809 2027 943 2098; x_wconf 86' lang='lat' dir='ltr'><strong>magnos</strong></span> <span class='ocrx_word' id='word_1_103' title='bbox 966 2004 1159 2089; x_wconf 89' lang='lat' dir='ltr'><strong>comitatus,</strong></span> <span class='ocrx_word' id='word_1_104' title='bbox 1186 2004 1242 2096; x_wconf 87' lang='lat' dir='ltr'><strong>qui</strong></span> <span class='ocrx_word' id='word_1_105' title='bbox 1265 2004 1327 2072; x_wconf 88' lang='lat' dir='ltr'><strong>iter</strong></span> 
     </span>
     <span class='ocr_line' id='line_1_16' title="bbox 305 2119 1328 2209; baseline 0 -19"><span class='ocrx_word' id='word_1_106' title='bbox 305 2120 471 2190; x_wconf 90' lang='lat' dir='ltr'><strong>habebant</strong></span> <span class='ocrx_word' id='word_1_107' title='bbox 491 2119 536 2188; x_wconf 88' lang='lat' dir='ltr'><strong>ad</strong></span> <span class='ocrx_word' id='word_1_108' title='bbox 551 2123 728 2209; x_wconf 83' lang='lat' dir='ltr'><strong>Caesarem,</strong></span> <span class='ocrx_word' id='word_1_109' title='bbox 750 2119 792 2190; x_wconf 88' lang='lat' dir='ltr'><strong>ad</strong></span> <span class='ocrx_word' id='word_1_110' title='bbox 809 2121 932 2191; x_wconf 88' lang='lat' dir='ltr'><strong>flumen</strong></span> <span class='ocrx_word' id='word_1_111' title='bbox 950 2122 1143 2192; x_wconf 82' lang='lat' dir='ltr'><strong>constitisse.</strong></span> <span class='ocrx_word' id='word_1_112' title='bbox 1159 2125 1328 2193; x_wconf 78' lang='lat' dir='ltr'><strong>Venerunt</strong></span> 
     </span>
     <span class='ocr_line' id='line_1_17' title="bbox 304 2237 1327 2342; baseline 0.001 -35"><span class='ocrx_word' id='word_1_113' title='bbox 304 2261 344 2307; x_wconf 90' lang='lat' dir='ltr'><strong>eo</strong></span> <span class='ocrx_word' id='word_1_114' title='bbox 361 2240 520 2342; x_wconf 65' lang='lat' dir='ltr'><strong>sagittarii</strong></span> <span class='ocrx_word' id='word_1_115' title='bbox 541 2264 581 2308; x_wconf 83' lang='lat' dir='ltr'><strong>ex</strong></span> <span class='ocrx_word' id='word_1_116' title='bbox 599 2241 750 2328; x_wconf 87' lang='lat' dir='ltr'><strong>Rutenis,</strong></span> <span class='ocrx_word' id='word_1_117' title='bbox 777 2242 901 2332; x_wconf 86' lang='lat' dir='ltr'><strong>equites</strong></span> <span class='ocrx_word' id='word_1_118' title='bbox 928 2263 967 2308; x_wconf 80' lang='lat' dir='ltr'><strong>er</strong></span> <span class='ocrx_word' id='word_1_119' title='bbox 986 2237 1095 2310; x_wconf 86' lang='lat' dir='ltr'><strong>Gallia</strong></span> <span class='ocrx_word' id='word_1_120' title='bbox 1114 2263 1190 2310; x_wconf 91' lang='lat' dir='ltr'><strong>cum</strong></span> <span class='ocrx_word' id='word_1_121' title='bbox 1216 2239 1327 2310; x_wconf 91' lang='lat' dir='ltr'><strong>multis</strong></span> 
     </span>
     <span class='ocr_line' id='line_1_18' title="bbox 303 2354 1325 2460; baseline 0.002 -34"><span class='ocrx_word' id='word_1_122' title='bbox 303 2359 405 2426; x_wconf 87' lang='lat' dir='ltr'><strong>carris</strong></span> <span class='ocrx_word' id='word_1_123' title='bbox 421 2357 891 2460; x_wconf 37' lang='lat' dir='ltr'><strong>magnisque&#39;impedimentis,</strong></span> <span class='ocrx_word' id='word_1_124' title='bbox 914 2370 952 2426; x_wconf 89' lang='lat' dir='ltr'><strong>ut</strong></span> <span class='ocrx_word' id='word_1_125' title='bbox 970 2357 1032 2426; x_wconf 90' lang='lat' dir='ltr'><strong>sert</strong></span> <span class='ocrx_word' id='word_1_126' title='bbox 1048 2354 1164 2450; x_wconf 87' lang='lat' dir='ltr'><strong>gallica</strong></span> <span class='ocrx_word' id='word_1_127' title='bbox 1185 2382 1325 2428; x_wconf 89' lang='lat' dir='ltr'><strong>consue·</strong></span> 
     </span>
     <span class='ocr_line' id='line_1_19' title="bbox 304 2475 1326 2570; baseline 0.002 -26"><span class='ocrx_word' id='word_1_128' title='bbox 304 2475 395 2544; x_wconf 90' lang='lat' dir='ltr'><strong>tudo.</strong></span> <span class='ocrx_word' id='word_1_129' title='bbox 411 2479 515 2544; x_wconf 84' lang='lat' dir='ltr'><strong>Erant</strong></span> <span class='ocrx_word' id='word_1_130' title='bbox 533 2490 686 2570; x_wconf 83' lang='lat' dir='ltr'><strong>praeterea</strong></span> <span class='ocrx_word' id='word_1_131' title='bbox 712 2477 871 2569; x_wconf 90' lang='lat' dir='ltr'><strong>cujusque</strong></span> <span class='ocrx_word' id='word_1_132' title='bbox 889 2475 1016 2568; x_wconf 82' lang='lat' dir='ltr'><strong>generis</strong></span> <span class='ocrx_word' id='word_1_133' title='bbox 1033 2475 1206 2545; x_wconf 87' lang='lat' dir='ltr'><strong>hominum</strong></span> <span class='ocrx_word' id='word_1_134' title='bbox 1223 2477 1326 2546; x_wconf 87' lang='lat' dir='ltr'><strong>millia</strong></span> 
     </span>
     <span class='ocr_line' id='line_1_20' title="bbox 302 2592 1326 2688; baseline -0.001 -24"><span class='ocrx_word' id='word_1_135' title='bbox 302 2596 433 2666; x_wconf 87' lang='lat' dir='ltr'><strong>circiter</strong></span> <span class='ocrx_word' id='word_1_136' title='bbox 451 2620 487 2664; x_wconf 85' lang='lat' dir='ltr'><strong>vr</strong></span> <span class='ocrx_word' id='word_1_137' title='bbox 506 2621 581 2664; x_wconf 83' lang='lat' dir='ltr'><strong>cunr</strong></span> <span class='ocrx_word' id='word_1_138' title='bbox 600 2597 702 2664; x_wconf 86' lang='lat' dir='ltr'><strong>servis</strong></span> <span class='ocrx_word' id='word_1_139' title='bbox 722 2592 915 2688; x_wconf 74' lang='lat' dir='ltr'><strong>liberisque,</strong></span> <span class='ocrx_word' id='word_1_140' title='bbox 935 2594 992 2663; x_wconf 87' lang='lat' dir='ltr'><strong>sed</strong></span> <span class='ocrx_word' id='word_1_141' title='bbox 1008 2593 1118 2664; x_wconf 88' lang='lat' dir='ltr'><strong>nullus</strong></span> <span class='ocrx_word' id='word_1_142' title='bbox 1135 2595 1234 2685; x_wconf 92' lang='lat' dir='ltr'><strong>ordo,</strong></span> <span class='ocrx_word' id='word_1_143' title='bbox 1252 2595 1326 2666; x_wconf 89' lang='lat' dir='ltr'><strong>nul·</strong></span> 
     </span>
     <span class='ocr_line' id='line_1_21' title="bbox 303 2714 1325 2810; baseline -0.002 -26"><span class='ocrx_word' id='word_1_144' title='bbox 303 2714 371 2786; x_wconf 92' lang='lat' dir='ltr'><strong>lum</strong></span> <span class='ocrx_word' id='word_1_145' title='bbox 391 2717 565 2810; x_wconf 88' lang='lat' dir='ltr'><strong>imperium</strong></span> <span class='ocrx_word' id='word_1_146' title='bbox 580 2729 725 2798; x_wconf 88' lang='lat' dir='ltr'><strong>certum,</strong></span> <span class='ocrx_word' id='word_1_147' title='bbox 744 2737 847 2807; x_wconf 89' lang='lat' dir='ltr'><strong>quum</strong></span> <span class='ocrx_word' id='word_1_148' title='bbox 864 2739 924 2784; x_wconf 90' lang='lat' dir='ltr'><strong>suo</strong></span> <span class='ocrx_word' id='word_1_149' title='bbox 947 2715 1084 2808; x_wconf 88' lang='lat' dir='ltr'><strong>quisque</strong></span> <span class='ocrx_word' id='word_1_150' title='bbox 1102 2715 1238 2786; x_wconf 89' lang='lat' dir='ltr'><strong>consilio</strong></span> <span class='ocrx_word' id='word_1_151' title='bbox 1254 2729 1325 2782; x_wconf 90' lang='lat' dir='ltr'><strong>ute·</strong></span> 
     </span>
     <span class='ocr_line' id='line_1_22' title="bbox 303 2833 1324 2928; baseline -0.005 -23"><span class='ocrx_word' id='word_1_152' title='bbox 303 2851 406 2922; x_wconf 90' lang='lat' dir='ltr'><strong>retur,</strong></span> <span class='ocrx_word' id='word_1_153' title='bbox 426 2850 523 2928; x_wconf 90' lang='lat' dir='ltr'><strong>atque</strong></span> <span class='ocrx_word' id='word_1_154' title='bbox 542 2859 655 2904; x_wconf 89' lang='lat' dir='ltr'><strong>omnes</strong></span> <span class='ocrx_word' id='word_1_155' title='bbox 671 2835 741 2902; x_wconf 90' lang='lat' dir='ltr'><strong>sine</strong></span> <span class='ocrx_word' id='word_1_156' title='bbox 761 2835 879 2903; x_wconf 87' lang='lat' dir='ltr'><strong>timore</strong></span> <span class='ocrx_word' id='word_1_157' title='bbox 899 2835 961 2902; x_wconf 89' lang='lat' dir='ltr'><strong>iter</strong></span> <span class='ocrx_word' id='word_1_158' title='bbox 982 2833 1145 2920; x_wconf 80' lang='lat' dir='ltr'><strong>lacerent,</strong></span> <span class='ocrx_word' id='word_1_159' title='bbox 1163 2836 1212 2902; x_wconf 88' lang='lat' dir='ltr'><strong>usi</strong></span> <span class='ocrx_word' id='word_1_160' title='bbox 1231 2857 1324 2925; x_wconf 89' lang='lat' dir='ltr'><strong>supe-</strong></span> 
     </span>
     <span class='ocr_line' id='line_1_23' title="bbox 303 2950 1325 3053; baseline -0.005 -30"><span class='ocrx_word' id='word_1_161' title='bbox 303 2956 428 3024; x_wconf 90' lang='lat' dir='ltr'><strong>riorum</strong></span> <span class='ocrx_word' id='word_1_162' title='bbox 449 2969 634 3045; x_wconf 86' lang='lat' dir='ltr'><strong>temporum</strong></span> <span class='ocrx_word' id='word_1_163' title='bbox 652 2967 751 3045; x_wconf 91' lang='lat' dir='ltr'><strong>atque</strong></span> <span class='ocrx_word' id='word_1_164' title='bbox 771 2954 925 3022; x_wconf 90' lang='lat' dir='ltr'><strong>itinerum</strong></span> <span class='ocrx_word' id='word_1_165' title='bbox 951 2950 1092 3022; x_wconf 87' lang='lat' dir='ltr'><strong>licentia.</strong></span> <span class='ocrx_word' id='word_1_166' title='bbox 1114 2957 1217 3022; x_wconf 85' lang='lat' dir='ltr'><strong>Erant</strong></span> <span class='ocrx_word' id='word_1_167' title='bbox 1237 2975 1325 3053; x_wconf 80' lang='lat' dir='ltr'><strong>oom-</strong></span> 
     </span>
     <span class='ocr_line' id='line_1_24' title="bbox 302 3066 1324 3165; baseline -0.005 -23"><span class='ocrx_word' id='word_1_168' title='bbox 302 3071 413 3165; x_wconf 89' lang='lat' dir='ltr'><strong>plures</strong></span> <span class='ocrx_word' id='word_1_169' title='bbox 438 3066 568 3140; x_wconf 78' lang='lat' dir='ltr'><strong>ho&#39;nesti</strong></span> <span class='ocrx_word' id='word_1_170' title='bbox 594 3069 834 3156; x_wconf 87' lang='lat' dir='ltr'><strong>adolescentes,</strong></span> <span class='ocrx_word' id='word_1_171' title='bbox 856 3085 1044 3141; x_wconf 88' lang='lat' dir='ltr'><strong>senatorum</strong></span> <span class='ocrx_word' id='word_1_172' title='bbox 1066 3071 1124 3140; x_wconf 88' lang='lat' dir='ltr'><strong>filii</strong></span> <span class='ocrx_word' id='word_1_173' title='bbox 1145 3086 1178 3142; x_wconf 92' lang='lat' dir='ltr'><strong>et</strong></span> <span class='ocrx_word' id='word_1_174' title='bbox 1200 3069 1324 3141; x_wconf 91' lang='lat' dir='ltr'><strong>ordinis</strong></span> 
     </span>
     <span class='ocr_line' id='line_1_25' title="bbox 302 3187 1324 3284; baseline -0.002 -26"><span class='ocrx_word' id='word_1_175' title='bbox 302 3189 481 3282; x_wconf 81' lang='lat' dir='ltr'><strong>equestris3</strong></span> <span class='ocrx_word' id='word_1_176' title='bbox 491 3205 584 3261; x_wconf 89' lang='lat' dir='ltr'><strong>erant</strong></span> <span class='ocrx_word' id='word_1_177' title='bbox 598 3187 776 3283; x_wconf 83' lang='lat' dir='ltr'><strong>legationes</strong></span> <span class='ocrx_word' id='word_1_178' title='bbox 794 3191 983 3278; x_wconf 78' lang='lat' dir='ltr'><strong>civitatum3</strong></span> <span class='ocrx_word' id='word_1_179' title='bbox 998 3205 1093 3260; x_wconf 89' lang='lat' dir='ltr'><strong>erant</strong></span> <span class='ocrx_word' id='word_1_180' title='bbox 1105 3187 1203 3284; x_wconf 80' lang='lat' dir='ltr'><strong>legati</strong></span> <span class='ocrx_word' id='word_1_181' title='bbox 1219 3191 1324 3259; x_wconf 71' lang='lat' dir='ltr'><strong>Cesa-</strong></span> 
     </span>
     <span class='ocr_line' id='line_1_26' title="bbox 302 3307 1324 3400; baseline -0.004 -22"><span class='ocrx_word' id='word_1_182' title='bbox 302 3309 357 3378; x_wconf 89' lang='lat' dir='ltr'><strong>ris.</strong></span> <span class='ocrx_word' id='word_1_183' title='bbox 376 3311 445 3378; x_wconf 86' lang='lat' dir='ltr'><strong>Hos</strong></span> <span class='ocrx_word' id='word_1_184' title='bbox 461 3332 574 3377; x_wconf 86' lang='lat' dir='ltr'><strong>ornnes</strong></span> <span class='ocrx_word' id='word_1_185' title='bbox 595 3307 733 3377; x_wconf 80' lang='lat' dir='ltr'><strong>flumina</strong></span> <span class='ocrx_word' id='word_1_186' title='bbox 752 3309 974 3378; x_wconf 89' lang='lat' dir='ltr'><strong>continebant.</strong></span> <span class='ocrx_word' id='word_1_187' title='bbox 995 3309 1046 3377; x_wconf 80' lang='lat' dir='ltr'><strong>Ad</strong></span> <span class='ocrx_word' id='word_1_188' title='bbox 1064 3308 1124 3376; x_wconf 88' lang='lat' dir='ltr'><strong>bos</strong></span> <span class='ocrx_word' id='word_1_189' title='bbox 1139 3309 1324 3400; x_wconf 86' lang='lat' dir='ltr'><strong>opprimen-</strong></span> 
     </span>
     <span class='ocr_line' id='line_1_27' title="bbox 302 3423 1322 3520; baseline -0.006 -22"><span class='ocrx_word' id='word_1_190' title='bbox 302 3427 362 3498; x_wconf 92' lang='lat' dir='ltr'><strong>dos</strong></span> <span class='ocrx_word' id='word_1_191' title='bbox 381 3451 457 3496; x_wconf 90' lang='lat' dir='ltr'><strong>cum</strong></span> <span class='ocrx_word' id='word_1_192' title='bbox 478 3429 568 3496; x_wconf 87' lang='lat' dir='ltr'><strong>omni</strong></span> <span class='ocrx_word' id='word_1_193' title='bbox 594 3429 741 3520; x_wconf 88' lang='lat' dir='ltr'><strong>equitatu</strong></span> <span class='ocrx_word' id='word_1_194' title='bbox 771 3427 939 3520; x_wconf 85' lang='lat' dir='ltr'><strong>tribusque</strong></span> <span class='ocrx_word' id='word_1_195' title='bbox 961 3425 1143 3520; x_wconf 83' lang='lat' dir='ltr'><strong>legionibus</strong></span> <span class='ocrx_word' id='word_1_196' title='bbox 1170 3423 1322 3494; x_wconf 80' lang='lat' dir='ltr'><strong>Afranius</strong></span> 
     </span>
     <span class='ocr_line' id='line_1_28' title="bbox 303 3543 1323 3642; baseline -0.008 -25"><span class='ocrx_word' id='word_1_197' title='bbox 303 3548 342 3618; x_wconf 93' lang='lat' dir='ltr'><strong>de</strong></span> <span class='ocrx_word' id='word_1_198' title='bbox 358 3561 455 3617; x_wconf 91' lang='lat' dir='ltr'><strong>nocte</strong></span> <span class='ocrx_word' id='word_1_199' title='bbox 468 3547 698 3640; x_wconf 85' lang='lat' dir='ltr'><strong>proficiscitur,</strong></span> <span class='ocrx_word' id='word_1_200' title='bbox 715 3546 1001 3642; x_wconf 88' lang='lat' dir='ltr'><strong>imprudentesque</strong></span> <span class='ocrx_word' id='word_1_201' title='bbox 1015 3558 1091 3611; x_wconf 90' lang='lat' dir='ltr'><strong>ante</strong></span> <span class='ocrx_word' id='word_1_202' title='bbox 1107 3543 1214 3611; x_wconf 89' lang='lat' dir='ltr'><strong>missis</strong></span> <span class='ocrx_word' id='word_1_203' title='bbox 1231 3543 1323 3633; x_wconf 91' lang='lat' dir='ltr'><strong>equi·</strong></span> 
     </span>
     <span class='ocr_line' id='line_1_29' title="bbox 302 3658 1320 3764; baseline -0.012 -25"><span class='ocrx_word' id='word_1_204' title='bbox 302 3669 391 3738; x_wconf 89' lang='lat' dir='ltr'><strong>tibus</strong></span> <span class='ocrx_word' id='word_1_205' title='bbox 425 3669 623 3764; x_wconf 85' lang='lat' dir='ltr'><strong>aggreditur.</strong></span> <span class='ocrx_word' id='word_1_206' title='bbox 657 3664 819 3736; x_wconf 88' lang='lat' dir='ltr'><strong>Celeriter</strong></span> <span class='ocrx_word' id='word_1_207' title='bbox 851 3678 960 3731; x_wconf 88' lang='lat' dir='ltr'><strong>tamen</strong></span> <span class='ocrx_word' id='word_1_208' title='bbox 986 3685 1055 3731; x_wconf 88' lang='lat' dir='ltr'><strong>sese</strong></span> <span class='ocrx_word' id='word_1_209' title='bbox 1087 3658 1164 3755; x_wconf 86' lang='lat' dir='ltr'><strong>galli</strong></span> <span class='ocrx_word' id='word_1_210' title='bbox 1194 3661 1320 3752; x_wconf 88' lang='lat' dir='ltr'><strong>equites</strong></span> 
     </span>
     <span class='ocr_line' id='line_1_30' title="bbox 301 3778 1322 3880; baseline -0.009 -24"><span class='ocrx_word' id='word_1_211' title='bbox 301 3784 491 3879; x_wconf 87' lang='lat' dir='ltr'><strong>expediunt,</strong></span> <span class='ocrx_word' id='word_1_212' title='bbox 531 3785 746 3880; x_wconf 87' lang='lat' dir='ltr'><strong>proeliumque</strong></span> <span class='ocrx_word' id='word_1_213' title='bbox 788 3782 1007 3851; x_wconf 87' lang='lat' dir='ltr'><strong>committunt.</strong></span> <span class='ocrx_word' id='word_1_214' title='bbox 1040 3781 1098 3868; x_wconf 90' lang='lat' dir='ltr'><strong>Hi,</strong></span> <span class='ocrx_word' id='word_1_215' title='bbox 1135 3778 1214 3848; x_wconf 90' lang='lat' dir='ltr'><strong>dum</strong></span> <span class='ocrx_word' id='word_1_216' title='bbox 1250 3781 1322 3873; x_wconf 90' lang='lat' dir='ltr'><strong>pari</strong></span> 
     </span>
     <span class='ocr_line' id='line_1_31' title="bbox 303 3900 1321 3999; baseline -0.008 -25"><span class='ocrx_word' id='word_1_217' title='bbox 303 3907 479 3974; x_wconf 86' lang='lat' dir='ltr'><strong>certamine</strong></span> <span class='ocrx_word' id='word_1_218' title='bbox 498 3929 550 3974; x_wconf 90' lang='lat' dir='ltr'><strong>res</strong></span> <span class='ocrx_word' id='word_1_219' title='bbox 571 3906 639 3999; x_wconf 88' lang='lat' dir='ltr'><strong>geri</strong></span> <span class='ocrx_word' id='word_1_220' title='bbox 658 3903 781 3997; x_wconf 87' lang='lat' dir='ltr'><strong>potuit,</strong></span> <span class='ocrx_word' id='word_1_221' title='bbox 803 3924 957 3993; x_wconf 83' lang='lat' dir='ltr'><strong>magnum</strong></span> <span class='ocrx_word' id='word_1_222' title='bbox 984 3900 1127 3970; x_wconf 89' lang='lat' dir='ltr'><strong>hostium</strong></span> <span class='ocrx_word' id='word_1_223' title='bbox 1148 3909 1321 3971; x_wconf 90' lang='lat' dir='ltr'><strong>numerum</strong></span> 
     </span>
    </p>
   </div>
   <div class='ocr_carea' id='block_1_3' title="bbox 0 0 1548 4766">
    <p class='ocr_par' dir='ltr' id='par_1_5' title="bbox 0 0 1548 4766">
     <span class='ocr_line' id='line_1_32' title="bbox 0 0 1548 4766; baseline 0 3"><span class='ocrx_word' id='word_1_224' title='bbox 0 0 1548 4766; x_wconf 95' lang='lat' dir='ltr'><strong> </strong></span> 
     </span>
    </p>
   </div>
  </div>
 </body>
</html>
