3020 4768
258 331 277 388 8
417 335 447 388 C.
466 334 565 389 JULII
587 333 750 390 causatus
772 333 1139 392 COMMENTARIORUM

258 459 307 528 uti
331 483 393 553 per
416 457 580 552 colloquia
604 483 720 528 omncs
746 459 980 530 controversia
1002 472 1254 552 componantur.
1276 489 1295 526 a

304 580 347 647 X.
372 581 526 674 Acceptis
555 577 738 668 mandatis,
763 581 902 650 Roscius
922 603 998 649 oum
1027 582 1205 649 LCaesare
1228 584 1295 652 Ca·

256 723 357 792 puam
376 701 544 792 pervenit,
567 700 678 793 ibique
697 697 848 770 consules
867 700 1127 794 Pompeiumque
1154 701 1292 770 invenit.

256 816 428 886 Postulata
445 821 583 888 Caesaris
603 819 782 888 renuntiat.
801 817 871 906 Illi,
892 817 1142 907 deliberatore,
1160 844 1292 914 respon·

257 935 353 1025 dent,
379 939 566 1032 scriptaque
594 937 635 1008 ad
661 963 736 1007 eum
766 939 920 1008 mandata
942 963 1002 1032 per
1024 963 1080 1007 eos
1102 941 1292 1026 remittunt,

256 1081 401 1150 quorum
419 1055 489 1126 haec
508 1072 580 1126 erat
596 1083 723 1128 summa
746 1084 754 1126 ε
774 1057 915 1128 «Caesar
931 1060 965 1127 in
985 1057 1126 1128 Galliam
1145 1073 1290 1127 reverte·

256 1190 368 1262 retur,
387 1177 538 1252 Arimino
556 1177 746 1268 excederet,
764 1179 929 1246 exercitus
944 1177 1123 1246 dimitteret
1144 1203 1153 1246 ε
1174 1202 1247 1272 quae
1264 1181 1292 1247 si

256 1295 398 1385 lecisset,
410 1299 606 1391 Pompeium
621 1297 655 1366 in
671 1298 847 1392 Hispanias
864 1299 1000 1373 iturum.
1019 1301 1147 1366 Interea
1159 1345 1168 1387 ,
1180 1295 1291 1391 quoad

255 1415 336 1484 fides
355 1431 440 1486 essct
453 1416 549 1502 data,
566 1419 730 1487 Caesarem
757 1417 937 1504 facturum,
961 1441 1035 1509 quae
1059 1415 1290 1511 polliceretur,

256 1562 324 1606 non
343 1539 588 1624 intermissuros
607 1536 758 1607 consules
777 1538 1038 1630 Pompeiumque
1057 1538 1242 1608 delectus.»

260 1677 263 1684 ’
303 1660 364 1726 XI.
394 1661 474 1727 Erat
494 1659 605 1750 iniqua
632 1657 798 1742 conditio,
819 1657 1001 1751 postulare,
1027 1672 1063 1726 ut
1088 1662 1199 1728 Caesar
1216 1658 1291 1728 Ari·

254 1779 347 1847 mino
367 1777 556 1865 excederet,
576 1793 676 1872 atquc
701 1780 735 1845 in
755 1780 961 1871 provinciam
986 1792 1221 1866 reverteretur,
1239 1780 1290 1872 ip·

255 1914 380 1966 sumet
401 1901 586 1992 provincias
606 1913 640 1966 et
658 1897 803 1992 legiones
823 1897 945 1966 alienas
960 1914 1090 1983 tenere3
1109 1899 1292 1968 exercitum

254 2019 392 2087 Caesaris
410 2015 494 2085 velle
516 2017 653 2106 dimitti,
675 2017 819 2087 delectus
845 2019 985 2107 habere,
1004 2017 1174 2112 polliceri,
1201 2044 1236 2088 se
1255 2021 1290 2088 in

183 2137 187 2142 ’
255 2139 461 2232 provinciam
477 2139 619 2224 iturum,
636 2163 763 2232 neque,
781 2153 858 2207 ante
878 2164 976 2232 quem
996 2137 1084 2206 diem
1103 2141 1211 2208 iturus
1228 2142 1288 2225 sit,

255 2257 412 2347 delinire3
428 2273 486 2347 ut,
504 2259 532 2327 si
543 2273 679 2354 peracto
692 2261 831 2328 Caesaris
845 2257 1017 2328 consulatu
1028 2259 1206 2353 Pompeius
1219 2259 1297 2355 pr0·'

253 2379 358 2447 fectus
381 2403 449 2447 nou
467 2393 566 2467 esset,
582 2377 673 2448 nulla
689 2392 797 2448 tamen
812 2378 975 2448 mendacii
995 2377 1154 2473 religione
1168 2379 1288 2448 obstri-

254 2515 326 2567 ctus
342 2497 511 2569 videretur
530 2525 538 2565 ι
555 2512 684 2592 tempus
701 2523 781 2567 vero
799 2496 966 2592 colloquio
986 2523 1053 2567 non
1072 2497 1170 2587 dare,
1185 2524 1292 2593 neque

254 2643 463 2690 accessurum
478 2617 643 2714 polliceri,
657 2643 810 2714 magnam
828 2620 919 2713 pacis
935 2617 1200 2714 desperationem
1213 2619 1291 2688 affe·

252 2742 357 2812 rebat.
378 2745 494 2835 Itaque
510 2741 553 2808 ab
564 2741 715 2810 Arimino
734 2742 782 2807 M.
801 2741 985 2809 Antonium
1005 2765 1082 2809 cum
1096 2740 1289 2808 cohortibus

253 2865 403 2957 quinque
420 2862 590 2940 Arretium
608 2862 709 2930 mittit
728 2888 735 2928 :
752 2863 823 2955 ipse
842 2864 983 2931 Arimini
1000 2887 1076 2932 cum
1098 2860 1226 2930 duabus
1245 2856 1290 2928 le-

256 2983 410 3078 gionibus
435 2983 604 3068 subsistit,
634 2982 747 3075 ibique
773 2981 937 3051 delectum
966 2982 1087 3052 habere
1111 2981 1254 3051 instituit
1280 3005 1289 3048 t

255 3103 441 3189 Pisaurum,
473 3103 622 3188 Fanum,
654 3104 827 3171 Anconam
854 3098 994 3194 singulis
1020 3101 1212 3171 cohortibus
1235 3126 1292 3170 oc·

254 3239 364 3318 cupat.

301 3345 376 3412 XII.
403 3343 534 3412 Interea
549 3346 671 3413 certior
690 3346 817 3432 lactus,
836 3343 990 3438 Iguvium
1009 3344 1189 3412 Thermum
1208 3364 1291 3433 prae·

257 3480 362 3534 torem
390 3465 583 3534 cohortibus
618 3467 765 3560 quinque
789 3480 918 3552 tenere,
948 3461 1108 3558 oppidum
1145 3459 1291 3545 munire,

254 3589 471 3682 omniumque
489 3612 558 3658 esse
575 3589 792 3683 Iguvinorum
813 3585 973 3678 optimam
990 3607 1068 3678 erga
1085 3607 1119 3650 se
1139 3577 1292 3648 volunta-

254 3723 339 3794 tem,
359 3709 540 3782 Curionem
561 3732 637 3778 cum
656 3707 762 3774 tribus
781 3704 994 3790 cohortibus,
1013 3727 1095 3796 quas
1112 3699 1240 3770 Pisauri
1258 3712 1294 3767 et

254 3827 396 3896 Arimini
410 3825 570 3917 habebat,
580 3828 693 3896 mittit.
711 3825 816 3918 Cujus
831 3823 976 3894 adventu
989 3823 1143 3918 cognito,
1163 3817 1292 3888 diffisus

233 3925 235 3928 ’
255 3946 428 4039 municipii
448 3947 618 4018 voluntate
634 3945 814 4032 Thermus,
834 3943 986 4014 cohortes
1007 3966 1046 4012 ex
1062 3943 1143 4012 urbe
1163 3939 1294 4027 educit,
