3020 4768
284 354 341 412 233
443 356 473 411 C.
497 355 595 412 JULII
611 354 781 410 ments
803 353 1172 412 commentationum

283 483 360 551 Nou
390 481 478 549 enirn
510 479 684 548 dubitabat
711 479 794 572 quin
820 479 946 546 r'ecenti
975 476 1164 548 calamitate
1189 481 1332 552 submis-

282 603 384 670 siores
398 615 506 671 essent
521 601 659 682 futuram
673 598 753 668 dato
767 623 846 668 vero
862 600 970 693 spatio
987 624 1026 667 ac
1039 615 1204 694 tempore,
1215 602 1332 670 eodeni

281 723 428 790 instante
447 724 639 805 Dumnaco,
654 735 789 814 possent
809 721 981 788 concitari.
998 722 1076 810 Qua
1093 721 1128 788 iu
1146 745 1183 790 re
1203 745 1333 790 summa

281 841 419 910 felicitas
449 839 667 935 celeritasque
692 842 727 908 in
757 839 957 933 recipiendis
979 840 1172 910 civitatibus
1192 843 1333 912 Fabium

279 962 504 1055 consequitur.
528 963 615 1030 Nam
638 964 816 1050 Carnutes,
836 961 892 1054 qui
918 985 1003 1055 sape
1026 964 1136 1030 vexati
1159 987 1332 1055 nunquam

281 1085 372 1176 pacis
395 1083 544 1152 fecerant
566 1083 785 1168 mentionem,
808 1080 894 1150 datis
919 1081 1105 1168 obsidibus,
1132 1085 1271 1152 veniunt
1296 1084 1330 1152 in

278 1201 499 1288 deditionem;
521 1216 702 1296 ceteraeque
721 1203 892 1289 civitates,
912 1203 1025 1295 positae
1046 1203 1081 1270 in
1101 1201 1227 1271 ultimis
1248 1201 1331 1273 Gal·

280 1323 330 1390 tiae
346 1322 485 1410 finibus,
502 1325 642 1392 Oceano
657 1323 858 1414 conjunctae,
873 1345 946 1415 quae
964 1323 1146 1392 Armorica
1162 1322 1331 1418 appellan-

279 1457 350 1529 tur,
374 1445 573 1511 auctoritate
598 1441 749 1511 adductae
774 1445 979 1528 Carnutum,
1000 1442 1145 1512 adventu
1167 1444 1259 1512 Fabii
1281 1443 1329 1512 le·

279 1565 484 1658 gionumque
500 1566 664 1658 imperata
680 1565 752 1632 sine
771 1587 863 1634 mora
880 1559 1017 1633 faciunt.
1034 1568 1246 1653 Dumnacus,
1263 1567 1331 1634 suis

280 1683 401 1754 finibus
415 1683 587 1779 expulsus,
608 1709 722 1754 errans
743 1683 943 1779 latitansque
960 1683 1051 1754 solus
1069 1699 1234 1755 extremas
1249 1685 1331 1755 Gal-

280 1803 331 1874 liae
348 1807 500 1901 regiones
516 1821 629 1898 petere
645 1821 780 1875 coactus
796 1821 854 1875 est.

295 1951 297 1956 ·
327 1929 469 1996 XXXII.
481 1931 527 1997 At
537 1931 851 2023 Drappes,unaque
864 1931 1171 2022 Lucterius,quum
1180 1927 1330 2023 legiones

279 2049 525 2144 Caniniumque
541 2048 653 2117 adesse
667 2064 926 2142 cognoscerent,
940 2073 1001 2118 uec
1015 2075 1050 2118 se
1065 2051 1136 2118 sine
1149 2063 1238 2118 certa
1256 2073 1330 2143 per-

279 2169 379 2258 nicie,
395 2183 614 2264 persequente
629 2171 791 2255 exercitu,
807 2183 964 2263 putarent
981 2169 1167 2238 Provinciae
1182 2169 1265 2238 fines
1280 2171 1329 2237 in-

279 2306 368 2359 trare
389 2315 499 2385 posse,
519 2315 581 2374 nec
598 2291 667 2384 jani
687 2289 823 2360 liberam
843 2289 988 2384 vagandi
1007 2288 1329 2382 latrociniorumque

278 2411 504 2480 faciendorum
537 2409 725 2480 facultatem
754 2410 929 2498 habereut,
957 2411 1144 2478 consistunt
1176 2410 1210 2476 in
1240 2411 1330 2504 agris

277 2534 519 2602 Cadurcorum.
537 2533 604 2618 Ibi,
616 2556 720 2625 quum
729 2531 903 2600 Lucterius
912 2530 1001 2625 apud
1011 2555 1087 2600 suos
1104 2533 1208 2619 cives,
1222 2555 1328 2622 quon-

277 2655 353 2724 dam
371 2653 507 2748 integris
520 2653 634 2737 rebus‚
648 2651 792 2720 multum
807 2652 985 2746 potuisset,
999 2675 1197 2745 semperque
1211 2665 1328 2720 auctor

277 2798 441 2845 novorum
467 2771 682 2844 consiliorum
707 2796 862 2867 magnam
887 2771 976 2865 apud
999 2773 1158 2840 barbaros
1182 2775 1328 2841 auctori·

278 2911 379 2964 tatem
392 2895 543 2978 baberet,
556 2893 717 2989 oppidum
732 2890 1002 2980 Uxellodunum,
1018 2891 1109 2986 quod
1124 2895 1158 2960 in
1174 2891 1326 2966 clientela

278 3013 385 3082 fuerat
405 3017 489 3108 ejus,
512 3031 632 3086 natura
652 3013 713 3083 loci
735 3015 866 3108 egregie
888 3016 1071 3100 munitum,
1096 3029 1238 3107 occupat
1259 3016 1327 3083 suis

277 3148 311 3201 ct
326 3136 506 3229 Drappetis
521 3137 639 3230 copiis,
659 3131 909 3230 oppidanosque
927 3134 988 3201 sihi
1005 3137 1189 3229 conjungit.

326 3255 487 3324 XXXIII.
507 3257 586 3343 Quo
603 3278 708 3350 quum
729 3255 902 3324 confestim
923 3257 961 3324 C.
983 3255 1145 3324 Caninius
1168 3257 1324 3344 venisset,

277 3373 619 3468 animadverteretque
643 3399 757 3443 omues
777 3375 891 3470 oppidi
911 3389 1023 3469 partes
1042 3373 1219 3469 praeruptis
1238 3377 1325 3445 saxis

280 3521 349 3567 esse
380 3495 540 3582 munitas,
573 3521 655 3589 quo,
684 3496 882 3566 defendente
911 3495 1020 3584 nullo,
1048 3511 1159 3564 tamen
1188 3499 1324 3566 armatis

276 3617 454 3688 ascendere
473 3631 558 3686 esset
574 3615 721 3706 difficile,
739 3643 858 3712 magna
875 3632 988 3685 autern
1007 3617 1245 3711 impedimenta
1264 3643 1325 3711 op-

275 3739 476 3831 pidanorum
503 3736 646 3826 videret,
670 3764 743 3834 quae
764 3742 790 3807 si
810 3738 1015 3808 clandestina
1034 3741 1112 3834 fuga
1129 3740 1324 3808 subtrahere

276 3871 495 3942 conarentur,
520 3855 666 3952 effugere
689 3884 757 3927 uon
778 3859 879 3928 modo
900 3861 1103 3954 equitatum,
1126 3858 1184 3928 sed
1209 3883 1251 3927 ne
1276 3857 1323 3926 le·

277 3979 390 4069 gioncs
422 3976 555 4070 quidem
587 3995 735 4073 possent,
770 3981 940 4074 tripartito
967 3981 1161 4056 cohortibus
1195 3981 1323 4068 divisis,
