3086 4766
473 314 998 405 nnsmoomnlcoun.V1.
1044 429 1046 434 ,
1199 341 1252 401 153

216 498 281 568 que
308 453 490 543 consulere
497 475 595 566 jussit
614 500 621 540 :
646 497 788 566 quorum
808 496 884 566 pars
905 473 939 539 in
963 470 1177 540 Arduennam
1198 472 1251 540 sil·

220 616 308 678 vam,
328 616 406 685 pars
423 593 457 660 in
476 592 683 660 continentes
698 589 834 684 paludes
854 589 1015 684 profugit3
1034 589 1090 681 qui
1109 589 1252 682 proximi

220 713 390 780 Oceanum
414 709 562 798 fuerunt,
584 709 635 778 his
661 710 775 788 insulis
796 735 865 779 sese
888 708 1153 795 occultaverunt,
1174 729 1255 799 quas

218 843 315 898 astus
326 827 456 896 efficere
470 845 672 897 consuerunt
691 854 699 895 :
716 827 831 916 multi,
848 853 888 896 ex
905 830 972 898 suis
988 827 1109 896 finibus
1116 825 1254 920 egressi,

220 973 254 1016 se
267 971 391 1040 suaque
400 949 512 1016 omnia
521 947 730 1017 alienissimis
742 947 963 1017 crediderunt.
975 944 1166 1017 Cativolcus
1178 969 1254 1030 ,rex

220 1065 363 1135 dimidiae
381 1067 483 1158 partis
499 1067 709 1154 Eburonum,
727 1070 784 1160 qui
801 1092 865 1136 una
880 1091 955 1136 cum
972 1065 1163 1158 Ambiorige
1179 1088 1254 1132 con·

219 1183 329 1253 silium
346 1185 480 1273 inierat,
499 1200 595 1255 aetate
611 1187 680 1279 jam
698 1187 886 1274 consectus,
906 1210 1009 1279 quum
1028 1184 1176 1253 laborem
1196 1195 1256 1251 aut

220 1301 297 1372 belli
313 1317 372 1372 aut
393 1303 483 1400 fugae
501 1303 586 1373 ferre
609 1331 676 1374 non
696 1321 823 1400 posset,
846 1307 1000 1374 omuibus
1020 1303 1174 1398 precibus
1198 1301 1256 1370 de·

221 1436 356 1492 testatus
381 1424 624 1519 Ambiorigem,
649 1426 706 1518 qui
731 1427 800 1518 ejus
831 1423 959 1494 consilii
983 1437 1099 1492 auctor
1125 1421 1256 1507 fnisset,

222 1557 313 1626 taxo,
330 1544 426 1636 eujus
447 1567 568 1638 magna
584 1546 618 1612 in
636 1543 747 1613 Gallia
767 1545 1011 1637 Germaniaque
1028 1545 1123 1635 copia
1139 1557 1206 1627 est,
1222 1565 1257 1608 se

222 1663 428 1731 exanimavit.

269 1783 408 1850 XXXII.
425 1784 525 1876 Segni
538 1783 788 1876 Condrusique,
803 1807 844 1852 ex
859 1797 957 1878 geute
970 1796 1002 1850 et
1018 1804 1158 1849 numero
1171 1781 1259 1848 Ger·

224 1925 399 1969 manorum
417 1903 567 1994 quisunt
588 1903 675 1969 inter
693 1903 865 1970 Eburones
881 1903 1117 1992 Trevirosque,
1135 1897 1258 1993 legatos

224 2020 266 2088 ad
290 2023 451 2090 Caesarem
476 2021 655 2105 miserunt,
681 2036 812 2089 oratum
837 2045 879 2089 ne
908 2022 997 2088 sein
1023 2021 1170 2088 hostiurn
1197 2043 1259 2086 nu·

224 2163 316 2206 mero
341 2138 495 2226 duceret,
520 2163 602 2206 neve
625 2142 774 2208 omnium
800 2143 1044 2208 Germanorum
1068 2138 1125 2231 qui
1151 2151 1262 2206 essent

225 2257 305 2326 citra
322 2258 490 2346 Rhenum,
508 2283 610 2327 unam
630 2285 700 2328 esse
720 2283 852 2328 oausam
865 2258 1027 2352 judicaret
1044 2283 1052 2324 ι
1069 2256 1152 2325 nihil
1169 2257 1261 2325 sede

225 2375 312 2448 bello
331 2379 504 2472 cogitasse,
522 2376 614 2447 nulla
634 2379 819 2472 Ambiorigi
838 2376 961 2447 auxilia
980 2378 1117 2446 misisse.
1135 2379 1261 2464 Caesar,

226 2494 394 2588 explorata
411 2522 448 2564 re
466 2500 648 2589 quaestione
667 2500 888 2590 captivorum,
908 2498 934 2564 si
957 2498 1015 2590 qui
1036 2495 1078 2565 ad
1099 2519 1154 2564 eos
1173 2495 1264 2562 Ebu·

226 2637 322 2681 rones
342 2638 384 2684 cx
406 2614 485 2707 fuga
501 2619 745 2701 convenissent,
763 2631 802 2683 ut
817 2615 860 2684 ad
878 2639 912 2683 sc
932 2614 1185 2700 reducerentur,
1206 2614 1264 2680 im·

227 2731 355 2825 pererit
374 2757 382 2798 :
402 2734 429 2802 si
449 2734 494 2801 ita
511 2733 679 2820 fecissent,
695 2733 777 2802 fines
797 2758 912 2802 eorum
934 2759 969 2801 se
988 2731 1191 2801 violaturum
1211 2755 1265 2798 ne·

227 2853 327 2946 gavit.
339 2854 441 2939 Turn,
456 2853 560 2946 copiis
571 2854 605 2920 in
622 2867 687 2920 tres
697 2867 807 2946 partes
816 2852 1016 2938 distributis,
1027 2849 1264 2943 impedimenta

227 2972 377 3041 omnium
406 2970 573 3065 legionum
599 2971 808 3041 Aduatucam
831 2969 981 3040 contulit.
1000 2968 1040 3038 Id
1059 2967 1185 3038 castelli
1205 2995 1265 3038 no-

229 3117 304 3161 rnen
328 3106 386 3160 est.
410 3095 482 3160 Hoc
506 3091 574 3160 lere
588 3106 638 3161 est
655 3093 690 3160 in
710 3091 826 3160 mediis
841 3092 1039 3162 Eburonum
1056 3091 1191 3178 finibus,
1208 3093 1266 3160 ubi

228 3213 374 3281 Titurius
388 3226 488 3306 atque
496 3210 740 3282 Aurunculeius
754 3212 921 3281 hiemandi
932 3236 1031 3284 causa
1040 3212 1265 3282 consederant.

229 3335 326 3400 Hunc
348 3356 453 3425 quum
478 3331 614 3424 reliquis
634 3333 731 3400 rebus
752 3331 861 3401 locum
887 3334 1064 3427 probabat,
1084 3348 1155 3401 tum
1177 3331 1268 3425 quod

230 3453 407 3546 superioris
427 3454 507 3520 anui
528 3453 730 3520 munitiones
753 3455 889 3548 integrae
907 3439 1101 3540 manebant,
1122 3467 1160 3519 ut
1180 3448 1266 3518 mili·

231 3588 301 3642 tum
313 3572 460 3642 laborem
471 3571 666 3644 sublevaret.
678 3573 834 3641 Praesidio
843 3573 1087 3667 impedimentis
1099 3572 1266 3665 legionem

232 3716 288 3760 ruv
305 3693 453 3786 reliquit,
474 3719 574 3764 unam
596 3694 694 3762 exiis
712 3693 834 3780 tribus,
852 3719 934 3787 quas
955 3695 1105 3786 proxime
1125 3693 1269 3760 conscri-

232 3825 306 3904 ptas
321 3839 361 3882 en
378 3813 474 3882 ltalia
490 3814 732 3883 transduxerat.
748 3816 787 3882 Ei
806 3813 928 3908 legioni
946 3813 1127 3904 castrisque
1142 3812 1187 3898 Q.
1196 3810 1271 3879 Tul-

235 3933 315 4002 lium
334 3935 525 4002 Ciceronem
542 3933 705 4027 praefecit,
722 3935 946 4026 ducentosque
962 3934 1091 4024 equites
1107 3933 1269 4002 attribuit.
