3038 4766
480 379 968 440 nussuoctvtuua.111.
1090 437 1094 446 ,
1183 403 1234 443 ιιι
1318 357 1351 422 Ὗ

208 519 283 612 quis
300 515 334 584 in
349 513 462 610 fugam
478 513 652 607 conjectis,
666 513 791 598 nostri,
811 511 942 582 duobus
957 513 1103 601 amissis,
1120 515 1154 582 in
1179 539 1235 584 ca-

208 653 277 709 stra
293 661 328 707 se
345 649 552 729 receperunt.
926 644 929 652 '

254 759 446 828 XXXVIII.
472 756 532 824 His
550 756 646 825 rebus
668 754 783 848 gestis,
809 754 989 840 Domitius,
1010 778 1143 850 sperans
1167 757 1237 825 Sci-

207 871 340 972 pionem
361 873 405 944 ad
426 898 572 969 pugnam
596 872 668 942 elici
693 897 808 968 posse,
837 871 1019 963 simulavit,
1043 899 1111 944 sess
1131 899 1236 969 angu-

208 997 277 1064 stiis
292 995 342 1062 rei
361 993 581 1078 bumentariae
600 992 777 1063 adductum
798 1005 903 1062 castra
923 1014 1074 1083 movere;
1088 991 1238 1087 vasisque

209 1112 344 1183 militari
367 1133 460 1180 more
484 1110 715 1194 conclamatis,
740 1135 933 1206 progressus
960 1111 1063 1181 miliia
1082 1137 1237 1207 passuum

209 1236 289 1320 tria,
313 1230 388 1302 Ioco
410 1232 530 1302 idoneo
549 1246 582 1301 et
603 1229 733 1300 occulto
758 1255 889 1302 omnem
915 1234 1095 1302 exercitum
1114 1233 1239 1330 equita-

209 1368 348 1446 tumque
361 1349 542 1422 collocarit.
557 1333 689 1444 Scipio,
704 1349 965 1445 adsequendum
982 1366 1134 1446 paratus,
1152 1354 1240 1446 equi·

210 1487 315 1542 tatum
332 1494 550 1566 magnamque
569 1486 697 1564 partem
718 1468 798 1540 levis
817 1462 990 1541 armaturas
1007 1471 1048 1540 ad
1066 1470 1240 1566 exploran-

210 1591 371 1662 dum-iter
384 1591 522 1660 Domitii
539 1608 572 1657 et
586 1589 851 1683 cognoscendum
864 1592 1030 1684 premisit.
1050 1591 1118 1677 Qui
1135 1612 1240 1684 quum

210 1725 318 1780 essem
332 1709 518 1804 progressi,
534 1709 713 1802 primaeque
730 1722 845 1802 turmae
862 1708 995 1778 insidias
1012 1710 1240 1795 intravissent,

211 1854 252 1898 ax
270 1829 402 1925 fremitu
424 1851 585 1920 equorum
605 1824 695 1894 illata
715 1827 918 1920 suspicions,
945 1827 987 1896 ad
1006 1852 1082 1896 suos
1107 1853 1141 1898 se
1161 1830 1241 1897 reci·
1298 1909 1306 1924 ‚

208 1975 291 2045 perc
303 1963 489 2043 coeperunt3
504 1949 627 2041 quique
640 1949 700 2017 hos
713 1949 953 2040 sequebantur,
968 1947 1107 2018 celerem
1125 1973 1239 2018 eorum

212 2083 378 2161 receptum
396 2068 590 2162 conspicati,
609 2068 810 2137 restiterunt.
837 2067 967 2154 Nostri,
990 2069 1132 2163 coguitis
1155 2070 1241 2151 hosti

212 2188 353 2276 insidiis,
380 2210 424 2256 ne
451 2187 574 2257 frustra
597 2187 743 2280 reliquos
768 2202 1012 2282 exspectarent,
1041 2187 1124 2258 duas
1152 2189 1241 2261 nacti

212 2322 337 2378 turmas
353 2323 553 2401 exceperunt
574 2306 627 2403 (in
646 2307 697 2375 Iris
715 2306 778 2376 suit
795 2309 842 2375 Μ.
869 2309 1044 2401 Opimius,
1068 2307 1242 2402 proiectus

212 2426 380 2522 equitum)
397 2413 569 2520 :reliquos
586 2448 700 2498 omnes
717 2451 831 2496 earum
854 2440 1038 2496 turmarum
1064 2442 1123 2496 aut
1144 2429 1243 2496 inter-

211 2547 379 2632 fecerunt,
395 2562 454 2616 aut
470 2561 584 2641 captos
600 2545 642 2614 ad
660 2547 844 2614 Domitium
860 2544 1096 2646 perduxerupt.
1227 2615 1229 2622 ,

259 2664 603 2737 xxxlx..Deductis
631 2683 696 2732 ome
724 2664 894 2732 maritinroe
919 2663 1093 2756 praesidiis,
1117 2667 1243 2746 Caesar,

213 2801 368 2881 utsupra
385 2785 645 2854 demonstratum
662 2797 730 2861 est,
753 2797 820 2851 tres
837 2782 990 2852 cobortes
1013 2785 1106 2853 Orici
1129 2783 1244 2879 oppidi

214 2906 329 2977 tuendi
345 2927 440 2974 causa
457 2901 608 2995 reliquit,
629 2901 810 2995 iisdemque
827 2901 1009 2971 custodiam
1027 2904 1162 2971 navium
1178 2901 1246 2972 Ion·

215 3047 332 3119 gerum
351 3015 545 3110 transdidit,
564 3045 645 3114 quas
663 3045 702 3090 en
720 3021 815 3091 Italia
834 3020 1071 3092 tiausduxerat.
1099 3024 1186 3092 Huic
1201 3021 1246 3091 of·

214 3145 292 3214 ficio
311 3142 501 3238 oppidoque
528 3157 666 3236 preerat
691 3141 812 3212 Acilius
838 3141 976 3237 legatus.
1004 3147 1037 3213 Is
1065 3167 1163 3213 naves
1188 3167 1246 3212 no-

216 3280 299 3336 stras
315 3267 506 3334 interiorem
526 3265 560 3334 in
579 3279 705 3357 partem
724 3277 798 3358 post
813 3264 972 3359 oppidum
987 3264 1136 3353 reduxit,
1152 3280 1186 3335 et
1204 3265 1246 3334 ad

216 3401 338 3456 terram
357 3384 522 3481 diligavit,
539 3384 756 3479 faucibusque
776 3399 901 3478 portus.
918 3409 1035 3454 navem
1060 3386 1245 3456 onerariam

216 3510 418 3580 submersam
448 3502 642 3601 objecit,'et
671 3507 750 3576 huic
776 3503 913 3575 alteram
940 3507 1128 3600 conjunxit,
1147 3529 1247 3598 super

215 3652 282 3723 qua
302 3631 420 3699 turrim
442 3627 592 3698 effectam
612 3627 654 3696 ad
675 3627 782 3723 ipsum
805 3627 979 3696 introitum
1004 3641 1119 3718 portus
1141 3649 1247 3719 oppo·
1364 3643 1374 3660 ⁶

216 3751 301 3836 suit,
320 3765 354 3819 et
370 3747 529 3818 militibus
547 3747 745 3844 complevit,
764 3746 987 3841 tuendamque
1004 3745 1045 3816 ad
1064 3769 1180 3814 ornnes
1197 3769 1250 3813 re·

217 3873 369 3965 pentinos
387 3895 481 3940 casus
498 3869 682 3940 transdidit.

158 4003 169 4020 ‘
266 3992 337 4058 XL.
363 3991 495 4080 Quibus
512 3991 653 4086 cognitis
670 3992 783 4079 rebus,
802 3995 862 4062 Cn.
881 3991 1054 4086 Pompeius
1072 3985 1174 4075 filius,
1190 3986 1247 4079 qui
