3086 4766
293 429 331 484 9⁰
459 405 489 461 C.
512 407 607 462 JULll
628 405 788 463 GAESARIS
808 407 1166 467 commentorum

294 546 444 603 eusarent
455 583 464 619 ,
477 532 566 625 quod
575 533 725 601 homines
739 533 886 618 barbari,
897 545 930 600 et
944 545 1064 602 nostrae
1077 531 1325 601 consuetudinis

292 652 452 748 imperiti,
466 649 589 720 bellum
603 647 728 743 populo
741 675 880 720 romano
893 631 1059 738 fecissent,
1072 675 1171 744 seque
1187 675 1240 739 ea,
1253 675 1325 745 quc

292 775 496 866 imperasset,
524 771 667 840 facturos
695 768 939 863 pollicerentur.
968 773 1040 838 Hoc
1066 769 1129 838 sibi
1161 773 1238 838 satis
1268 795 1326 866 op·

244 893 247 900 ’
291 905 434 984 portune
461 891 571 960 Caesar
597 888 754 958 accidisse
777 889 969 970 arbitratus,
999 889 1089 982 quod
1115 913 1222 982 neque
1249 906 1340 984 post'

292 1025 421 1104 tergum
447 1010 573 1080 hostem
593 1007 778 1103 relinquere
797 1008 943 1097 volebat,
965 1031 1072 1102 neque
1090 1007 1169 1077 belli
1188 1009 1324 1104 gerendi

291 1145 427 1225 propter
442 1131 520 1198 anni
537 1145 666 1224 tempus
677 1129 868 1199 facultatem
885 1129 1045 1218 babebat,
1058 1153 1166 1223 neque
1181 1130 1240 1200 bas
1252 1145 1330 1200 tam.

292 1248 438 1319 tularum
457 1273 567 1318 rerum
587 1251 821 1344 occupationes
840 1249 902 1317 sibi
921 1248 1100 1318 Britanniae
1120 1262 1323 1345 anteponen-

291 1369 350 1437 das
364 1366 548 1462 judicabat,
565 1391 724 1462 magnum
739 1369 790 1438 his
808 1366 963 1441 obsidum
976 1371 1150 1444 numerum
1170 1369 1320 1461 imperat.

290 1487 421 1576 Quibus
438 1486 608 1572 adductis,
622 1511 678 1556 eos
700 1489 734 1554 in
752 1486 851 1555 fidem
869 1487 1001 1580 recepit.
1023 1486 1172 1556 Navibus
1192 1489 1322 1556 circiter

291 1633 380 1679 ιω
405 1609 564 1685 onerariis
582 1609 705 1677 coactis
720 1608 976 1700 contractisque,
995 1621 1077 1700 quot
1093 1609 1172 1676 satis
1191 1631 1260 1676 esse
1279 1607 1322 1676 ad

291 1727 372 1796 duas
384 1725 655 1822 transportandas
670 1725 813 1821 legiones
828 1727 1053 1814 existimabat,
1068 1725 1230 1820 quidquid
1241 1749 1322 1820 prae-

290 1861 379 1918 terea
395 1848 529 1915 navium
541 1843 717 1939 longarum
732 1845 889 1928 babebat,
906 1848 1076 1938 quaestori,
1097 1846 1226 1940 legatis,
1241 1871 1324 1940 praa·

291 1966 451 2058 lectisque
466 1964 645 2034 distribuit.
668 1967 743 2033 Huc
762 1965 963 2034 accedebant
979 1989 1066 2035 xvm
1085 1967 1244 2035 onerariae
1263 1991 1322 2036 na·

291 2109 362 2172 ves,
387 2107 460 2177 quae
484 2107 523 2151 ex
546 2107 587 2152 eo
611 2082 683 2152 loco
709 2084 751 2152 ab
776 2083 922 2153 millibus
950 2109 1105 2179 passuum
1133 2109 1196 2154 vm
1221 2101 1322 2156 vento

292 2202 504 2290 tenebantur,
530 2228 596 2295 quo
620 2204 729 2272 minus
753 2205 787 2272 in
811 2202 964 2272 eumdem
988 2219 1124 2299 portum
1150 2207 1322 2297 pervenire

291 2336 433 2417 possent.
459 2325 527 2390 Has
549 2323 714 2416 equitibus
738 2322 931 2392 distribuit:
954 2323 1119 2416 reliquum
1141 2325 1319 2394 exercitum

289 2445 332 2532 Q.
351 2444 482 2513 Titurio
500 2444 622 2513 Sabino
642 2458 675 2512 et
692 2445 730 2512 L.
753 2443 978 2513 Aurunculeio
993 2448 1114 2528 Cotto,
1135 2441 1263 2537 legatis,
1287 2446 1322 2512 in

289 2563 462 2655 Menapios
478 2576 577 2656 atque
596 2563 631 2630 in
651 2586 706 2630 eos
725 2586 826 2656 pagos
843 2563 1067 2649 Morinorum,
1085 2563 1127 2632 ab
1144 2564 1264 2656 quibus
1280 2563 1322 2632 ad

289 2705 365 2750 eum
384 2679 483 2776 legati
503 2705 570 2749 non
591 2693 765 2766 venerant,
784 2678 1013 2750 deducendum
1032 2681 1132 2752 dedit.
1153 2686 1190 2752 P.
1211 2682 1322 2778 Sulpi·

290 2803 371 2869 tium
388 2799 527 2888 Rufum,
548 2798 710 2893 legatum,
727 2823 803 2867 cum
820 2823 859 2867 eo
872 2801 1042 2892 prasidio,
1057 2801 1146 2894 quod
1158 2805 1237 2872 satis
1252 2827 1322 2872 esse

288 2919 529 3006 arbitrabatur,
545 2931 679 3012 portum
696 2931 807 2986 tenere
820 2918 929 3011 jussit.

334 3040 461 3110 XXIII.
479 3040 538 3108 llis
558 3037 745 3109 constitutis
765 3037 879 3125 rebus,
897 3051 1013 3108 nactus
1032 3039 1185 3110 idoneam
1202 3040 1245 3109 ad
1263 3065 1320 3112 na·

289 3157 467 3252 vigandum
488 3169 734 3250 tempestatem,
753 3157 850 3225 tertia
872 3156 940 3224 fere
959 3154 1078 3250 vigilia,
1090 3155 1209 3244 solvit,
1227 3161 1320 3252 equi-

288 3292 401 3371 tesque
417 3279 453 3346 in
465 3275 656 3346 ulteriorem
669 3289 804 3368 portum
818 3273 990 3368 progredi,
1007 3289 1041 3342 et
1053 3297 1153 3343 neves
1166 3300 1320 3346 conscen-

288 3396 381 3484 dere,
413 3409 448 3465 et
471 3419 505 3464 se
535 3394 628 3487 sequi
650 3393 748 3486 jussit
778 3418 786 3459 ε
813 3417 832 3460 a
855 3391 974 3485 quibus
998 3416 1102 3485 quum
1126 3392 1224 3487 paulo
1254 3409 1319 3464 tar-

288 3514 362 3582 dius
378 3521 465 3584 eseet
486 3512 768 3598 administratum,
786 3511 856 3605 ipse
872 3510 955 3580 hora
970 3511 1034 3584 diei
1055 3513 1187 3584 circiter
1202 3529 1320 3608 quarta

286 3661 362 3705 cum
379 3634 494 3727 primis
511 3631 648 3701 navibus
662 3633 866 3701 Britanniam
885 3633 1009 3725 attigit,
1025 3647 1124 3726 atquc
1141 3634 1186 3702 ibi
1203 3635 1237 3704 in
1253 3660 1320 3706 om·

289 3753 384 3821 nibus
392 3751 529 3822 collibus
537 3752 700 3845 expositas
709 3751 853 3822 hostium
864 3752 976 3843 copias
985 3765 1128 3822 armatas
1138 3756 1317 3849 conspexit.

287 3873 391 3966 Cujus
415 3868 478 3940 loci
502 3870 571 3941 lucc
595 3885 664 3940 erat
692 3885 810 3940 natura
832 3901 840 3938 ι
871 3869 954 3940 adeo
978 3873 1148 3944 montibus
1174 3877 1320 3969 augustis

287 4015 376 4059 mare
393 3991 644 4077 continebatur,
666 3993 713 4060 uti
730 4015 770 4058 ex
787 3988 868 4059 locis
885 3991 1109 4084 superioribus
1127 3994 1161 4062 in
1179 3992 1255 4064 litus
1276 4010 1321 4062 te-
