3050 4772
458 391 510 448 DE
528 389 652 446 131th
671 387 836 446 GALLICO
857 391 926 446 un.
942 391 1006 446 VII.
1201 405 1255 458 ²¹7

260 519 446 588 LXXXIX.
475 522 614 588 Postero
640 517 694 585 die
719 517 989 609 Vercingetorix,
1014 512 1157 584 concilio
1176 539 1257 582 con·

212 649 351 722 vocato,
369 665 385 700 c
402 636 436 704 id
456 662 490 705 se
508 634 635 705 bellum
653 637 833 729 suscepisse
849 660 917 704 non
935 659 1070 703 suarum
1086 635 1259 701 necessita-

212 768 300 841 tum,
328 755 385 823 sed
414 756 600 824 communis
628 753 791 824 liber-tatis
818 778 934 842 causa,
962 754 1184 839 demonstrat3
1211 766 1259 835 et,

212 873 371 965 quoniam
387 875 429 943 sit
450 875 592 943 fortunae
608 873 812 958 cedendum,
829 873 872 942 ad
888 888 1066 966 utramque
1085 897 1155 940 rem
1175 895 1209 940 se
1225 869 1260 936 il·

213 990 253 1060 tis
278 991 415 1080 offerre,
440 1019 497 1063 seu
519 1009 628 1063 morte
651 1018 709 1063 sua
732 995 894 1063 Romanis
914 991 1116 1080 satisfacere,
1137 1015 1195 1061 scu
1213 991 1260 1058 vi·

213 1135 293 1180 vum
315 1113 444 1182 tradere
465 1112 578 1183 velint.
598 1144 615 1180 o
634 1117 821 1184 Mittuntur
836 1113 878 1182 dc
899 1113 1068 1182 hisrebus
1089 1112 1131 1181 ad
1151 1115 1259 1182 Caesa·

213 1255 284 1300 rem
309 1232 418 1329 legati.
442 1236 541 1304 Jubet
569 1259 662 1304 arma
688 1234 791 1320 tradi,
817 1234 984 1328 principes
1005 1232 1155 1328 produci.
1183 1236 1258 1325 Ipse

212 1353 247 1419 in
267 1354 454 1423 munitione
476 1379 539 1448 pro
564 1354 680 1423 castris
701 1352 872 1440 consedit3
889 1377 929 1421 eo
950 1353 1050 1421 duces
1066 1351 1259 1446 producun-

212 1485 276 1540 tur.
299 1475 553 1569 Vercingetorix
570 1473 717 1564 deditur,
735 1499 826 1543 arma
843 1475 1078 1569 projiciuntur.
1096 1475 1260 1542 Reserva-

213 1593 254 1660 tis
268 1592 383 1662 AEduis
399 1609 499 1688 atque
513 1595 686 1683 Arvernis,
701 1595 728 1663 si
745 1617 877 1686 percos
895 1593 1045 1664 civitates
1061 1615 1259 1684 recuperare

78 1748 80 1752 ·
212 1727 337 1805 posset,
354 1735 394 1781 ex
413 1712 549 1808 reliquis
566 1715 704 1808 captivis
725 1727 797 1782 toto
818 1714 965 1782 exercitu
982 1714 1091 1807 capita
1109 1709 1258 1805 singula,
1305 1767 1310 1776 .

212 1831 331 1924 praedae
347 1835 500 1920 nomine,
521 1833 701 1902 distribuit.

260 1954 332 2021 XC.
355 1953 415 2022 His
436 1954 534 2022 rebus
558 1953 731 2041 conlectiS,
754 1955 789 2021 in
807 1953 931 2023 AEduos
954 1953 1192 2048 proficiscitur3
1211 1953 1259 2020 ci-

212 2072 350 2140 vitatem
371 2074 500 2165 recipit.
520 2077 569 2142 Eo
590 2070 689 2167 legati
707 2072 749 2142 ab
770 2074 928 2144 Arvernis
947 2073 1037 2141 missi
1059 2097 1132 2165 quae
1150 2072 1257 2165 impe·

187 2175 301 2261 'raret
324 2217 359 2262 se
381 2192 527 2262 facturos
552 2191 763 2288 pollicentur.
792 2197 939 2289 Imperat
962 2217 1120 2286 magnum
1140 2217 1258 2260 nume·

160 2397 164 2408 ι
211 2337 287 2381 rum
306 2313 471 2383 obsidum.
499 2315 663 2409 Legiones
684 2315 719 2382 in
741 2315 881 2384 hiberna
902 2315 1016 2382 mittit.
1039 2314 1258 2407 Captivorum

211 2432 342 2502 circiter
362 2459 407 2502 xx
427 2432 532 2502 millia
551 2433 666 2504 AEduis
688 2435 916 2526 Arvernisque
936 2432 1056 2503 reddit.
1081 2435 1119 2500 T.
1140 2433 1258 2501 Labie-

211 2577 293 2620 num
316 2577 393 2621 cum
417 2579 442 2624 11
462 2553 649 2649 legionibus
674 2570 708 2622 et
735 2556 885 2647 equitatu
908 2555 942 2622 in
965 2556 1136 2647 Sequanos
1159 2551 1259 2646 proli·

211 2675 289 2741 cisci
315 2673 433 2765 jubet3
461 2673 540 2742 huic
563 2677 611 2742 M.
639 2665 871 2769 Sempronium
899 2670 1064 2770 Rutilium
1091 2671 1256 2740 attribuit.

210 2797 250 2864 C.
272 2792 413 2860 Fabium
439 2807 472 2860 et
491 2795 528 2861 L.
552 2794 741 2890 Minucipm
761 2792 909 2862 Basilum
928 2815 1048 2860 cumn
1071 2789 1257 2885 legionibus

211 2917 245 2982 in
265 2913 380 2984 Remis
399 2911 555 3002 collocat,
575 2939 618 2981 ne
637 2939 737 3006 quam
755 2939 774 2982 a
795 2913 945 2981 finitimis
966 2910 1149 2980 Bellovacis
1171 2909 1257 2979 cala-

213 3035 362 3102 mitatem
377 3035 552 3127 accipiant.
571 3038 609 3104 C.
628 3033 811 3103 Antistium
827 3033 993 3127 Reginum
1011 3034 1046 3100 in
1062 3033 1257 3101 Ambivare·

212 3168 278 3240 tos,
300 3157 337 3222 T.
356 3155 506 3224 Sextium
527 3156 561 3224 in
583 3155 764 3249 Bituriges,
784 3156 822 3222 C.
847 3153 1025 3224 Caninium
1046 3151 1200 3222 Rebilum
1224 3155 1257 3220 in

211 3277 378 3373 Rutenos,
393 3300 470 3344 cum
484 3272 622 3371 singulis
633 3272 836 3369 legionibus,
849 3276 963 3344 mittit.
981 3275 1024 3364 Q.
1040 3272 1188 3343 Tullium
1203 3275 1258 3341 Ci-

211 3419 365 3465 ceronem
377 3410 412 3464 et
424 3398 461 3464 P.
477 3394 663 3490 Sulpicium
676 3392 843 3466 Cabilloni
855 3409 889 3463 et
897 3396 1083 3464 Matiscone
1097 3396 1130 3462 in
1143 3392 1257 3462 AEduis

211 3513 252 3582 ad
280 3517 427 3602 Ararim,
450 3516 500 3584 rei
526 3515 751 3583 frumentariae
776 3541 888 3603 causa,
912 3512 1066 3584 collocat.
1101 3516 1177 3608 Ipse
1202 3513 1257 3581 Bi·

210 3633 326 3703 bracte
344 3636 492 3704 hiemare
507 3625 689 3703 constituit.
712 3636 772 3703 His
789 3637 888 3704 rebus
906 3633 1023 3703 litteris
1044 3633 1181 3703 Caesaris
1200 3657 1256 3700 co·

212 3755 313 3848 gnitis
330 3759 461 3844 Romae,
479 3755 608 3824 dierum
626 3781 672 3824 xx
692 3755 890 3850 supplicatio
906 3753 1075 3823 indicitur.

572 4067 891 4092 *—
