3060 4768
466 422 471 430 ’
540 433 592 488 DE
612 431 734 488 RELLO
755 431 956 490 auulcauo.
1208 435 1263 490 ab!

45 563 50 570 '
174 582 186 597 ·
236 559 453 654 Thapsitanos
469 572 503 626 et
517 554 694 650 Virgilium
714 556 897 641 amitteret,
915 551 1087 622 confestim
1103 557 1263 628 Caesarem

150 763 155 772 ¹
236 705 296 774 per
325 678 493 772 superiora
527 675 596 744 loca
623 688 830 762 consecutus,
861 671 963 744 millia
988 697 1143 768 passuum
1163 699 1265 746 vura

236 798 368 891 Thapso
384 794 471 865 binis
490 796 604 864 castris
621 794 777 864 consedit.

283 919 421 987 LXXX.
437 914 519 984 Erat
535 929 688 1009 stagnum
706 913 903 1002 salinarum,
922 911 1009 982 iuter
1024 913 1114 1008 quod
1127 928 1161 982 et
1175 939 1265 984 mare

237 1037 394 1131 angustio
411 1033 560 1129 quaedam
578 1056 646 1101 non
662 1031 806 1126 amplius
824 1031 913 1102 mille
929 1047 962 1101 et
977 1033 1175 1127 quingentos
1192 1057 1266 1126 pas·

237 1177 292 1224 sus
309 1156 510 1239 intererant3
525 1169 609 1244 quas·
622 1152 733 1245 Scipio
751 1151 875 1220 intrare
886 1166 939 1240 ,et
951 1149 1159 1245 Thapsitanis
1174 1154 1265 1218 auxi-

236 1273 316 1343 lium
335 1272 421 1342 ferre
439 1271 622 1344 conabatur
645 1269 759 1364 :quod
781 1270 928 1339 flaturum
950 1273 1110 1345 Cesarem
1136 1295 1203 1339 nou
1220 1269 1267 1338 le·

236 1389 372 1461 fellerat.
391 1393 545 1483 Namque
561 1387 666 1483 pridie
688 1390 722 1457 in
740 1413 780 1458 eo
799 1385 872 1458 loco
893 1388 1026 1459 castello
1041 1390 1186 1475 munito,
1204 1391 1264 1460 ibi·

236 1535 300 1605 que
321 1511 409 1578 trino
437 1507 586 1602 presidio
605 1507 735 1594 relicto,
757 1510 826 1602 ipse
844 1531 919 1576 cum
940 1507 1074 1602 reliquis
1092 1509 1196 1602 copiis
1215 1509 1266 1577 lu·

239 1631 323 1700 natis
341 1630 457 1699 castris
477 1629 646 1720 Thapsum
673 1627 828 1720 operibus
856 1629 1131 1696 circummunivit.
1152 1629 1267 1722 ¹Scipio

237 1745 550 1834 interim,exclusus
561 1747 603 1814 ab
619 1747 750 1840 incepto
762 1746 897 1830 itinere,
912 1769 1009 1839 supra
1024 1741 1196 1840 stagnum,
1208 1771 1268 1839 po-

241 1883 330 1938 stero
351 1865 405 1934 die
425 1880 459 1934 et
477 1879 575 1934 nocte
590 1865 756 1950 confecta,
774 1863 856 1934 coelo
874 1863 1018 1953 albente,
1039 1889 1105 1933 nou
1130 1863 1227 1959 longe
1250 1891 1269 1932 a

236 1983 599 2080 castris'presidioque,
621 1984 710 2079 quod
728 2005 828 2078 supra
852 1985 1201 2072 commemoravimus,
1219 2008 1270 2056 mc

237 2103 458 2200 passibus,ad
472 2127 682 2174 mareversus
695 2104 862 2190 consedit,
878 2097 910 2172 el
927 2117 1034 2174 castra
1053 2106 1184 2174 munire
1203 2129 1267 2174 ooe·

237 2223 298 2317 pit.
319 2223 420 2311 Quod
448 2237 623 2318 postquam
649 2225 770 2294 Caesari
799 2225 987 2293 nuntiatum
1008 2239 1073 2308 est,
1102 2221 1205 2293 milite
1227 2224 1269 2293 ab

159 2433 162 2438 Ι
238 2367 336 2438 opere
366 2343 528 2428 deducto,
555 2345 669 2412 castris
691 2343 844 2438 praesidio
872 2348 1051 2439 Asprenate
1072 2341 1270 2439 proconsule

237 2443 314 2531 cunr
335 2462 517 2556 legionibus
542 2487 568 2532 u
589 2462 721 2549 relicto,
746 2464 815 2554 ipse
843 2487 918 2532 cum
944 2464 1096 2556 expedita
1125 2464 1219 2556 copia
1234 2465 1288 2532 in·

236 2603 313 2650 eum
329 2580 438 2650 locum
454 2582 580 2650 citatim
594 2578 780 2666 contendit3
800 2579 976 2672 classisque
994 2595 1085 2673 parte
1100 2581 1143 2650 ad
1160 2582 1269 2674 Thap-

237 2723 311 2772 sum
336 2697 465 2784 relicta,
493 2695 634 2790 seliquas
661 2721 758 2766 naves
773 2698 868 2789 jubet
884 2712 958 2790 post
977 2699 1122 2768 bostium
1140 2713 1268 2794 tergum

237 2841 336 2908 quam
354 2818 495 2885 maxime
514 2815 555 2884 ad
577 2815 653 2884 litus
670 2813 811 2908 appelli,
828 2817 1026 2909 signumque
1044 2841 1140 2886 suum
1159 2816 1270 2886 obser·

236 2959 330 3023 vare3
348 2959 416 3028 quo
436 2937 530 3030 signo
547 2936 641 3022 dato,
666 2935 776 3005 subito
794 2936 1058 3023 clamorefacto,
1084 2961 1124 3004 cx
1146 2938 1270 3030 impro-

237 3056 308 3122 viso
325 3055 474 3123 hostibus
498 3056 619 3124 aversis
634 3054 822 3124 incuterent
837 3071 1014 3142 terrorem,
1031 3069 1069 3124 ut
1087 3055 1270 3150 perturbati

237 3195 276 3242 ac
295 3174 462 3266 perterriti
481 3175 643 3268 respicere
660 3191 735 3269 post
754 3189 847 3270 terga
865 3189 1073 3270 cogerentur.

179 3267 182 3282 Ι
286 3295 439 3361 LXXXI.
461 3294 540 3381 Quo
560 3307 734 3387 postquam
752 3295 863 3362 Caesar
879 3296 1050 3387 pervenit,
1070 3311 1102 3364 et
1121 3293 1271 3364 animad-

237 3411 338 3480 vertit
357 3412 459 3480 aciem
481 3435 543 3505 pro
563 3408 649 3481 iallo
671 3411 851 3505 Scipionis,
869 3411 1128 3506 elephantosque
1154 3413 1270 3482 dextro

237 3533 436 3624 sinistroque
450 3554 554 3599 corun
574 3527 768 3615 collocatos,
786 3546 820 3598 et
839 3529 1053 3602 nibilominus
1069 3546 1196 3624 partem
1213 3532 1272 3600 mi·

237 3647 334 3718 litum
344 3639 451 3720 castra
469 3675 536 3718 non
554 3652 716 3745 ignaviter
726 3651 1051 3744 munire,ipse,aoie
1061 3648 1181 3742 triplici
1198 3648 1267 3717 col-

230 3765 344 3837 locata
352 3819 362 3856 ,
371 3767 502 3863 legione
508 3768 636 3839 decima
644 3769 854 3862 secundaque
863 3768 979 3838 dextro
986 3789 1102 3854 cornu,
1115 3791 1180 3837 vm
1189 3781 1222 3835 et
1234 3791 1270 3836 rx

240 3886 373 3954 sinistro
383 3889 560 3981 ,oppositis
575 3891 722 3982 quinque
730 3887 915 3984 legionibus
924 3891 957 3956 iu
968 3889 1086 3981 quarta
1098 3887 1269 3975 acie,aute

240 4002 310 4094 ipsa
326 4027 451 4072 cornua
465 4007 576 4096 quinis
594 4008 786 4076 cohortibus
804 4024 919 4078 contra
947 4007 1067 4076 bestias
1083 4004 1270 4091 collocatis,
