3068 4772
290 411 342 478 164
463 410 493 466 C.
513 411 610 466 JULlI
631 409 796 466 CAESARIS
816 409 1012 466 GOMMENT.
1034 413 1147 468 LIBER

286 535 407 605 efficiat
426 561 434 604 :
455 535 511 604 sed
530 561 567 604 ea
588 535 699 630 plebes
715 560 753 604 ac
770 535 949 604 multitudo
964 550 1120 607 contenta
1137 552 1187 606 est
1204 561 1320 608 neces·

286 656 393 741 sario,
411 655 498 748 quod
510 655 584 724 fons
601 652 684 723 urbe
702 669 771 724 tota
787 652 898 723 nullus
914 669 971 724 est.
985 657 1057 725 Hoc
1069 669 1178 724 tamen
1195 655 1320 727 flumen

287 777 321 843 in
341 799 378 843 ea
396 791 491 869 parte
510 775 602 844 urbis
626 789 717 861 erat,
734 799 806 867 quae
825 774 866 844 ab
886 771 1114 845 Alexandrinis
1130 775 1316 846 tenebatur.

242 900 243 904 ’
287 893 364 982 Quo
393 893 480 963 facto
510 908 561 962 est
590 893 777 962 admonitus
808 891 1035 986 Ganymedes,
1065 918 1160 986 posse
1190 910 1320 964 nostros

287 1037 371 1107 aqua
389 1011 584 1097 intercludi;
601 1013 677 1105 qui,
698 1011 863 1081 distributi
883 1012 1104 1081 munitionum
1122 1011 1320 1083 tuendarum

288 1156 406 1218 causa,
431 1132 564 1200 vicatim
582 1155 621 1199 ex
641 1129 775 1225 privatis
792 1129 957 1216 edificiis,
975 1131 1138 1225 specubus
1156 1156 1194 1202 ac
1213 1135 1319 1227 puteis

287 1265 531 1344 extractasque
551 1249 737 1319 utebantur.

334 1373 392 1438 vt.
418 1373 490 1438 Hoc
512 1369 651 1463 probato
672 1368 830 1456 consilio,
852 1393 1009 1463 magnum
1029 1393 1068 1438 ac
1083 1368 1217 1439 difficile
1235 1395 1318 1465 opus

287 1489 487 1582 aggreditur.
510 1490 702 1581 Interscptis'
726 1489 812 1556 enim
838 1489 1018 1581 specubus,
1041 1501 1138 1582 atque
1163 1490 1318 1559 omnibus

287 1609 378 1677 urbis
401 1603 557 1702 partibus
573 1606 731 1695 exclusis,
748 1632 821 1700 quae
842 1607 882 1676 ab
905 1609 977 1701 ipso
1000 1607 1208 1696 tenebantur,
1225 1633 1319 1702 aquae

287 1753 440 1823 magnam
463 1713 591 1796 vimex
612 1728 694 1795 inari
721 1728 802 1795 rotis
828 1751 866 1794 ac
890 1725 1190 1795 machinationibus
1210 1727 1319 1821 expri-

287 1871 376 1915 mere
394 1845 574 1916 contendit.
590 1847 685 1914 Hanc
701 1845 781 1913 locis
799 1843 1024 1938 superioribus
1041 1843 1178 1912 fundere
1196 1846 1230 1913 in
1244 1871 1317 1939 par-

194 1949 198 1958 *
286 1981 353 2033 tem
389 1967 524 2036 Caesaris
559 1989 625 2034 non
658 1963 920 2050 intermittebat,
954 1964 1168 2056 quamobrem
1202 1963 1318 2033 salsior

287 2084 386 2177 paulo
402 2101 523 2178 praeter
540 2077 812 2153 consuetudinem
834 2104 918 2175 aqua
939 2081 1130 2150 trahebatur
1147 2107 1186 2152 ex
1209 2084 1318 2177 proxi·

286 2206 348 2272 mis
363 2201 521 2289 adificiis,
534 2225 752 2297 magnamque
764 2201 954 2271 bominibus
970 2199 1223 2270 admirationem
1237 2227 1318 2296 pras-

286 2321 405 2408 bebat,
421 2345 521 2413 quam
539 2321 581 2388 ob
597 2345 729 2389 causam
746 2318 780 2387 id
797 2319 991 2388 accidisset:
1008 2343 1069 2388 nec
1083 2321 1163 2389 satis
1176 2320 1238 2388 sibi
1255 2321 1317 2414 ipsi

285 2439 479 2527 credebant,
496 2463 599 2533 quum
616 2463 650 2507 se
667 2433 839 2507 inferiores
857 2437 1003 2532 ejusdem
1019 2439 1148 2532 generis
1167 2463 1205 2508 ac
1223 2463 1318 2532 sapo-

285 2561 330 2628 ris
344 2583 429 2654 aqua
445 2558 592 2628 dicerent
606 2559 674 2644 uti,
691 2573 791 2651 atque
808 2570 886 2626 ante
900 2572 1134 2626 consuessent:
1151 2556 1317 2651 vulgoque

285 2681 372 2748 inter
392 2677 426 2748 se'
449 2679 679 2763 conferebant,
697 2692 731 2746 et
750 2677 975 2772 degustando,
994 2691 1155 2771 quantum
1179 2678 1265 2745 inter
1283 2701 1317 2744 se

285 2797 458 2866 differrent
469 2821 579 2891 aquae,
594 2795 845 2890 cognoscebant.
859 2799 966 2864 Parvo
981 2819 1060 2864 vero
1073 2796 1227 2890 temporis
1244 2819 1317 2888 spa·

286 2921 354 3006 tio,
374 2919 442 2986 haec
459 2919 595 3011 propior
612 2916 680 2984 hibi
700 2917 836 2984 omnino
853 2938 920 2982 non
936 2927 1085 3008 poterat,
1106 2913 1161 2984 illa
1179 2913 1316 2982 inferior

284 3037 472 3130 corruptior
488 3037 556 3128 jam
575 3032 755 3126 salsiorque
772 3031 1007 3127 reperiebatur.

333 3157 406 3223 VII.
435 3154 512 3241 Quo
533 3152 621 3222 facto
647 3152 853 3222 dubitatione
876 3149 1023 3238 sublata,
1049 3166 1161 3222 tantus
1187 3152 1317 3222 incessit

285 3275 395 3356 timor,
417 3286 454 3340 ut
473 3271 515 3338 ad
538 3285 719 3341 extremum
746 3295 856 3340 casum
882 3269 1018 3364 periculi
1043 3295 1157 3340 omnes
1182 3271 1316 3340 deducti

284 3390 486 3475 viderentur,
512 3404 611 3484 atque
636 3387 692 3460 alii
716 3392 837 3459 morari
861 3391 1022 3482 Caesarem
1050 3389 1214 3476 dicerent,
1235 3391 1317 3482 quin

285 3535 385 3580 naves
411 3509 631 3580 conscendere
651 3509 801 3604 juberet3
821 3509 876 3578 alii
901 3509 1006 3578 multo
1029 3509 1212 3602 graviorem
1236 3507 1318 3573 exti-

284 3645 466 3700 mescerent
488 3654 621 3713 casnm,
643 3628 732 3722 quod
752 3651 857 3720 neque
879 3625 977 3695 celari
992 3623 1220 3696 Alexandrinis
1237 3647 1316 3718 pos·

285 3764 356 3819 sent
376 3751 410 3819 in
428 3740 617 3844 apparando
640 3747 715 3842 fuga
727 3799 735 3832 ‚
747 3765 854 3839 ‘quum
879 3759 946 3813 tam
964 3769 1067 3838 parvo
1085 3744 1192 3839 spatio
1212 3742 1316 3812 dista-

284 3883 359 3937 rent
378 3870 419 3935 ab
438 3869 532 3962 ipsis,
548 3891 672 3959 neque,
687 3863 750 3934 illis
764 3863 1010 3932 imminentibus
1026 3877 1126 3958 atque
1142 3864 1319 3957 insequen-

284 3989 386 4074 tibus,
403 3985 488 4055 ullus
500 3989 535 4053 in
551 4009 649 4054 naves
661 3982 965 4077 receptusdaretur.
979 3983 1180 4054 Eratautem
1196 4005 1315 4077 magna
