3096 4762
512 393 563 452 uu
583 393 706 452 mo
725 395 887 452 aasnreo
910 395 979 450 nu.
998 396 1019 450 r.
1272 363 1294 450 a

251 543 341 588 mum
352 497 528 588 numerum
539 541 703 605 coemere;
716 507 881 588 sementes
891 541 990 610 quam
1000 517 1158 586 traximus
1166 517 1287 605 faeere,

251 652 286 705 ut
313 639 347 706 in
371 637 490 703 itinere
507 636 600 728 copia
620 636 778 706 frumenti
801 651 1012 729 suppetet-eu
1032 658 1109 704 cum
1130 639 1288 728 proximis

251 754 440 824 civitatibus
461 777 576 847 pacem
598 769 630 822 et
652 757 831 824 amicitiam
856 755 1066 826 confirmare.
1087 754 1139 825 Ad
1162 779 1217 823 eas
1239 778 1289 826 res

252 872 469 942 conficiendas
490 873 662 942 biennium
682 874 744 942 sibi
763 874 842 942 satis
866 899 936 944 esse
960 873 1126 946 duxerunt
1144 895 1155 956 ;
1173 877 1208 942 in
1226 889 1290 943 ter-

253 993 335 1060 tium
357 1015 482 1059 annum
508 992 746 1084 profectionem
772 991 844 1087 lege
860 993 1069 1062 confirmant.
1090 992 1143 1062 Ad
1162 1018 1217 1062 eas
1238 1019 1290 1064 res

251 1108 470 1178 conficiendas
481 1113 661 1205 Orgetorix
676 1110 842 1206 deligitur.
857 1116 890 1180 Is
907 1112 963 1182 ubi
975 1109 1175 1206 legationem
1187 1111 1229 1179 ad
1245 1115 1290 1179 ci·¹

251 1232 367 1300 vitatos
386 1232 549 1323 suscepit,
574 1233 607 1298 iu
629 1257 669 1299 eo
688 1232 805 1300 itinere
829 1230 1006 1324 persuadet
1026 1233 1175 1318 Castico,
1192 1234 1290 1300 Cata·

252 1349 446 1420 mantalffllis
470 1348 553 1436 filio,
579 1354 750 1444 Sequano,
777 1353 870 1444 cujus
897 1365 990 1444 pater
1013 1375 1154 1444 regnum
1175 1352 1210 1419 in
1232 1354 1290 1420 Se·

251 1471 368 1562 quanis
385 1468 508 1538 multos
533 1495 638 1539 annos
663 1471 867 1557 obtinuerat,
894 1486 927 1538 et
956 1473 974 1540 a
998 1473 1030 1538 S.
1049 1473 1086 1538 P.
1103 1475 1143 1540 R.
1167 1472 1291 1539 amicus
1390 1522 1394 1532 .

251 1587 435 1682 appellatus
462 1605 555 1676 erat,
583 1603 619 1657 ut
637 1615 776 1682 regnum
803 1591 836 1656 in
861 1591 994 1657 civitate
1016 1613 1075 1656 sua
1097 1606 1290 1681 occuparet,

252 1708 342 1800 quod
362 1723 456 1800 pater
477 1724 554 1775 ante
570 1708 756 1776 habuerat:
775 1710 922 1800 itemque
937 1709 1152 1800 Dumnorigi,
1167 1709 1290 1793 AEduo,

252 1826 345 1895 fratri
379 1825 551 1912 Divitiaci,
586 1828 644 1917 qui
673 1850 712 1892 eo
747 1839 896 1917 tempore
929 1826 1151 1917 principatum
1183 1827 1217 1892 in
1246 1827 1290 1892 ci-

253 1947 354 2012 vitate
377 1969 435 2012 sua
451 1944 639 2030 obtinebat,
656 1969 694 2012 ac
715 1946 861 2012 maxime
873 1941 960 2036 plebi
981 1959 1136 2036 aceeptus
1153 1957 1238 2030 erat,
1255 1959 1292 2012 ut

252 2065 338 2132 idem
356 2078 551 2147 conaretur,
567 2063 760 2155 persuadet3
777 2063 873 2156 eique
892 2062 994 2130 liliam
1011 2087 1104 2130 suam
1125 2064 1159 2130 in
1175 2066 1290 2131 matri-

253 2183 401 2251 monium
418 2181 483 2250 dat.
500 2181 660 2250 Perfacile
677 2182 767 2250 sactu
783 2206 852 2250 esse
870 2180 933 2250 illis
950 2182 1197 2274 probatconata
1216 2206 1290 2275 per-

252 2301 365 2388 licere,
388 2316 565 2394 propterea
588 2301 678 2394 quod
703 2303 772 2394 ipse
793 2325 859 2368 suae
878 2302 1020 2370 civitatis
1039 2302 1215 2393 imperium
1232 2302 1290 2370 ob·

256 2435 407 2490 tenturus
422 2435 508 2490 esset
523 2446 530 2488 :
546 2446 613 2489 non
627 2445 696 2488 esse
710 2419 867 2507 dubium,
883 2421 963 2512 quin
978 2421 1079 2488 totius
1094 2418 1211 2489 Galliae
1219 2419 1289 2513 plu-

254 2541 374 2608 rimum
393 2538 535 2608 Helvetii
556 2555 691 2634 possent
711 2563 719 2606 :
741 2565 775 2608 se
791 2541 858 2608 suis
876 2541 978 2632 copiis
1000 2563 1126 2631 suoque
1142 2541 1289 2632 exercitu

255 2657 318 2726 illis
339 2684 439 2753 regna
457 2658 731 2745 conciliaturum,
754 2659 939 2728 confirmat.
963 2663 1034 2726 Hac
1058 2659 1207 2726 oratione
1231 2658 1288 2726 ad-

255 2779 362 2862 ducti,
379 2780 465 2846 inter
482 2804 515 2846 se
532 2779 630 2847 fidem
645 2778 921 2872 etjusjurandum
937 2777 1032 2862 dant,
1048 2789 1096 2864 et,
1118 2801 1220 2870 regno
1234 2802 1286 2845 oc·

254 2912 392 2990 cupato,
417 2920 477 2990 per
503 2911 568 2964 tres
591 2899 836 2989 potentissimos
858 2921 896 2964 ac
921 2896 1125 2964 firmissimos
1147 2894 1288 2989 populos

254 3019 355 3084 totius
373 3014 490 3087 Galliae
509 3040 579 3084 sese
595 3017 699 3109 potiri
719 3041 814 3109 posse
833 3015 978 3110 sperant.

300 3139 357 3206 IV.
383 3141 432 3206 Ea
451 3160 502 3204 res
523 3150 562 3203 ut
582 3150 633 3204 est
651 3133 810 3204 Helvetiis
831 3159 888 3228 per
908 3133 1071 3203 indicium
1090 3136 1288 3220 enunciata,

253 3257 401 3324 muribus
417 3259 484 3325 suis
498 3257 733 3348 Orgetorigem
749 3279 788 3323 ex
805 3254 944 3322 vinculis
962 3278 1093 3322 eausam
1111 3253 1219 3321 dicere
1234 3278 1288 3322 co·

253 3390 423 3469 egerunt:
449 3375 644 3442 damnatum
666 3399 798 3467 poenam
820 3374 913 3465 sequi
937 3373 1130 3464 oportebat,
1157 3388 1194 3439 ut
1220 3373 1288 3466 igni

254 3509 469 3562 cremaretur.
497 3493 561 3561 Die
584 3494 763 3560 constituta
787 3517 893 3560 causae
920 3491 1086 3577 dictionis,
1111 3493 1289 3584 Orgetorix

254 3613 296 3680 ad
308 3612 472 3707 judicium
489 3635 623 3680 omnem
637 3635 731 3678 suam
746 3609 920 3696 familiam,
938 3611 980 3677 ad
995 3611 1168 3678 hominum
1186 3606 1289 3678 millia

254 3731 388 3818 decern,
411 3732 555 3824 undique
577 3731 699 3824 coegit,
724 3744 758 3798 et
781 3754 893 3798 omnes
912 3728 1047 3798 clientes
1065 3729 1289 3820 obaeratosque

255 3876 347 3936 suos,
364 3876 506 3948 quorum
528 3874 685 3945 magnum
703 3874 879 3919 numerum
899 3849 1053 3936 habebat,
1075 3847 1190 3916 eodem
1209 3872 1288 3914 con-

256 3971 349 4041 duxit
369 3998 376 4038 :
398 3997 455 4064 per
469 3997 539 4056 eos,
552 3995 594 4038 ne
613 3993 744 4038 causam
765 3970 903 4056 diceret,
921 3995 954 4036 se
972 3969 1105 4060 eripuit.
1116 3969 1231 4056 Quum
1248 3969 1289 4034 ci-

1118 4109 1144 4150 r.
