3042 4772
261 446 265 452 .
307 397 361 458 156
462 401 1170 458 c.JtJtttcAEsautscontntauTatt10uutt

304 527 366 594 hus
378 523 455 594 filiis
471 525 587 618 major,
600 540 685 593 etex
697 523 825 594 duabus
838 549 893 612 ea,
908 549 980 617 quae
997 539 1092 592 etate
1107 523 1327 593 antecedebat.

305 648 382 712 Haec
402 644 451 712 uti
468 641 602 729 fierent,
623 667 683 736 per
703 667 816 712 omnes
836 643 934 729 deos,
953 665 1076 735 perque
1096 641 1241 730 soedera,
1257 666 1328 735 quae

302 765 418 830 -Romae
438 761 583 848 fecisset,
601 760 715 830 eodem
738 773 932 830 testamento
949 760 1142 830 Ptolemaeus
1167 759 1326 854 populum

304 903 479 950 muranum
498 879 736 949 obtestabatur.
756 878 888 949 Tabulae
909 879 1092 948 testamenti
1112 903 1185 948 unae
1204 903 1262 974 per
1282 878 1326 947 le·

305 1013 397 1092 gatos
410 998 479 1090 ejus
496 1003 635 1068 Romam
650 1013 745 1066 eram
761 995 880 1086 allatas,
893 1009 931 1065 ut
945 998 981 1064 in
995 998 1110 1066 aerario
1127 1012 1329 1091 ponerentur

304 1119 378 1203 thoe
395 1141 498 1210 quum
518 1131 654 1212 propter
668 1115 814 1210 publicas
830 1116 1062 1210 occupationes
1082 1118 1160 1208 poni
1180 1140 1248 1184 non
1271 1141 1328 1209 po-

305 1236 461 1322 tuissent,
478 1234 565 1329 apud
590 1237 783 1329 Pompeium
805 1248 883 1303 sunt
902 1231 1101 1328 depositae);1
1119 1231 1248 1320 alterae,
1270 1259 1327 1303 eo·

304 1354 379 1424 dem
396 1355 567 1449 exemplo,
587 1355 708 1426 relictae
726 1369 824 1448 atque
840 1355 1017 1450 obsignatae
1033 1351 1236 1424 Alexandriae
1249 1378 1326 1449 pro·

303 1472 500 1543 ferebantur.

350 1595 438 1662 CIX.
468 1598 519 1663 De
540 1595 591 1664 his
611 1595 707 1664 rebus
730 1618 833 1689 quum
861 1610 1011 1688 ageretur
1035 1592 1124 1688 apud
1150 1596 1328 1678 Caesarem,

305 1715 398 1806 isque
411 1714 553 1788 maxime
570 1710 687 1800 vellet,
703 1737 765 1807 pro
783 1715 950 1783 communi
967 1713 1073 1782 amico
1091 1726 1190 1806 atque
1201 1713 1327 1780 arbitro

306 1835 543 1904 controversias
556 1859 673 1928 regum
688 1858 902 1928 componere,
920 1835 1029 1930 subito
1043 1834 1204 1904 exercitus
1219 1833 1327 1926 regius

305 1955 536 2046 equitatusque
555 1953 663 2022 omnis
680 1953 790 2020 venire
807 1951 1038 2022 Alexandriam
1055 1953 1237 2022 nuntiatur.
1256 1953 1327 2029 Coae

303 2073 385 2140 saris
405 2073 507 2165 copia
527 2095 733 2164 nequaquam
748 2085 843 2139 erant
857 2084 975 2159 tantae,
993 2085 1032 2140 ut
1045 2072 1108 2157 eis,
1126 2085 1216 2140 extra
1233 2072 1326 2166 oppi-

303 2187 384 2258 dum
402 2191 429 2257 si
446 2204 531 2260 esset
545 2187 786 2275 dimicandum,
804 2187 992 2259 confideret.
1007 2189 1276 2284 Relinquebatur,
1290 2204 1327 2258 ut

304 2333 338 2377 se
361 2308 427 2376 suis
453 2306 534 2378 locis
555 2304 677 2402 oppido
699 2320 845 2394 teneret,
864 2305 1102 2400 consiliumque
1120 2307 1254 2377 achille
1273 2333 1326 2376 co·

305 2441 488 2520 gnosceret.
507 2423 629 2496 Milites
646 2437 754 2494 tamen
770 2449 882 2494 omnes
900 2427 934 2493 in
951 2426 1049 2493 annis
1066 2449 1134 2494 esse
1146 2425 1260 2518 jussit,
1278 2451 1328 2496 re-

305 2569 444 2640 gemque
460 2545 609 2614 hortatus
627 2559 691 2632 est,
708 2559 746 2613 ut
762 2569 800 2613 ex
819 2544 886 2613 suis
902 2545 1106 2630 necessariis,
1126 2567 1209 2636 quos
1225 2543 1327 2612 habe·

305 2678 356 2732 ret
373 2666 522 2732 maxime
538 2663 759 2751 auctoritatis,
781 2660 904 2757 legatos
924 2661 966 2731 ad
983 2659 1144 2732 Achillam
1165 2663 1327 2748 mitteret,

303 2799 352 2870 et,
369 2783 449 2875 quid
472 2797 556 2852 esset
580 2807 646 2851 sue
670 2781 866 2870 voluntatis,
885 2780 1128 2853 ostenderet.A
1151 2805 1218 2875 quo
1239 2783 1327 2851 missi

302 2902 511 2974 Dioscorides
523 2917 556 2971 et
571 2903 747 2996 Serapion,
759 2903 816 2993 qui
833 2903 930 2970 ambo
943 2901 1042 2998 legati
1054 2905 1168 2971 Romae
1181 2900 1327 2988 fuerant,

304 3045 522 3116 magnamque
541 3019 630 3114 apud
648 3034 776 3115 patrem
791 3019 1002 3090 Ptolemaeum
1021 3023 1249 3092 auctoritatem
1268 3020 1328 3090 ha-

301 3142 460 3226 buerant,
482 3139 523 3207 ad
543 3138 704 3209 Achillam
727 3155 955 3232 pervenerunt.
974 3141 1068 3228 Quos
1087 3138 1158 3228 ille,
1175 3165 1278 3233 quum
1294 3141 1327 3209 in

302 3271 514 3352 conspectum
533 3259 603 3351 ejus
625 3258 807 3343 venissent,
825 3260 934 3352 prius,
955 3282 1055 3351 quam
1079 3257 1227 3346 audiret,
1250 3273 1327 3340 aut,

303 3381 397 3471 cujus
413 3379 459 3448 rei
481 3401 579 3447 causa
595 3377 684 3446 missi
705 3389 830 3461 essem,
846 3390 1073 3472 cognosceret,
1090 3376 1212 3466 corripi
1225 3399 1262 3442 ac
1276 3376 1326 3440 in-

303 3497 405 3568 terfici
421 3497 519 3591 jussit
540 3522 548 3564 :
568 3519 710 3590 quorum
726 3494 808 3566 alter
825 3511 960 3589 accepto
976 3492 1113 3562 vulnere
1132 3506 1326 3586 occupatus,

304 3641 363 3710 per
381 3641 457 3685 suos
478 3640 540 3710 pro
557 3617 666 3684 occiso
681 3613 849 3700 sublatus,
867 3611 949 3682 alter
969 3611 1159 3680 interiectus
1176 3607 1234 3680 est.
1250 3612 1327 3699 Quo

303 3738 406 3823 facto,
423 3759 534 3829 regem
549 3750 587 3803 ut
604 3737 638 3802 in
657 3725 715 3802 sua
735 3745 895 3826 potestate
909 3729 1067 3816 haberet,
1083 3731 1191 3800 Cesar
1206 3729 1328 3813 effecit,

253 3893 256 3902 v
305 3855 667 3947 magnamqueregium
681 3875 801 3920 nomen
820 3849 909 3943 apud
926 3873 1003 3919 suos
1022 3849 1250 3926 auctoritatem
1269 3848 1330 3917 ha·

303 3975 379 4043 bere
401 3975 610 4055 existimans,
629 3987 661 4040 et
683 3987 720 4039 ut
742 3971 851 4064 potius
874 3968 1003 4063 privato
1026 3992 1205 4062 paucorum
1226 3982 1258 4036 et
1281 3964 1328 4034 la·
