<?xml version="1.0" encoding="UTF-8"?>
<!DOCTYPE html PUBLIC "-//W3C//DTD XHTML 1.0 Transitional//EN"
    "http://www.w3.org/TR/xhtml1/DTD/xhtml1-transitional.dtd">
<html xmlns="http://www.w3.org/1999/xhtml" xml:lang="en" lang="en">
 <head>
  <title>
</title>
<meta http-equiv="Content-Type" content="text/html;charset=utf-8" />
  <meta name='ocr-system' content='tesseract 3.04.00' />
  <meta name='ocr-capabilities' content='ocr_page ocr_carea ocr_par ocr_line ocrx_word'/>
</head>
<body>
  <div class='ocr_page' id='page_1' title='image "./cjcaesarisopera00caesgoog_0311.png"; bbox 0 0 3020 4768; ppageno 0'>
   <div class='ocr_carea' id='block_1_1' title="bbox 517 351 1268 421">
    <p class='ocr_par' dir='ltr' id='par_1_1' title="bbox 517 351 1268 421">
     <span class='ocr_line' id='line_1_1' title="bbox 517 351 1268 421; baseline -0.016 -1"><span class='ocrx_word' id='word_1_1' title='bbox 517 362 568 421; x_wconf 78' lang='lat' dir='ltr'><strong>DE</strong></span> <span class='ocrx_word' id='word_1_2' title='bbox 589 357 969 416; x_wconf 72' lang='lat' dir='ltr'><strong>BettoclvlL1L13.1.</strong></span> <span class='ocrx_word' id='word_1_3' title='bbox 1250 351 1268 408; x_wconf 77' lang='grc'>5</span> 
     </span>
    </p>
   </div>
   <div class='ocr_carea' id='block_1_2' title="bbox 227 479 1270 818">
    <p class='ocr_par' dir='ltr' id='par_1_2' title="bbox 227 479 1270 818">
     <span class='ocr_line' id='line_1_2' title="bbox 227 479 1269 568; baseline -0.011 -11"><span class='ocrx_word' id='word_1_4' title='bbox 227 501 380 558; x_wconf 85' lang='lat' dir='ltr'><strong>senatum</strong></span> <span class='ocrx_word' id='word_1_5' title='bbox 390 486 552 554; x_wconf 85' lang='lat' dir='ltr'><strong>refertur:</strong></span> <span class='ocrx_word' id='word_1_6' title='bbox 566 497 637 553; x_wconf 89' lang='lat' dir='ltr'><strong>tota</strong></span> <span class='ocrx_word' id='word_1_7' title='bbox 650 479 743 568; x_wconf 77' lang='lat' dir='ltr'><strong>ltalia</strong></span> <span class='ocrx_word' id='word_1_8' title='bbox 758 479 902 549; x_wconf 85' lang='lat' dir='ltr'><strong>delectus</strong></span> <span class='ocrx_word' id='word_1_9' title='bbox 915 480 1118 563; x_wconf 74' lang='lat' dir='ltr'><strong>habeantur,</strong></span> <span class='ocrx_word' id='word_1_10' title='bbox 1130 484 1269 549; x_wconf 79' lang='lat' dir='ltr'><strong>Faustus</strong></span> 
     </span>
     <span class='ocr_line' id='line_1_3' title="bbox 229 600 1270 700; baseline -0.011 -25"><span class='ocrx_word' id='word_1_11' title='bbox 229 606 316 700; x_wconf 80' lang='lat' dir='ltr'><strong>Sylla</strong></span> <span class='ocrx_word' id='word_1_12' title='bbox 344 618 527 700; x_wconf 78' lang='lat' dir='ltr'><strong>propraetor</strong></span> <span class='ocrx_word' id='word_1_13' title='bbox 551 606 585 671; x_wconf 89' lang='lat' dir='ltr'><strong>in</strong></span> <span class='ocrx_word' id='word_1_14' title='bbox 609 603 844 690; x_wconf 69' lang='lat' dir='ltr'><strong>Mauritaniam</strong></span> <span class='ocrx_word' id='word_1_15' title='bbox 865 601 1033 686; x_wconf 89' lang='lat' dir='ltr'><strong>mittatur;</strong></span> <span class='ocrx_word' id='word_1_16' title='bbox 1054 600 1196 692; x_wconf 90' lang='lat' dir='ltr'><strong>pecunia</strong></span> <span class='ocrx_word' id='word_1_17' title='bbox 1220 601 1270 666; x_wconf 90' lang='lat' dir='ltr'><strong>uti</strong></span> 
     </span>
     <span class='ocr_line' id='line_1_4' title="bbox 229 718 1270 818; baseline -0.009 -24"><span class='ocrx_word' id='word_1_18' title='bbox 229 752 270 794; x_wconf 81' lang='lat' dir='ltr'><strong>ex</strong></span> <span class='ocrx_word' id='word_1_19' title='bbox 288 726 404 794; x_wconf 84' lang='lat' dir='ltr'><strong>aerario</strong></span> <span class='ocrx_word' id='word_1_20' title='bbox 422 725 582 818; x_wconf 89' lang='lat' dir='ltr'><strong>Pompeio</strong></span> <span class='ocrx_word' id='word_1_21' title='bbox 602 721 709 793; x_wconf 89' lang='lat' dir='ltr'><strong>detur.</strong></span> <span class='ocrx_word' id='word_1_22' title='bbox 726 721 881 792; x_wconf 82' lang='lat' dir='ltr'><strong>Refertur</strong></span> <span class='ocrx_word' id='word_1_23' title='bbox 899 721 1000 789; x_wconf 88' lang='lat' dir='ltr'><strong>etiam</strong></span> <span class='ocrx_word' id='word_1_24' title='bbox 1021 718 1062 788; x_wconf 90' lang='lat' dir='ltr'><strong>de</strong></span> <span class='ocrx_word' id='word_1_25' title='bbox 1079 743 1156 812; x_wconf 84' lang='lat' dir='ltr'><strong>rege</strong></span> <span class='ocrx_word' id='word_1_26' title='bbox 1170 718 1270 804; x_wconf 85' lang='lat' dir='ltr'><strong>Juba,</strong></span> 
     </span>
    </p>
   </div>
   <div class='ocr_carea' id='block_1_3' title="bbox 230 839 1383 936">
    <p class='ocr_par' dir='ltr' id='par_1_3' title="bbox 230 839 1383 936">
     <span class='ocr_line' id='line_1_5' title="bbox 230 839 1383 936; baseline -0.006 -22"><span class='ocrx_word' id='word_1_27' title='bbox 230 859 269 914; x_wconf 87' lang='lat' dir='ltr'><strong>ut</strong></span> <span class='ocrx_word' id='word_1_28' title='bbox 279 845 387 912; x_wconf 86' lang='lat' dir='ltr'><strong>socius</strong></span> <span class='ocrx_word' id='word_1_29' title='bbox 400 845 442 912; x_wconf 89' lang='lat' dir='ltr'><strong>sit</strong></span> <span class='ocrx_word' id='word_1_30' title='bbox 458 858 558 936; x_wconf 90' lang='lat' dir='ltr'><strong>atque</strong></span> <span class='ocrx_word' id='word_1_31' title='bbox 573 843 698 915; x_wconf 89' lang='lat' dir='ltr'><strong>amicus</strong></span> <span class='ocrx_word' id='word_1_32' title='bbox 715 866 723 908; x_wconf 93' lang='lat'><strong>:</strong></span> <span class='ocrx_word' id='word_1_33' title='bbox 743 839 921 910; x_wconf 80' lang='lat' dir='ltr'><strong>Marcellus</strong></span> <span class='ocrx_word' id='word_1_34' title='bbox 938 863 1035 925; x_wconf 84' lang='lat' dir='ltr'><strong>vcro,</strong></span> <span class='ocrx_word' id='word_1_35' title='bbox 1048 862 1222 932; x_wconf 86' lang='lat' dir='ltr'><strong>passurum</strong></span> <span class='ocrx_word' id='word_1_36' title='bbox 1237 863 1272 907; x_wconf 89' lang='lat' dir='ltr'><strong>se</strong></span> <span class='ocrx_word' id='word_1_37' title='bbox 1379 843 1383 852; x_wconf 87' lang='lat'>&#39;</span> 
     </span>
    </p>
   </div>
   <div class='ocr_carea' id='block_1_4' title="bbox 226 955 1373 4065">
    <p class='ocr_par' dir='ltr' id='par_1_4' title="bbox 226 955 1373 2732">
     <span class='ocr_line' id='line_1_6' title="bbox 226 955 1272 1060; baseline -0.005 -30"><span class='ocrx_word' id='word_1_38' title='bbox 226 965 266 1060; x_wconf 90' lang='lat' dir='ltr'><strong>in</strong></span> <span class='ocrx_word' id='word_1_39' title='bbox 289 964 478 1056; x_wconf 76' lang='lat' dir='ltr'><strong>presentia,</strong></span> <span class='ocrx_word' id='word_1_40' title='bbox 501 977 609 1057; x_wconf 81' lang='lat' dir='ltr'><strong>negat.</strong></span> <span class='ocrx_word' id='word_1_41' title='bbox 636 963 689 1031; x_wconf 90' lang='lat' dir='ltr'><strong>De</strong></span> <span class='ocrx_word' id='word_1_42' title='bbox 708 964 830 1030; x_wconf 88' lang='lat' dir='ltr'><strong>Fausto</strong></span> <span class='ocrx_word' id='word_1_43' title='bbox 848 958 988 1053; x_wconf 86' lang='lat' dir='ltr'><strong>impedit</strong></span> <span class='ocrx_word' id='word_1_44' title='bbox 1009 955 1198 1052; x_wconf 85' lang='lat' dir='ltr'><strong>Philippus,</strong></span> <span class='ocrx_word' id='word_1_45' title='bbox 1217 958 1272 1027; x_wconf 89' lang='lat' dir='ltr'><strong>tri·</strong></span> 
     </span>
     <span class='ocr_line' id='line_1_7' title="bbox 231 1077 1273 1175; baseline -0.006 -25"><span class='ocrx_word' id='word_1_46' title='bbox 231 1085 340 1152; x_wconf 90' lang='lat' dir='ltr'><strong>bunus</strong></span> <span class='ocrx_word' id='word_1_47' title='bbox 353 1081 467 1175; x_wconf 88' lang='lat' dir='ltr'><strong>plebis.</strong></span> <span class='ocrx_word' id='word_1_48' title='bbox 478 1086 534 1154; x_wconf 88' lang='lat' dir='ltr'><strong>De</strong></span> <span class='ocrx_word' id='word_1_49' title='bbox 547 1081 683 1175; x_wconf 89' lang='lat' dir='ltr'><strong>reliquis</strong></span> <span class='ocrx_word' id='word_1_50' title='bbox 701 1081 800 1149; x_wconf 87' lang='lat' dir='ltr'><strong>rebus</strong></span> <span class='ocrx_word' id='word_1_51' title='bbox 821 1082 853 1148; x_wconf 91' lang='lat' dir='ltr'><strong>S.</strong></span> <span class='ocrx_word' id='word_1_52' title='bbox 870 1083 908 1150; x_wconf 91' lang='lat' dir='ltr'><strong>C.</strong></span> <span class='ocrx_word' id='word_1_53' title='bbox 922 1077 1185 1172; x_wconf 88' lang='lat' dir='ltr'><strong>perscribuntur,</strong></span> <span class='ocrx_word' id='word_1_54' title='bbox 1199 1101 1273 1171; x_wconf 92' lang='lat' dir='ltr'><strong>pro·</strong></span> 
     </span>
     <span class='ocr_line' id='line_1_8' title="bbox 232 1196 1272 1295; baseline -0.002 -27"><span class='ocrx_word' id='word_1_55' title='bbox 232 1203 346 1270; x_wconf 84' lang='lat' dir='ltr'><strong>vinciae</strong></span> <span class='ocrx_word' id='word_1_56' title='bbox 373 1202 510 1295; x_wconf 88' lang='lat' dir='ltr'><strong>privatis</strong></span> <span class='ocrx_word' id='word_1_57' title='bbox 540 1201 778 1286; x_wconf 84' lang='lat' dir='ltr'><strong>decernuntur,</strong></span> <span class='ocrx_word' id='word_1_58' title='bbox 805 1198 878 1268; x_wconf 73' lang='lat' dir='ltr'><strong>duae</strong></span> <span class='ocrx_word' id='word_1_59' title='bbox 905 1196 1110 1284; x_wconf 88' lang='lat' dir='ltr'><strong>consulares,</strong></span> <span class='ocrx_word' id='word_1_60' title='bbox 1137 1196 1272 1290; x_wconf 86' lang='lat' dir='ltr'><strong>reliquae</strong></span> 
     </span>
     <span class='ocr_line' id='line_1_9' title="bbox 232 1316 1270 1414; baseline -0.003 -25"><span class='ocrx_word' id='word_1_61' title='bbox 232 1322 402 1414; x_wconf 83' lang='lat' dir='ltr'><strong>praetoriae.</strong></span> <span class='ocrx_word' id='word_1_62' title='bbox 431 1322 576 1414; x_wconf 89' lang='lat' dir='ltr'><strong>Scipioni</strong></span> <span class='ocrx_word' id='word_1_63' title='bbox 603 1321 738 1389; x_wconf 88' lang='lat' dir='ltr'><strong>obvenit</strong></span> <span class='ocrx_word' id='word_1_64' title='bbox 766 1322 875 1414; x_wconf 73' lang='lat' dir='ltr'><strong>Syria,</strong></span> <span class='ocrx_word' id='word_1_65' title='bbox 905 1323 943 1388; x_wconf 91' lang='lat' dir='ltr'><strong>L.</strong></span> <span class='ocrx_word' id='word_1_66' title='bbox 974 1319 1124 1387; x_wconf 91' lang='lat' dir='ltr'><strong>Domitio</strong></span> <span class='ocrx_word' id='word_1_67' title='bbox 1150 1316 1270 1388; x_wconf 88' lang='lat' dir='ltr'><strong>Gallia.</strong></span> 
     </span>
     <span class='ocr_line' id='line_1_10' title="bbox 231 1417 1271 1534; baseline 0 -26"><span class='ocrx_word' id='word_1_68' title='bbox 231 1440 406 1534; x_wconf 88' lang='lat' dir='ltr'><strong>Philippus</strong></span> <span class='ocrx_word' id='word_1_69' title='bbox 436 1455 469 1508; x_wconf 88' lang='lat' dir='ltr'><strong>et</strong></span> <span class='ocrx_word' id='word_1_70' title='bbox 487 1417 667 1510; x_wconf 86' lang='lat' dir='ltr'><strong>Marcellus</strong></span> <span class='ocrx_word' id='word_1_71' title='bbox 689 1441 820 1534; x_wconf 82' lang='lat' dir='ltr'><strong>privato</strong></span> <span class='ocrx_word' id='word_1_72' title='bbox 844 1438 983 1510; x_wconf 92' lang='lat' dir='ltr'><strong>consilio</strong></span> <span class='ocrx_word' id='word_1_73' title='bbox 1009 1453 1271 1534; x_wconf 88' lang='lat' dir='ltr'><strong>praetereuntur,</strong></span> 
     </span>
     <span class='ocr_line' id='line_1_11' title="bbox 232 1558 1273 1654; baseline 0.002 -27"><span class='ocrx_word' id='word_1_74' title='bbox 232 1585 339 1653; x_wconf 89' lang='lat' dir='ltr'><strong>neque</strong></span> <span class='ocrx_word' id='word_1_75' title='bbox 365 1585 481 1630; x_wconf 90' lang='lat' dir='ltr'><strong>eorum</strong></span> <span class='ocrx_word' id='word_1_76' title='bbox 502 1574 608 1629; x_wconf 84' lang='lat' dir='ltr'><strong>sortes</strong></span> <span class='ocrx_word' id='word_1_77' title='bbox 628 1559 839 1654; x_wconf 87' lang='lat' dir='ltr'><strong>dejiciuntur.</strong></span> <span class='ocrx_word' id='word_1_78' title='bbox 863 1564 902 1628; x_wconf 94' lang='lat' dir='ltr'><strong>In</strong></span> <span class='ocrx_word' id='word_1_79' title='bbox 923 1558 1066 1652; x_wconf 91' lang='lat' dir='ltr'><strong>reliquas</strong></span> <span class='ocrx_word' id='word_1_80' title='bbox 1086 1560 1273 1652; x_wconf 85' lang='lat' dir='ltr'><strong>provincias</strong></span> 
     </span>
     <span class='ocr_line' id='line_1_12' title="bbox 232 1677 1273 1774; baseline -0.002 -26"><span class='ocrx_word' id='word_1_81' title='bbox 232 1695 387 1774; x_wconf 80' lang='lat' dir='ltr'><strong>praetores</strong></span> <span class='ocrx_word' id='word_1_82' title='bbox 407 1682 602 1767; x_wconf 73' lang='lat' dir='ltr'><strong>mittuntur,</strong></span> <span class='ocrx_word' id='word_1_83' title='bbox 627 1705 735 1773; x_wconf 89' lang='lat' dir='ltr'><strong>neque</strong></span> <span class='ocrx_word' id='word_1_84' title='bbox 756 1693 962 1773; x_wconf 83' lang='lat' dir='ltr'><strong>exspectant,</strong></span> <span class='ocrx_word' id='word_1_85' title='bbox 983 1677 1073 1772; x_wconf 93' lang='lat' dir='ltr'><strong>quod</strong></span> <span class='ocrx_word' id='word_1_86' title='bbox 1093 1680 1273 1772; x_wconf 83' lang='lat' dir='ltr'><strong>superiori·</strong></span> 
     </span>
     <span class='ocr_line' id='line_1_13' title="bbox 232 1797 1271 1892; baseline -0.001 -23"><span class='ocrx_word' id='word_1_87' title='bbox 232 1801 293 1870; x_wconf 93' lang='lat' dir='ltr'><strong>bus</strong></span> <span class='ocrx_word' id='word_1_88' title='bbox 314 1801 411 1868; x_wconf 88' lang='lat' dir='ltr'><strong>annis</strong></span> <span class='ocrx_word' id='word_1_89' title='bbox 431 1799 610 1890; x_wconf 88' lang='lat' dir='ltr'><strong>acciderat,</strong></span> <span class='ocrx_word' id='word_1_90' title='bbox 632 1814 671 1867; x_wconf 87' lang='lat' dir='ltr'><strong>ut</strong></span> <span class='ocrx_word' id='word_1_91' title='bbox 691 1797 732 1867; x_wconf 91' lang='lat' dir='ltr'><strong>de</strong></span> <span class='ocrx_word' id='word_1_92' title='bbox 753 1823 869 1886; x_wconf 87' lang='lat' dir='ltr'><strong>eorum</strong></span> <span class='ocrx_word' id='word_1_93' title='bbox 888 1800 1028 1892; x_wconf 89' lang='lat' dir='ltr'><strong>imperio</strong></span> <span class='ocrx_word' id='word_1_94' title='bbox 1047 1799 1089 1868; x_wconf 86' lang='lat' dir='ltr'><strong>ad</strong></span> <span class='ocrx_word' id='word_1_95' title='bbox 1109 1797 1271 1892; x_wconf 87' lang='lat' dir='ltr'><strong>populum</strong></span> 
     </span>
     <span class='ocr_line' id='line_1_14' title="bbox 233 1917 1291 2014; baseline 0 -26"><span class='ocrx_word' id='word_1_96' title='bbox 233 1921 376 2006; x_wconf 86' lang='lat' dir='ltr'><strong>feratur,</strong></span> <span class='ocrx_word' id='word_1_97' title='bbox 387 1919 616 2014; x_wconf 88' lang='lat' dir='ltr'><strong>paludatique,</strong></span> <span class='ocrx_word' id='word_1_98' title='bbox 629 1921 716 1988; x_wconf 87' lang='lat' dir='ltr'><strong>votis</strong></span> <span class='ocrx_word' id='word_1_99' title='bbox 730 1918 945 2013; x_wconf 89' lang='lat' dir='ltr'><strong>nuncupatis,</strong></span> <span class='ocrx_word' id='word_1_100' title='bbox 955 1931 1082 1987; x_wconf 85' lang='lat' dir='ltr'><strong>exeant.</strong></span> <span class='ocrx_word' id='word_1_101' title='bbox 1095 1917 1273 2007; x_wconf 74' lang='lat' dir='ltr'><strong>ConsuleS,</strong></span> <span class='ocrx_word' id='word_1_102' title='bbox 1289 1951 1291 1956; x_wconf 95' lang='lat'>·</span> 
     </span>
     <span class='ocr_line' id='line_1_15' title="bbox 233 2029 1373 2134; baseline 0 -26"><span class='ocrx_word' id='word_1_103' title='bbox 233 2039 323 2132; x_wconf 90' lang='lat' dir='ltr'><strong>quod</strong></span> <span class='ocrx_word' id='word_1_104' title='bbox 339 2055 416 2108; x_wconf 88' lang='lat' dir='ltr'><strong>ante</strong></span> <span class='ocrx_word' id='word_1_105' title='bbox 434 2029 468 2107; x_wconf 84' lang='lat' dir='ltr'><strong>id</strong></span> <span class='ocrx_word' id='word_1_106' title='bbox 486 2054 616 2134; x_wconf 90' lang='lat' dir='ltr'><strong>tempus</strong></span> <span class='ocrx_word' id='word_1_107' title='bbox 626 2038 792 2108; x_wconf 89' lang='lat' dir='ltr'><strong>acciderat</strong></span> <span class='ocrx_word' id='word_1_108' title='bbox 807 2063 993 2132; x_wconf 87' lang='lat' dir='ltr'><strong>nunquam,</strong></span> <span class='ocrx_word' id='word_1_109' title='bbox 1010 2063 1049 2107; x_wconf 86' lang='lat' dir='ltr'><strong>ex</strong></span> <span class='ocrx_word' id='word_1_110' title='bbox 1067 2039 1158 2108; x_wconf 89' lang='lat' dir='ltr'><strong>Urbe</strong></span> <span class='ocrx_word' id='word_1_111' title='bbox 1171 2038 1273 2132; x_wconf 88' lang='lat' dir='ltr'><strong>profi·</strong></span> <span class='ocrx_word' id='word_1_112' title='bbox 1369 2123 1373 2132; x_wconf 24' lang='grc' dir='ltr'><em>ι</em></span> 
     </span>
     <span class='ocr_line' id='line_1_16' title="bbox 235 2158 1273 2254; baseline 0.002 -28"><span class='ocrx_word' id='word_1_113' title='bbox 235 2162 421 2243; x_wconf 91' lang='lat' dir='ltr'><strong>ciscuntur‚</strong></span> <span class='ocrx_word' id='word_1_114' title='bbox 444 2159 642 2252; x_wconf 87' lang='lat' dir='ltr'><strong>lictoresque</strong></span> <span class='ocrx_word' id='word_1_115' title='bbox 664 2160 787 2228; x_wconf 87' lang='lat' dir='ltr'><strong>babent</strong></span> <span class='ocrx_word' id='word_1_116' title='bbox 808 2159 843 2228; x_wconf 89' lang='lat' dir='ltr'><strong>in</strong></span> <span class='ocrx_word' id='word_1_117' title='bbox 861 2159 952 2228; x_wconf 88' lang='lat' dir='ltr'><strong>Urbe</strong></span> <span class='ocrx_word' id='word_1_118' title='bbox 966 2173 999 2226; x_wconf 88' lang='lat' dir='ltr'><strong>et</strong></span> <span class='ocrx_word' id='word_1_119' title='bbox 1018 2158 1185 2252; x_wconf 85' lang='lat' dir='ltr'><strong>Capitolio</strong></span> <span class='ocrx_word' id='word_1_120' title='bbox 1204 2163 1273 2254; x_wconf 91' lang='lat' dir='ltr'><strong>pri·</strong></span> 
     </span>
     <span class='ocr_line' id='line_1_17' title="bbox 233 2256 1274 2372; baseline 0.004 -27"><span class='ocrx_word' id='word_1_121' title='bbox 233 2281 316 2366; x_wconf 89' lang='lat' dir='ltr'><strong>vati,</strong></span> <span class='ocrx_word' id='word_1_122' title='bbox 325 2293 439 2348; x_wconf 87' lang='lat' dir='ltr'><strong>contra</strong></span> <span class='ocrx_word' id='word_1_123' title='bbox 451 2282 564 2348; x_wconf 89' lang='lat' dir='ltr'><strong>omnia</strong></span> <span class='ocrx_word' id='word_1_124' title='bbox 574 2281 746 2349; x_wconf 88' lang='lat' dir='ltr'><strong>vetustatis</strong></span> <span class='ocrx_word' id='word_1_125' title='bbox 756 2256 1010 2372; x_wconf 79' lang='lat' dir='ltr'><strong>exemplaTota</strong></span> <span class='ocrx_word' id='word_1_126' title='bbox 1021 2278 1115 2348; x_wconf 88' lang='lat' dir='ltr'><strong>ltalia</strong></span> <span class='ocrx_word' id='word_1_127' title='bbox 1128 2279 1274 2350; x_wconf 88' lang='lat' dir='ltr'><strong>delectus</strong></span> 
     </span>
     <span class='ocr_line' id='line_1_18' title="bbox 236 2401 1275 2494; baseline -0.001 -25"><span class='ocrx_word' id='word_1_128' title='bbox 236 2401 413 2490; x_wconf 85' lang='lat' dir='ltr'><strong>habentur,</strong></span> <span class='ocrx_word' id='word_1_129' title='bbox 430 2426 523 2470; x_wconf 89' lang='lat' dir='ltr'><strong>arma</strong></span> <span class='ocrx_word' id='word_1_130' title='bbox 543 2403 768 2494; x_wconf 88' lang='lat' dir='ltr'><strong>imperantur,</strong></span> <span class='ocrx_word' id='word_1_131' title='bbox 792 2401 940 2492; x_wconf 86' lang='lat' dir='ltr'><strong>peeuniae</strong></span> <span class='ocrx_word' id='word_1_132' title='bbox 959 2424 977 2467; x_wconf 90' lang='lat' dir='ltr'><strong>a</strong></span> <span class='ocrx_word' id='word_1_133' title='bbox 997 2401 1188 2494; x_wconf 88' lang='lat' dir='ltr'><strong>municipiis</strong></span> <span class='ocrx_word' id='word_1_134' title='bbox 1210 2401 1275 2469; x_wconf 82' lang='lat' dir='ltr'><strong>exi·</strong></span> 
     </span>
     <span class='ocr_line' id='line_1_19' title="bbox 234 2507 1273 2624; baseline -0.001 -36"><span class='ocrx_word' id='word_1_135' title='bbox 234 2535 376 2614; x_wconf 84' lang='lat' dir='ltr'><strong>guntur,</strong></span> <span class='ocrx_word' id='word_1_136' title='bbox 391 2545 408 2589; x_wconf 90' lang='lat' dir='ltr'><strong>e</strong></span> <span class='ocrx_word' id='word_1_137' title='bbox 423 2521 508 2590; x_wconf 82' lang='lat' dir='ltr'><strong>fanis</strong></span> <span class='ocrx_word' id='word_1_138' title='bbox 526 2519 704 2607; x_wconf 88' lang='lat' dir='ltr'><strong>tolluntur,</strong></span> <span class='ocrx_word' id='word_1_139' title='bbox 718 2522 831 2588; x_wconf 89' lang='lat' dir='ltr'><strong>omnia</strong></span> <span class='ocrx_word' id='word_1_140' title='bbox 844 2520 956 2624; x_wconf 83' lang='lat' dir='ltr'><strong>divina</strong></span> <span class='ocrx_word' id='word_1_141' title='bbox 973 2507 1184 2612; x_wconf 81' lang='lat' dir='ltr'><strong>humanaque</strong></span> <span class='ocrx_word' id='word_1_142' title='bbox 1196 2521 1273 2613; x_wconf 91' lang='lat' dir='ltr'><strong>jura</strong></span> 
     </span>
     <span class='ocr_line' id='line_1_20' title="bbox 235 2641 485 2732; baseline 0 -23"><span class='ocrx_word' id='word_1_143' title='bbox 235 2641 485 2732; x_wconf 87' lang='lat' dir='ltr'><strong>permiscentur.</strong></span> 
     </span>
    </p>

    <p class='ocr_par' dir='ltr' id='par_1_5' title="bbox 232 2759 1278 4065">
     <span class='ocr_line' id='line_1_21' title="bbox 285 2759 1276 2855; baseline 0 -25"><span class='ocrx_word' id='word_1_144' title='bbox 285 2762 360 2830; x_wconf 87' lang='lat' dir='ltr'><strong>Vll.</strong></span> <span class='ocrx_word' id='word_1_145' title='bbox 381 2761 513 2847; x_wconf 88' lang='lat' dir='ltr'><strong>Quibus</strong></span> <span class='ocrx_word' id='word_1_146' title='bbox 533 2760 631 2828; x_wconf 87' lang='lat' dir='ltr'><strong>rebus</strong></span> <span class='ocrx_word' id='word_1_147' title='bbox 645 2763 805 2854; x_wconf 84' lang='lat' dir='ltr'><strong>cognitis,</strong></span> <span class='ocrx_word' id='word_1_148' title='bbox 825 2765 935 2832; x_wconf 79' lang='lat' dir='ltr'><strong>Caesar</strong></span> <span class='ocrx_word' id='word_1_149' title='bbox 950 2760 1039 2855; x_wconf 88' lang='lat' dir='ltr'><strong>apud</strong></span> <span class='ocrx_word' id='word_1_150' title='bbox 1059 2759 1179 2830; x_wconf 88' lang='lat' dir='ltr'><strong>milites</strong></span> <span class='ocrx_word' id='word_1_151' title='bbox 1199 2785 1276 2830; x_wconf 90' lang='lat' dir='ltr'><strong>con-</strong></span> 
     </span>
     <span class='ocr_line' id='line_1_22' title="bbox 234 2880 1276 2990; baseline -0.002 -38"><span class='ocrx_word' id='word_1_152' title='bbox 234 2886 394 2952; x_wconf 88' lang='lat' dir='ltr'><strong>cionatur.</strong></span> <span class='ocrx_word' id='word_1_153' title='bbox 429 2880 590 2949; x_wconf 90' lang='lat' dir='ltr'><strong>Omnium</strong></span> <span class='ocrx_word' id='word_1_154' title='bbox 621 2893 809 2990; x_wconf 90' lang='lat' dir='ltr'><strong>temporum</strong></span> <span class='ocrx_word' id='word_1_155' title='bbox 834 2883 970 2975; x_wconf 90' lang='lat' dir='ltr'><strong>injurias</strong></span> <span class='ocrx_word' id='word_1_156' title='bbox 997 2883 1209 2950; x_wconf 90' lang='lat' dir='ltr'><strong>inimicorum</strong></span> <span class='ocrx_word' id='word_1_157' title='bbox 1241 2884 1276 2951; x_wconf 91' lang='lat' dir='ltr'><strong>in</strong></span> 
     </span>
     <span class='ocr_line' id='line_1_23' title="bbox 234 3000 1278 3096; baseline 0.004 -27"><span class='ocrx_word' id='word_1_158' title='bbox 234 3026 269 3068; x_wconf 90' lang='lat' dir='ltr'><strong>se</strong></span> <span class='ocrx_word' id='word_1_159' title='bbox 282 3013 537 3086; x_wconf 89' lang='lat' dir='ltr'><strong>commemorat,</strong></span> <span class='ocrx_word' id='word_1_160' title='bbox 550 3000 701 3094; x_wconf 87' lang='lat' dir='ltr'><strong>aquibus</strong></span> <span class='ocrx_word' id='word_1_161' title='bbox 716 3000 888 3069; x_wconf 89' lang='lat' dir='ltr'><strong>diductum</strong></span> <span class='ocrx_word' id='word_1_162' title='bbox 901 3027 939 3070; x_wconf 90' lang='lat' dir='ltr'><strong>ac</strong></span> <span class='ocrx_word' id='word_1_163' title='bbox 955 3002 1171 3096; x_wconf 89' lang='lat' dir='ltr'><strong>depravatum</strong></span> <span class='ocrx_word' id='word_1_164' title='bbox 1180 3006 1278 3073; x_wconf 87' lang='lat' dir='ltr'><strong>Porn-</strong></span> 
     </span>
     <span class='ocr_line' id='line_1_24' title="bbox 234 3119 1276 3215; baseline 0.009 -29"><span class='ocrx_word' id='word_1_165' title='bbox 234 3121 346 3212; x_wconf 89' lang='lat' dir='ltr'><strong>peiurn</strong></span> <span class='ocrx_word' id='word_1_166' title='bbox 364 3119 529 3212; x_wconf 91' lang='lat' dir='ltr'><strong>queritur,</strong></span> <span class='ocrx_word' id='word_1_167' title='bbox 549 3121 673 3190; x_wconf 90' lang='lat' dir='ltr'><strong>invidia</strong></span> <span class='ocrx_word' id='word_1_168' title='bbox 689 3135 787 3215; x_wconf 89' lang='lat' dir='ltr'><strong>atque</strong></span> <span class='ocrx_word' id='word_1_169' title='bbox 807 3123 1046 3192; x_wconf 84' lang='lat' dir='ltr'><strong>obtrectatione</strong></span> <span class='ocrx_word' id='word_1_170' title='bbox 1066 3122 1173 3194; x_wconf 87' lang='lat' dir='ltr'><strong>laudis</strong></span> <span class='ocrx_word' id='word_1_171' title='bbox 1194 3149 1276 3211; x_wconf 79' lang='lat' dir='ltr'><strong>suae,</strong></span> 
     </span>
     <span class='ocr_line' id='line_1_25' title="bbox 234 3240 1276 3342; baseline 0.01 -36"><span class='ocrx_word' id='word_1_172' title='bbox 234 3241 327 3334; x_wconf 89' lang='lat' dir='ltr'><strong>cujus</strong></span> <span class='ocrx_word' id='word_1_173' title='bbox 346 3243 414 3333; x_wconf 90' lang='lat' dir='ltr'><strong>ipsc</strong></span> <span class='ocrx_word' id='word_1_174' title='bbox 433 3240 553 3310; x_wconf 82' lang='lat' dir='ltr'><strong>honori</strong></span> <span class='ocrx_word' id='word_1_175' title='bbox 570 3256 603 3310; x_wconf 91' lang='lat' dir='ltr'><strong>et</strong></span> <span class='ocrx_word' id='word_1_176' title='bbox 621 3240 775 3336; x_wconf 86' lang='lat' dir='ltr'><strong>dignitati</strong></span> <span class='ocrx_word' id='word_1_177' title='bbox 793 3268 923 3339; x_wconf 90' lang='lat' dir='ltr'><strong>semper</strong></span> <span class='ocrx_word' id='word_1_178' title='bbox 938 3244 1057 3314; x_wconf 84' lang='lat' dir='ltr'><strong>laverit</strong></span> <span class='ocrx_word' id='word_1_179' title='bbox 1076 3247 1276 3342; x_wconf 87' lang='lat' dir='ltr'><strong>adjutorque</strong></span> 
     </span>
     <span class='ocr_line' id='line_1_26' title="bbox 234 3359 1278 3463; baseline 0.011 -36"><span class='ocrx_word' id='word_1_180' title='bbox 234 3359 340 3430; x_wconf 88' lang='lat' dir='ltr'><strong>suerit.</strong></span> <span class='ocrx_word' id='word_1_181' title='bbox 361 3363 494 3430; x_wconf 91' lang='lat' dir='ltr'><strong>Novum</strong></span> <span class='ocrx_word' id='word_1_182' title='bbox 512 3363 545 3428; x_wconf 91' lang='lat' dir='ltr'><strong>in</strong></span> <span class='ocrx_word' id='word_1_183' title='bbox 563 3360 733 3456; x_wconf 91' lang='lat' dir='ltr'><strong>republica</strong></span> <span class='ocrx_word' id='word_1_184' title='bbox 749 3363 977 3434; x_wconf 88' lang='lat' dir='ltr'><strong>introductum</strong></span> <span class='ocrx_word' id='word_1_185' title='bbox 994 3367 1185 3461; x_wconf 84' lang='lat' dir='ltr'><strong>exemplum</strong></span> <span class='ocrx_word' id='word_1_186' title='bbox 1202 3394 1278 3463; x_wconf 85' lang='lat' dir='ltr'><strong>que·</strong></span> 
     </span>
     <span class='ocr_line' id='line_1_27' title="bbox 233 3482 1276 3583; baseline 0.009 -34"><span class='ocrx_word' id='word_1_187' title='bbox 233 3482 333 3570; x_wconf 89' lang='lat' dir='ltr'><strong>ritur,</strong></span> <span class='ocrx_word' id='word_1_188' title='bbox 363 3494 401 3550; x_wconf 95' lang='lat' dir='ltr'><strong>ut</strong></span> <span class='ocrx_word' id='word_1_189' title='bbox 431 3482 603 3551; x_wconf 90' lang='lat' dir='ltr'><strong>tribunitia</strong></span> <span class='ocrx_word' id='word_1_190' title='bbox 630 3483 821 3554; x_wconf 91' lang='lat' dir='ltr'><strong>intercessio</strong></span> <span class='ocrx_word' id='word_1_191' title='bbox 844 3488 945 3554; x_wconf 90' lang='lat' dir='ltr'><strong>armis</strong></span> <span class='ocrx_word' id='word_1_192' title='bbox 977 3502 1151 3558; x_wconf 88' lang='lat' dir='ltr'><strong>notaretur</strong></span> <span class='ocrx_word' id='word_1_193' title='bbox 1176 3501 1276 3583; x_wconf 87' lang='lat' dir='ltr'><strong>atque</strong></span> 
     </span>
     <span class='ocr_line' id='line_1_28' title="bbox 232 3604 1273 3697; baseline 0.006 -27"><span class='ocrx_word' id='word_1_194' title='bbox 232 3605 499 3696; x_wconf 87' lang='lat' dir='ltr'><strong>opprimeretur,</strong></span> <span class='ocrx_word' id='word_1_195' title='bbox 524 3627 597 3696; x_wconf 75' lang='lat' dir='ltr'><strong>quae</strong></span> <span class='ocrx_word' id='word_1_196' title='bbox 622 3604 852 3697; x_wconf 91' lang='lat' dir='ltr'><strong>superioribus</strong></span> <span class='ocrx_word' id='word_1_197' title='bbox 879 3609 974 3674; x_wconf 87' lang='lat' dir='ltr'><strong>annis</strong></span> <span class='ocrx_word' id='word_1_198' title='bbox 999 3622 1083 3676; x_wconf 85' lang='lat' dir='ltr'><strong>osset</strong></span> <span class='ocrx_word' id='word_1_199' title='bbox 1112 3611 1273 3680; x_wconf 88' lang='lat' dir='ltr'><strong>restituta.</strong></span> 
     </span>
     <span class='ocr_line' id='line_1_29' title="bbox 233 3722 1278 3824; baseline 0.011 -32"><span class='ocrx_word' id='word_1_200' title='bbox 233 3722 371 3816; x_wconf 87' lang='lat' dir='ltr'><strong>Syllam,</strong></span> <span class='ocrx_word' id='word_1_201' title='bbox 392 3724 517 3794; x_wconf 87' lang='lat' dir='ltr'><strong>nudata</strong></span> <span class='ocrx_word' id='word_1_202' title='bbox 541 3725 697 3794; x_wconf 93' lang='lat' dir='ltr'><strong>omnibus</strong></span> <span class='ocrx_word' id='word_1_203' title='bbox 720 3727 818 3796; x_wconf 88' lang='lat' dir='ltr'><strong>rebus</strong></span> <span class='ocrx_word' id='word_1_204' title='bbox 838 3730 1011 3798; x_wconf 87' lang='lat' dir='ltr'><strong>tribunitia</strong></span> <span class='ocrx_word' id='word_1_205' title='bbox 1030 3744 1208 3824; x_wconf 88' lang='lat' dir='ltr'><strong>potestate,</strong></span> <span class='ocrx_word' id='word_1_206' title='bbox 1230 3746 1278 3804; x_wconf 88' lang='lat' dir='ltr'><strong>ta·</strong></span> 
     </span>
     <span class='ocr_line' id='line_1_30' title="bbox 235 3844 1276 3946; baseline 0.008 -34"><span class='ocrx_word' id='word_1_207' title='bbox 235 3868 311 3912; x_wconf 88' lang='lat' dir='ltr'><strong>men</strong></span> <span class='ocrx_word' id='word_1_208' title='bbox 331 3845 601 3914; x_wconf 87' lang='lat' dir='ltr'><strong>intercessionem</strong></span> <span class='ocrx_word' id='word_1_209' title='bbox 619 3844 757 3916; x_wconf 88' lang='lat' dir='ltr'><strong>liberam</strong></span> <span class='ocrx_word' id='word_1_210' title='bbox 775 3846 969 3942; x_wconf 87' lang='lat' dir='ltr'><strong>reliquisse:</strong></span> <span class='ocrx_word' id='word_1_211' title='bbox 988 3852 1203 3945; x_wconf 89' lang='lat' dir='ltr'><strong>Pompeium,</strong></span> <span class='ocrx_word' id='word_1_212' title='bbox 1219 3856 1276 3946; x_wconf 89' lang='lat' dir='ltr'><strong>qui</strong></span> 
     </span>
     <span class='ocr_line' id='line_1_31' title="bbox 233 3963 1275 4065; baseline 0.011 -36"><span class='ocrx_word' id='word_1_213' title='bbox 233 3963 385 4033; x_wconf 89' lang='lat' dir='ltr'><strong>amissam</strong></span> <span class='ocrx_word' id='word_1_214' title='bbox 403 3966 581 4036; x_wconf 89' lang='lat' dir='ltr'><strong>restituisse</strong></span> <span class='ocrx_word' id='word_1_215' title='bbox 599 3967 766 4058; x_wconf 88' lang='lat' dir='ltr'><strong>videatur,</strong></span> <span class='ocrx_word' id='word_1_216' title='bbox 789 3969 877 4040; x_wconf 90' lang='lat' dir='ltr'><strong>dona</strong></span> <span class='ocrx_word' id='word_1_217' title='bbox 892 3973 1011 4060; x_wconf 87' lang='lat' dir='ltr'><strong>etiam,</strong></span> <span class='ocrx_word' id='word_1_218' title='bbox 1029 3998 1102 4065; x_wconf 83' lang='lat' dir='ltr'><strong>quae</strong></span> <span class='ocrx_word' id='word_1_219' title='bbox 1123 3988 1201 4042; x_wconf 88' lang='lat' dir='ltr'><strong>ante</strong></span> <span class='ocrx_word' id='word_1_220' title='bbox 1218 3973 1275 4040; x_wconf 85' lang='lat' dir='ltr'><strong>ha·</strong></span> 
     </span>
    </p>
   </div>
   <div class='ocr_carea' id='block_1_5' title="bbox 0 0 1520 4768">
    <p class='ocr_par' dir='ltr' id='par_1_6' title="bbox 0 0 1520 4768">
     <span class='ocr_line' id='line_1_32' title="bbox 0 0 1520 4768; baseline 0 0"><span class='ocrx_word' id='word_1_221' title='bbox 0 0 1520 4768; x_wconf 95' lang='lat' dir='ltr'><strong> </strong></span> 
     </span>
    </p>
   </div>
  </div>
 </body>
</html>
