3050 4772
470 381 521 437 oa
542 383 663 438 anno
684 387 848 492 cunco
871 387 940 442 mu.
958 351 1023 444 un
1216 411 1265 462 ψ

223 503 393 598 explorata
409 507 566 592 victoria,
586 508 738 580 celeriter
755 515 876 582 amissa
892 531 1148 611 recuperaturos
1166 516 1269 587 eonfi-

223 623 356 695 debant.
384 627 597 699 Deliberatur
623 630 664 699 de
688 635 831 703 Avarico
852 637 886 704 in
909 637 1080 705 communi
1105 637 1269 724 concilio,

223 743 355 814 incendi
373 744 535 840 placeret,
552 774 595 818 an
610 750 753 822 defendi.
768 756 1001 826 Procumbunt
1016 757 1171 826 omnibus
1186 754 1269 826 Gal·

223 861 263 933 lis
282 865 324 934 ad
342 864 442 959 pedes
460 870 641 964 Bituriges,
668 901 685 936 a
702 897 744 940 ne
760 874 1020 968 pulcherrimam
1042 901 1145 972 prope
1167 877 1269 946 totius
1341 958 1345 964 ⁸

222 983 341 1055 Gallie
360 987 501 1074 urbem,
524 1013 598 1082 quae
619 1007 653 1060 et
672 993 825 1085 presidio
847 1009 880 1063 et
900 1012 1098 1066 ornamento
1119 999 1162 1067 sit
1188 999 1269 1066 civi-

223 1106 370 1192 tati,suis
378 1108 533 1177 manibus
544 1110 746 1181 succendere
756 1130 964 1208 cogerentur.
975 1115 1201 1186 Facileseloci
1211 1141 1270 1186 na·

222 1238 297 1292 tura
307 1224 892 1330 defensuros,dicuut,quod,prope
902 1261 942 1304 ex
953 1239 1109 1306 omnibus
1119 1237 1269 1331 partibus

222 1343 360 1415 flumine
372 1361 405 1416 et
419 1347 541 1442 palude
553 1351 774 1441 circumdata,
786 1356 1026 1425 uuum-habeat
1039 1372 1075 1426 et
1087 1379 1270 1453 perangus-

223 1483 293 1538 tum
308 1468 446 1538 aditum.
457 1473 595 1539 »Datur
609 1473 798 1565 petentibus
811 1476 922 1564 venia,
932 1475 1144 1545 dissuadente
1158 1478 1267 1570 primo
1287 1507 1289 1514 ·

219 1590 509 1684 Vercingetorige,
525 1605 600 1685 post
617 1591 835 1680 concedente,
850 1608 882 1663 et
900 1596 1054 1688 precibus
1070 1599 1218 1689 ipsorum
1236 1610 1269 1664 et

221 1709 449 1778 misericordia
463 1707 564 1804 vulgi.
577 1710 778 1780 Defensores
794 1713 919 1807 oppido
935 1709 1047 1782 idonei
1062 1712 1267 1808 deliguntur.

268 1831 360 1899 XVI.
387 1831 644 1926 Vercingetorix
676 1833 862 1901 minoribus
895 1835 1057 1902 Caesarem
1095 1835 1268 1904 itineribus

220 1953 447 2046 subsequitur,
465 1965 498 2021 et
515 1952 625 2020 locum
639 1953 756 2023 castris
772 1951 902 2049 deligit,
915 1953 1094 2048 paludibus
1110 1953 1269 2047 silvisque

219 2074 406 2157 munitum,
427 2073 468 2140 ab
484 2074 626 2142 Avarico
643 2072 741 2168 longe
760 2071 864 2142 millia
880 2097 1038 2167 passuum
1054 2097 1123 2143 xvi.
1140 2074 1192 2143 lbi
1208 2098 1268 2168 per

220 2209 328 2264 certos
352 2191 578 2289 exploratores
607 2194 640 2262 in
671 2193 801 2290 singula
826 2194 893 2263 diei
919 2211 1096 2289 tempora,
1125 2219 1198 2288 quae
1224 2197 1265 2264 ad

220 2315 402 2384 Avaricum
419 2328 597 2409 agerentur
610 2315 846 2410 cognoscebat,
862 2314 990 2409 etquid
1006 2315 1078 2383 fieri
1091 2313 1191 2384 vellet
1207 2317 1267 2384 im-

221 2435 367 2528 perabat.
384 2439 511 2505 Omnes
527 2449 657 2503 nostras
675 2433 906 2529 pabulationes
924 2436 1267 2528 frumentationesque

220 2555 438 2641 observabat3
454 2553 701 2648 dispersosque,
714 2579 817 2648 quum
839 2553 970 2648 longius
986 2556 1174 2624 necessario
1190 2577 1267 2650 pro-

219 2673 392 2760 cederent,
407 2673 631 2761 adoriebatur,
649 2699 837 2767 magnoque
854 2673 1067 2743 incommodo
1086 2661 1264 2754 afficiebat;

220 2794 304 2879 etsi,
319 2806 482 2888 quantum
500 2793 630 2861 ratione
647 2793 814 2887 provideri
835 2807 985 2888 poterat,
1006 2793 1047 2860 ab
1066 2793 1189 2860 nostris
1209 2816 1266 2860 oc-

220 2913 429 3001 currebatur,
446 2928 483 2981 ut
502 2913 635 2981 incertis
652 2912 857 3006 temporibus
871 2912 1074 3004 diversisque
1091 2913 1265 2982 itineribus

222 3035 338 3102 iretur.

268 3158 376 3224 XVII.
403 3155 530 3224 Castris
551 3154 592 3222 ad
615 3177 686 3222 cam
708 3167 835 3246 partem
853 3151 969 3246 oppidi
988 3153 1123 3245 positis,
1141 3155 1263 3233 Cesar,

219 3301 293 3369 quaa
312 3276 499 3343 intermissa
520 3299 539 3342 a
559 3273 697 3341 llumine
721 3287 754 3341 et
779 3270 900 3366 palude
927 3271 1070 3360 aditum,
1100 3287 1138 3340 ut
1163 3296 1264 3366 supra

220 3396 381 3482 diximus,
400 3410 580 3490 angustum
600 3396 759 3479 habebat,
777 3419 932 3488 aggerem
952 3418 1131 3487 apparare,
1150 3395 1263 3462 vineas

220 3542 338 3614 agere,
363 3531 471 3586 turres
492 3515 576 3584 duas
599 3516 801 3584 constituere
819 3516 918 3608 coepit
935 3541 943 3582 ι
962 3539 1040 3582 nam
1065 3511 1263 3580 circumval-

220 3637 288 3708 lare
301 3639 365 3707 loci
382 3652 503 3706 natura
519 3635 727 3730 prohibebat.
744 3638 796 3704 De
814 3659 849 3703 re
863 3634 1080 3702 frumentaria
1097 3633 1196 3701 Boios
1213 3647 1264 3700 at·

219 3783 284 3852 que
300 3757 424 3826 AEduos
440 3757 611 3826 adhortari
631 3780 700 3824 non
717 3755 865 3824 destitit:
881 3779 1025 3847 quorum
1044 3752 1157 3836 alteri,
1171 3753 1262 3846 quod

218 3876 313 3947 nullo
327 3876 437 3945 studio
450 3878 606 3971 agebant,
618 3901 685 3944 nou
700 3875 843 3944 multum
854 3871 1074 3967 adjuvabaut3
1086 3871 1181 3942 alteri
1195 3897 1262 3941 non

221 3996 348 4092 maguis
365 3994 698 4087 facultatibus,.quod
715 3995 831 4063 civitas
844 4009 915 4062 erat
931 3995 1050 4090 exigua
1063 4007 1097 4062 et
1113 3991 1262 4079 infirma,
