3026 4768
273 361 327 422 :aa
430 357 460 410 c.
482 355 578 409 tum
599 351 761 410 cAEsnttts
784 349 1149 410 commurnmottuu
1201 347 1202 351 ’

270 481 327 573 qui
341 503 503 548 summam
519 480 607 546 inter
622 504 678 546 eos
691 479 791 547 habe-t
808 480 1051 546 auctoritatem.
1070 482 1142 546 Hoc
1159 493 1310 562 mortuo,

270 601 369 692 siqui
385 623 425 666 ex
441 596 577 691 reliquis
588 595 725 667 excellit
740 597 917 691 dignitate,
934 597 1102 666 succedit:
1120 613 1178 665 aut
1189 600 1216 666 si
1231 615 1309 668 sunt

268 718 379 812 plures
397 742 510 812 pares,
528 716 687 812 suffragio
702 715 860 784 druidum
882 715 1048 811 adlegitur
1066 741 1307 811 nonnunquam

268 842 368 910 etiam
385 841 485 909 armis
501 839 542 908 de
558 839 747 933 principatu
764 837 945 907 contendit.
961 838 1004 905 Hi
1021 851 1113 905 certo
1135 839 1213 904 anni
1231 852 1309 905 tem·

268 984 364 1055 porc,
382 962 417 1026 in
434 959 555 1028 finibus
570 960 772 1045 Carnutum,
789 982 862 1050 quae
879 957 972 1051 regio
988 958 1090 1024 totius
1107 954 1225 1025 Galliae
1238 981 1308 1026 me·

268 1078 322 1148 dia
342 1081 498 1166 habetur,
518 1079 697 1148 considunt
719 1080 754 1145 in
775 1076 848 1145 loco
867 1089 1070 1145 consecrato.
1096 1080 1170 1144 Huc
1191 1100 1307 1145 omnes

268 1200 430 1293 undique,
445 1201 503 1293 qui
522 1199 762 1268 controversias
783 1197 923 1284 habent,
942 1197 1158 1282 conveniunt,
1175 1220 1306 1264 corum-

263 1343 332 1412 que
348 1319 479 1412 judiciis
499 1318 706 1412 decretisque
726 1331 854 1412 parent.
875 1313 1060 1409 Disciplina
1080 1316 1114 1383 in
1135 1317 1306 1384 Britannia

267 1454 413 1533 reperta,
434 1455 533 1532 atque
553 1438 630 1506 inde
652 1440 685 1506 in
706 1435 851 1506 Galliam
864 1434 1029 1530 'translata
1050 1461 1120 1504 esse
1139 1437 1306 1504 existima-

267 1574 323 1628 tur
345 1585 353 1625 z
375 1575 408 1627 et
428 1583 535 1645 nunc,
555 1559 613 1651 qui
636 1556 826 1652 diligentius
845 1581 917 1625 eam
937 1582 1007 1626 rem
1027 1581 1225 1652 cognoscere
1245 1581 1305 1626 vc·

267 1677 355 1764 lunt,
370 1677 566 1770 plerumque
584 1676 641 1745 illo
658 1675 805 1744 discendi
822 1700 919 1744 causa
932 1675 1197 1769 proficiscuntur.

314 1801 404 1867 XIV.
430 1796 574 1867 Druides
594 1821 613 1864 a
634 1793 722 1864 bello
740 1797 854 1864 abesse
874 1811 1091 1885 consuerunt,
1113 1822 1221 1890 neque
1243 1801 1304 1866 tri·

265 1919 346 1987 buta
364 1941 522 1986 unacum
541 1915 673 2010 reliquis
691 1915 857 2008 pendunt3
873 1916 1000 1984 militiae
1016 1918 1221 1986 vacationem
1239 1941 1306 1986 om-

270 2039 426 2131 niumque
454 2061 566 2105 rerum
597 2037 719 2105 habent
744 2037 1000 2105 immunitatem.
1029 2039 1144 2106 Tantis
1171 2041 1304 2108 excitati

265 2157 422 2250 praemiis,
441 2171 475 2224 et
487 2181 546 2224 sua
563 2170 680 2249 sponte
695 2154 789 2224 multi
806 2158 841 2222 in
859 2154 1067 2248 disciplinam
1083 2160 1304 2245 conveniunt,

263 2291 296 2344 et
317 2301 337 2344 a
358 2275 550 2370 parentibus
572 2275 834 2368 propinquisque
859 2275 1047 2343 mittuntur.
1071 2279 1233 2370 Magnum
1255 2281 1298 2348 ibi

265 2420 441 2464 numerum
454 2419 609 2463 versuum
623 2394 768 2462 ediscere
780 2392 938 2461 dicuntur
955 2419 963 2461 ε
980 2396 1093 2488 itaque
1102 2421 1208 2464 annos
1218 2422 1303 2465 non-

264 2513 348 2584 nulli
362 2516 495 2583 viccnos
508 2512 727 2606 indisciplina
739 2528 945 2606 permanent.
958 2515 1074 2608 Neque
1083 2514 1131 2584 fas
1142 2541 1212 2584 esse
1223 2517 1303 2584 exis·

264 2637 398 2723 timant,
413 2659 452 2704 ea
470 2633 588 2702 litteris
603 2633 779 2718 mandare‚‘
793 2657 896 2726 quum
911 2637 946 2702 in
962 2633 1097 2727 reliquis
1115 2635 1183 2705 fere
1201 2639 1300 2706 rebus

262 2756 422 2849 publicis,
441 2755 643 2848 privatisque
662 2754 862 2840 rationibus,
882 2755 997 2848 groeeis
1015 2767 1153 2825 utantur
1172 2756 1299 2824 litteris.

261 2875 301 2942 ld
318 2877 399 2943 mihi
415 2875 542 2944 duabus
563 2873 726 2942 decausis
746 2874 926 2944 instituisse
945 2873 1120 2962 videntur;
1135 2873 1226 2968 quod
1242 2900 1300 2943 ne-

263 3016 327 3084 que
345 2994 378 3060 in
395 2992 533 3088 vulgum
550 2992 761 3086 disciplinam
777 2992 888 3062 efferri
906 2995 1024 3083 velint,
1040 3020 1148 3090 neque
1167 3021 1223 3065 cos
1240 2999 1300 3090 qui

262 3112 407 3197 discant,
423 3111 543 3181 litteris
557 3113 714 3197 confimo,
725 3114 836 3182 miuus
853 3116 1020 3183 memoria»
1036 3115 1168 3186 studere
1185 3143 1193 3184 :
1210 3117 1300 3210 quod

260 3233 328 3302 scre
345 3231 511 3327 plerisque
521 3233 658 3321 accidit,
672 3247 709 3301 ut
724 3234 876 3326 praesidio
891 3233 1079 3304 litterarum
1093 3235 1300 3332 diligentiam

260 3354 295 3421 in
318 3352 534 3449 perdiscendo
557 3377 595 3421 ac
618 3356 811 3422 memoriam
834 3355 1014 3424 remittant.
1036 3358 1077 3424 In
1100 3359 1218 3450 primis
1237 3359 1301 3426 hoc

259 3471 376 3542 volunt
390 3473 608 3568 persuadere,
623 3497 691 3541 uon
704 3474 842 3542 interire
857 3476 999 3562 animas,
1013 3475 1070 3544 sed
1084 3476 1126 3545 ab
1141 3477 1213 3546 aliis
1226 3492 1300 3571 post

258 3609 401 3664 mortem
417 3594 558 3662 transire
578 3593 621 3662 ad
640 3586 722 3661 alios
741 3621 749 3661 ι
770 3609 868 3688 atque
889 3596 954 3663 hoc
975 3597 1117 3664 maxime
1132 3595 1174 3664 ad
1190 3598 1299 3664 virtu·

259 3729 324 3784 tem
339 3715 476 3784 excitari
496 3727 633 3807 putant,
654 3727 745 3786 metu
767 3715 884 3781 mortis
904 3712 1065 3808 neglecto.
1089 3715 1198 3783 Multa
1216 3737 1300 3805 prae·

259 3851 348 3904 terea
367 3833 408 3902 dc
428 3833 591 3902 sideribus
608 3847 707 3925 atque
725 3857 840 3901 eorum
860 3849 969 3922 motu,
986 3833 1027 3902 dc
1044 3835 1161 3903 mundi
1178 3861 1216 3904 ac
1232 3850 1299 3905 ter·

258 3979 370 4024 rarum
394 3953 641 4046 magnitudine,
659 3953 700 4022 de
720 3978 833 4021 rerum
854 3969 995 4042 natura,
1015 3941 1060 4022 de¹
1077 3953 1216 4024 deorum
1239 3959 1299 4027 im·
