3020 4768
278 371 295 408 a
428 353 458 410 C.
479 353 577 410 JULlI
597 353 764 414 casatus
787 355 1157 415 COMMENTARJORUM

276 477 431 565 bebatur,
457 481 697 574 Pompeiusque
724 477 852 568 aderat,
880 483 1047 574 exipsius
1076 505 1134 550 ore
1165 485 1312 575 Pompeii

276 596 363 664 mitti
381 597 564 666 videbatur.
578 599 715 668 Dixerat
734 597 852 693 aliquis
870 598 1030 670 leniorem
1045 602 1261 686 sententiam,
1277 617 1312 670 ut

275 717 384 810 primo
406 720 454 786 M.
476 716 672 802 Marcellus,
693 720 858 813 ingressus
876 720 910 787 in
930 745 1003 788 eam
1023 723 1225 808 orationem,
1244 747 1313 790 non

274 853 429 931 oportere
451 853 530 906 ante
552 837 593 907 de
609 864 647 907 ea
663 864 699 907 re
715 838 757 907 ad
772 853 922 908 senatum
939 840 1068 927 referri,
1086 866 1185 934 quam
1204 839 1312 909 delec-

275 970 328 1034 tus
342 971 411 1026 tota
432 955 528 1028 Italia
543 957 661 1045 habiti,
675 973 708 1028 et
725 960 888 1028 exercitus
909 960 1088 1052 conscripti
1104 975 1227 1048 essent,
1244 986 1312 1055 quo

275 1076 429 1168 praesidio
452 1092 526 1145 tuto
551 1093 583 1146 et
610 1077 711 1146 libere
733 1093 884 1164 senatus,
902 1102 975 1171 quae
999 1077 1113 1167 vellet,
1133 1078 1310 1150 decernere

275 1195 424 1278 anderen
449 1212 486 1265 ut
506 1198 555 1266 Μ.
573 1196 735 1285 Calidius,
752 1198 810 1291 qui
829 1197 997 1286 censebat,
1018 1212 1056 1266 ut
1076 1200 1253 1292 Pompeius
1275 1201 1310 1268 in

275 1340 350 1384 suas
373 1318 562 1410 provincias
583 1317 861 1410 proficisceretur,
882 1341 1010 1410 nequa
1033 1332 1119 1386 esset
1141 1343 1309 1388 armorum

275 1459 390 1520 causa;
418 1438 533 1504 timere
550 1439 732 1524 Caesarem,
757 1436 902 1529 abreptis
925 1436 967 1504 ab
992 1459 1031 1504 eo
1055 1461 1080 1506 11
1102 1436 1310 1530 legionibus,

274 1580 316 1625 ne
332 1555 374 1625 ad
391 1557 461 1651 ejus
475 1554 660 1650 periculum
677 1581 844 1625 reservare
855 1570 888 1624 et
904 1557 1045 1624 retinere
1061 1581 1115 1624 eas
1130 1556 1173 1625 ad
1186 1559 1310 1626 Urbem

273 1675 645 1770 Pompeius‘videretur3
659 1691 696 1744 ut
709 1679 757 1744 M.
767 1675 958 1769 Rufus,qui
967 1677 1163 1744 sententiam
1174 1675 1310 1763 Calidii,

273 1798 387 1890 paucis
404 1796 472 1864 fere
488 1797 624 1865 mutatis
638 1796 750 1883 rebus,
769 1795 976 1888 sequebatur.
998 1795 1042 1868 Hi
1055 1819 1186 1883 omnes,
1201 1799 1312 1864 convi-

274 1917 327 1984 cio
341 1920 381 1984 L.
393 1915 526 1984 Lentuli
539 1913 684 1983 consulis
697 1916 857 2007 correpti,
872 1914 1132 2008 exagitabantur.
1149 1917 1311 2000 Lentulus

273 2035 469 2103 senteutiam
492 2033 612 2102 Calidii
635 2035 928 2126 pronuntiaturum
951 2060 985 2103 se
1008 2036 1144 2103 omniuo
1166 2039 1309 2130 negavit.

275 2152 467 2240 Marcellus,
487 2153 682 2248 perterritus
701 2153 875 2242 conviciis,
896 2178 916 2221 a
934 2179 993 2222 sua
1007 2159 1170 2226 sententia
1190 2156 1312 2228 disces-

273 2276 325 2344 sit.
360 2275 414 2343 Sic
440 2274 576 2343 vocibus
602 2272 760 2360 consulis,
783 2289 910 2342 terrore
936 2277 1104 2366 praesentis
1131 2279 1311 2362 exercitus,

253 2377 373 2463 'minis
397 2394 581 2462 amicorum
605 2394 770 2486 Pompeii,
788 2392 938 2487 plerique
964 2393 1140 2488 compulsi,
1158 2397 1254 2466 iuviti
1278 2415 1312 2467 et

273 2515 380 2582 coacti
396 2513 561 2606 Scipionis
576 2515 773 2582 sententiam
787 2527 986 2607 sequuntur,
1002 2543 1019 2578 a
1033 2516 1081 2582 uti
1094 2530 1171 2584 ante
1184 2532 1311 2586 certam

273 2633 362 2703 diem
383 2637 493 2704 Caesar
508 2635 690 2702 exercitum
707 2632 853 2702 dimittat
872 2659 880 2701 :
902 2635 929 2702 si
949 2658 1015 2701 non
1033 2633 1142 2722 faciat,
1160 2659 1236 2704 eum
1257 2637 1311 2704 ad·

272 2779 387 2825 versus
403 2751 642 2847 rempublicam
653 2753 819 2823 facturum
834 2753 949 2821 videri.
963 2783 980 2820 a
992 2753 1170 2822 Intercedit
1182 2757 1230 2822 M.
1241 2758 1312 2824 Au-

275 2876 398 2958 tonius‚
424 2874 468 2962 Q.
490 2876 645 2958 Cassius,
668 2873 793 2942 tribuni
814 2873 928 2966 plebis.
953 2873 1108 2941 Refertur
1134 2872 1309 2942 confestim

273 2995 314 3063 de
330 2995 564 3064 intercessione
575 2995 786 3061 tribunorum
800 3019 808 3060 :
823 2991 979 3060 dicuntur
989 2995 1159 3062 sententiae
1174 3017 1308 3087 graves:

274 3129 312 3182 ut
327 3116 468 3210 quisque
488 3113 693 3184 acerbissime
710 3110 1000 3204 crudelissimeque
1018 3112 1118 3200 dixit,
1141 3116 1186 3181 ita
1207 3135 1309 3208 quam

273 3237 414 3303 maxime
432 3235 473 3302 ab
492 3233 633 3300 inimicis
650 3231 787 3300 Caesaris
804 3228 1021 3299 collaudatur.

319 3357 380 3424 ΠΙ.
405 3355 508 3422 Misso
525 3351 567 3420 ad
586 3375 758 3445 vesperum
777 3364 909 3436 senatu,
925 3375 1055 3438 omues,
1070 3353 1221 3446 quisunt
1238 3353 1309 3446 ejus

272 3474 416 3561 ordinis,
434 3497 454 3540 a
470 3472 628 3568 Pompeio
646 3485 836 3539 evocantur.
855 3469 984 3539 Laudat
1001 3473 1192 3564 Pompeius,
1209 3486 1310 3564 atque

272 3595 308 3662 in
325 3608 494 3687 posterum
515 3590 708 3675 confirmat3
728 3589 894 3683 segniores
911 3591 1049 3684 castigat
1064 3606 1163 3685 atque
1180 3593 1307 3660 incitat.

272 3712 372 3782 Multi
386 3711 535 3806 undique
548 3737 588 3780 ex
600 3709 765 3779 veteribus
782 3710 930 3802 Pompeii
943 3712 1141 3780 exercitibus
1154 3735 1212 3805 spe
1225 3735 1311 3804 prae-

272 3833 417 3900 miorum
445 3847 544 3926 atque
570 3831 725 3900 ordinum
752 3844 933 3898 evocantur
959 3855 968 3897 z
997 3828 1093 3900 multi
1111 3857 1151 3900 ex
1175 3830 1308 3901 duabus

273 3949 477 4046 legionibus,
501 3977 573 4046 quae
600 3964 678 4020 suut
704 3948 833 4018 traditae
860 3975 878 4018 a
908 3952 1057 4036 Caesare,
1083 3965 1309 4020 arcessuntur.
