3026 4768
320 425 350 432 ..
444 349 495 405 un
517 349 635 407 nuceo
655 351 817 408 GALLICO
837 351 906 406 ue.
925 351 959 406 v.
1174 369 1222 410 ιιι

182 475 358 569 regionum
374 473 506 556 civitas,
525 498 566 542 ex
581 499 646 568 qua
662 475 919 545 Mandubratius
933 474 1136 565 adolescens,
1154 479 1227 546 Cae·

183 595 266 664 seris
280 593 380 662 fidem
397 608 545 678 secutus,
561 594 603 662 ed
620 619 697 664 eum
713 597 748 663 in
766 596 993 664 continentem
1010 595 1155 666 Gellium
1173 621 1228 666 ve-

184 729 280 784 nerat
302 715 416 810 (cujus
437 729 531 808 puter
555 717 784 785 lmanuentius
809 717 844 783 in
868 741 906 784 ea
930 717 1063 788 civiute
1086 741 1227 812 regnum

186 835 390 919 obtinuerat,
404 834 663 928 interfectusque
675 850 746 905 erat
760 834 1051 923 aCassivellauno,
1069 837 1137 931 ipse
1146 836 1228 932 luge

186 969 329 1024 mortem
352 956 526 1043 vitaverat,
553 953 679 1049 legatos
704 955 746 1024 nd
767 959 930 1026 Caesarem
952 958 1104 1043 mittunt,
1134 955 1230 1052 polli-

187 1088 372 1168 centurque
396 1099 466 1144 sese
489 1077 519 1144 ei
540 1074 724 1163 dedituros,
746 1091 846 1169 etque
870 1077 1032 1168 imperata
1055 1075 1227 1146 facturos:

189 1208 322 1289 petunt,
336 1210 373 1263 ut
386 1195 662 1266 Mandubretium
678 1196 718 1264 ab
733 1196 855 1289 injuria
866 1194 1102 1266 Cassivellauni
1117 1194 1230 1268 defen·

189 1314 265 1394 det,
282 1329 382 1408 etque
402 1315 437 1382 in
455 1316 622 1384 civitatem
639 1316 766 1402 mittat,
782 1317 840 1409 qui
857 1315 968 1410 praesit
988 1315 1230 1410 imperiumque

190 1434 348 1503 obtineat.
370 1433 430 1502 Hie
448 1437 558 1504 Caesm
577 1436 718 1528 imperat
737 1434 866 1504 obsides
881 1459 941 1520 ιι,
961 1434 1230 1528 frumentumque

189 1554 365 1639 exercitui,
383 1551 722 1646 Mandubrutiumque
738 1553 780 1622 ad
796 1579 851 1622 eos
867 1555 980 1623 mittit.
999 1552 1052 1623 Illi
1070 1555 1231 1648 imperata

193 1672 347 1742 celeriter
375 1671 543 1759 lecerunt,
568 1673 697 1742 obsides
720 1673 763 1742 ad
792 1697 968 1744 numerum
1000 1674 1231 1765 frumentaque

194 1795 365 1862 miserunt.

243 1915 337 1982 XXI.
357 1912 618 1982 Trinobantibus
631 1911 787 1999 delensis,
804 1924 903 2005 atque
921 1912 963 1980 ab
979 1915 1071 1980 omni
1087 1911 1231 1983 militum

72 2135 76 2144 .
196 2033 318 2126 injuria
353 2033 545 2128 prohibitis,
579 2033 786 2126 Cenimagni,
817 2033 1017 2126 segontiam,
1049 2031 1232 2120 Ancalites,

195 2153 343 2239 Bibroci,
365 2156 472 2242 Cassi,
496 2152 715 2249 legationibus
731 2153 852 2236 missis,
870 2177 939 2222 sese
954 2155 1075 2222 Caesari
1092 2153 1228 2225 dedunt.

199 2275 250 2344 Ab
269 2275 321 2343 his
339 2277 524 2369 cognoscit,
540 2300 607 2343 non
625 2259 724 2368 longe
745 2298 785 2342 en
802 2298 842 2342 ec
857 2272 930 2342 loco
946 2275 1107 2368 oppidum
1121 2277 1231 2344 Cassi-

199 2391 344 2463 vellauni
362 2393 493 2480 abesse,
510 2392 600 2463 silvis
619 2391 861 2486 paludibusque
874 2395 1057 2479 munitum,
1073 2415 1141 2486 quc
1156 2394 1231 2462 setis

192 2537 339 2612 ,magnus
355 2514 530 2585 hominurn
544 2515 736 2610 pecorisque
752 2537 910 2583 numerus
926 2515 1129 2584 convenerit.
1146 2505 1234 2603 (Op-

201 2633 317 2727 pidum
340 2648 451 2703 autem
475 2635 625 2704 Britanni
655 2648 789 2720 vocent,
814 2657 917 2725 quum
943 2632 1040 2701 silvas
1062 2628 1236 2724 impeditas

201 2750 289 2822 vello
317 2768 417 2846 atque
436 2754 522 2822 fossa
544 2755 754 2840 munierunt,
776 2777 844 2845 quo
869 2751 1065 2821 incursionis
1089 2751 1235 2819 hostium
1337 2759 1344 2770 '

204 2873 344 2943 vitnndae
369 2897 468 2943 causa
491 2874 667 2942 convenire
691 2870 924 2964 consuerunt.)
948 2874 997 2940 Eo
1019 2870 1237 2963 proficiscitur

203 3018 280 3064 eum
308 2991 492 3088 legionibus
518 3015 526 3060 ε
555 2991 666 3061 locum
689 2991 814 3086 reperit
842 2991 972 3085 egregie
995 3005 1112 3058 nature
1138 3003 1238 3082 utque

203 3135 303 3207 opere
321 3114 486 3180 munitum
508 3138 516 3179 :
537 3127 646 3180 tamen
668 3111 758 3178 hune
782 3107 910 3179 duobus
936 3133 978 3178 ex
1005 3109 1153 3202 partibus
1179 3135 1238 3205 op·

92 3219 97 3231 ¹
205 3256 355 3326 pugnare
377 3233 560 3302 contendit.
587 3235 721 3316 Hostes,
744 3227 911 3324 paulisper
938 3229 1238 3324 morati,rnilitum

206 3367 398 3422 nostrorum
414 3352 572 3447 impetum
590 3375 656 3420 non
674 3348 841 3435 tulerunt,
858 3356 991 3442 seseque
1010 3347 1074 3419 alie
1091 3371 1131 3419 ex'
1147 3365 1240 3444 parte

208 3470 326 3567 oppidi
337 3475 512 3567 ejecerunt.
534 3474 677 3565 Magnus
693 3469 739 3538 ibi
756 3477 914 3538 numerus
930 3470 1057 3562 pecoris
1076 3484 1242 3562 repertus,

207 3591 369 3687 multique
385 3594 419 3660 in
434 3591 511 3687 fuge
527 3605 606 3659 sunt
619 3590 849 3683 comprehensi
864 3603 963 3682 atque
983 3586 1156 3656 interfecti·

255 3715 366 3782 xxu.
387 3703 480 3782 Dum
502 3710 572 3780 hoec
595 3713 629 3781 in
642 3712 705 3779 *his
723 3709 804 3779 loeis
830 3723 1004 3804 geruntur,
1029 3706 1244 3778 Cassivellau-

210 3857 271 3901 nus
286 3832 328 3910 ad
343 3835 516 3920 Cantium,
532 3830 622 3924 quod
636 3855 705 3900 esse
720 3830 762 3898 ad
782 3855 872 3898 mare
892 3837 991 3922 supra
1010 3827 1247 3896 demonstravi·

210 3975 300 4038 mus,
313 3953 433 4045 quibus
450 3951 642 4046 regionibus
659 3963 804 4045 quatuor
819 3972 912 4042 reges
932 3961 1111 4040 praeerant,
1126 3949 1248 4041 Cinge·
