3014 4780
292 427 347 484 ata
469 419 499 472 G
519 416 618 472 IULII
639 415 803 480 CAESIIIIS
825 417 1021 474 coutamur.
1044 417 1153 472 LIBER

290 546 397 639 ipsum
417 540 555 618 militem
577 554 609 610 et
630 565 738 626 arma,
757 565 865 636 neque
886 565 966 628 vas,
987 565 1095 634 neque
1106 539 1339 632 mancipium,

289 687 396 758 neque
412 661 514 735 ullam
532 685 621 751 rem,
640 687 714 756 quae
731 664 804 734 usui
824 661 919 732 militi
935 685 1005 732 esse
1019 661 1207 745 consuevit,
1223 662 1259 728 in
1278 685 1341 728 na·

289 789 345 854 ves
369 784 494 880 imponi
513 797 691 878 pateretur.
713 786 752 853 In
779 782 892 853 Africa
912 797 1024 852 autem
1048 805 1115 852 non
1144 779 1243 853 modo
1268 779 1340 848 sibi

290 904 472 1000 quidquam
497 927 565 974 non
588 903 823 997 acquisierant,
841 915 899 971 aut
919 914 1136 995 paraverant3
1153 899 1210 968 sed
1230 901 1340 970 etiam

290 1040 425 1120 propter
444 1048 585 1093 annonae
606 1023 796 1108 caritatem,
815 1035 893 1092 ante
911 1035 1025 1118 parata
1044 1033 1337 1124 consumpserant.

290 1123 420 1233 Quibus
437 1143 536 1213 rebus
546 1143 708 1214 attenuati
719 1193 729 1229 ,
740 1139 864 1237 oppIdo
874 1165 1034 1235 perquam
1050 1139 1146 1234 pauci
1157 1139 1216 1208 sub
1236 1137 1339 1234 pelli·

290 1266 353 1333 bns
371 1260 787 1356 acquiescebantsreliqui,
798 1285 839 1330 ex
853 1261 1053 1330 vestimentis
1065 1257 1245 1329 tentoriolis
1265 1258 1337 1330 fac·

290 1382 350 1464 tis,
362 1395 461 1474 atque
475 1380 692 1452 arundinibus
706 1383 878 1475 scopisque
890 1381 1069 1467 contextis,
1079 1378 1333 1474 permanebant.

291 1505 423 1596 Itaque,
456 1501 565 1572 subito
597 1501 701 1570 imbre
727 1499 952 1597 grandiusque
978 1513 1176 1584 consecuta,
1203 1499 1334 1592 gravati

290 1619 459 1714 pondere,
483 1620 627 1692 tenebris
651 1645 803 1714 aquaque
825 1643 939 1688 omnes
966 1619 1096 1688 subruti
1116 1617 1333 1711 disjectique,

293 1742 612 1834 nocteiutempesta,
629 1740 763 1836 ignibus
775 1740 958 1826 exstinctis,
969 1737 1133 1832 rebusque
1147 1736 1189 1806 ad
1206 1738 1332 1806 victum

293 1860 535 1953 pertinentibus
553 1859 707 1930 omnibus
727 1859 908 1952 corruptis,
929 1882 988 1951 per
1007 1872 1113 1926 castra
1133 1859 1252 1952 passim
1271 1883 1333 1928 ra·

292 1979 476 2071 gabantur,
501 1980 668 2072 scutisque
691 1979 800 2072 capita
826 1978 1056 2074 contegebant.
1083 1976 1206 2047 Eadem
1233 1993 1332 2057 nocte

292 2099 416 2190 quintas
437 2097 576 2192 legionis
594 2096 739 2193 pilorum
757 2099 928 2167 cacumina
947 2121 1006 2167 sua
1025 2112 1143 2192 sponte
1167 2113 1330 2168 arserunt.

339 2219 492 2288 XLVIII.
521 2219 591 2288 Rex
616 2217 748 2289 interim
767 2217 873 2302 Iuba,
895 2216 937 2286 de
960 2218 1103 2311 equestri
1121 2215 1238 2312 proelic
1255 2220 1328 2288 Sci-

218 2331 225 2353 “
291 2337 399 2432 pionis
414 2337 536 2408 certior
551 2336 672 2425 factus,
691 2352 911 2452 evocatqsque
921 2336 1089 2408 abeodem
1104 2335 1235 2428 litteris,
1246 2365 1331 2435 prae·

291 2458 379 2528 fecto
398 2459 526 2528 Sabura
541 2483 616 2528 cum
637 2461 729 2552 parte
747 2459 910 2528 exercitus
925 2474 1044 2528 contra
1060 2459 1180 2540 Sitium
1198 2459 1332 2546 relicto,

291 2595 328 2652 ut
344 2605 453 2652 secum
476 2581 544 2674 ipso
559 2565 685 2672 aliquid
704 2580 909 2650 auctoritatis
929 2577 1066 2650 adderet
1082 2582 1241 2650 exercitui
1258 2584 1331 2651 Sci·

290 2701 400 2793 pionis
411 2725 467 2784 ,ac
479 2715 637 2770 terrorem
647 2700 804 2787 Cesaris,
825 2723 901 2770 cum
919 2699 1025 2770 tribus
1041 2698 1226 2794 legionibus
1242 2703 1332 2794 equi·

291 2819 446 2914 tibusque
463 2820 596 2890 frenatis
610 2843 710 2906 neco,
727 2819 882 2890 Numidis
893 2819 963 2889 sine
976 2819 1091 2906 frenis,
1102 2820 1331 2914 peditibusque

291 2939 372 3009 levis
385 2955 561 3010 armaturas
576 2938 692 3034 grandi
704 2936 1120 3034 numero,elepbantisque
1136 2965 1209 3017 xxx
1221 2965 1330 3036 egres-

291 3083 345 3136 sus
368 3085 387 3132 c
407 3078 530 3154 regno,
552 3059 594 3132 ad
617 3059 807 3154 Scipionem
825 3073 874 3128 est
891 3059 1068 3154 profectus.
1086 3064 1265 3158 Postquam
1285 3063 1330 3132 ad

200 3201 206 3208 '
290 3203 366 3253 cum
383 3181 548 3273 pervenit,
566 3183 681 3250 castris
697 3179 797 3275 regiis
808 3203 958 3250 seorsum
977 3182 1107 3276 positis,
1127 3209 1204 3254 cum
1222 3185 1261 3254 Iis
1272 3207 1330 3254 cc-

290 3301 372 3394 piis,
386 3323 468 3394 quas
483 3303 758 3387 commemoravi,
770 3299 860 3374 haud
870 3301 917 3372 ita
931 3300 1061 3396 longea
1076 3303 1230 3398 Scipione
1247 3329 1330 3374 oon-

290 3419 384 3494 sedit.
399 3423 480 3492 Erat
496 3421 530 3490 in
550 3421 664 3500 castris
680 3423 818 3492 Caesaris
839 3423 1001 3515 superiori
1021 3437 1166 3517 tempore
1187 3445 1327 3516 magnus

290 3553 399 3612 terror
422 3555 456 3612 et
477 3543 677 3638 exspectatio
693 3543 869 3636 ¹copiarum
892 3543 1082 3635 regiarum,
1100 3541 1327 3636 exercitusque

291 3662 362 3755 ejus
383 3662 597 3757 suspensione
616 3663 718 3732 animi
736 3676 812 3730 ante
829 3657 1008 3731 adventurn
1023 3661 1117 3731 Jcbre
1136 3683 1325 3732 commove·

291 3781 389 3855 batur
408 3809 416 3852 ι
434 3799 608 3878 postquam
629 3805 708 3852 vero
726 3795 831 3849 castra
849 3779 964 3848 castris
984 3779 1143 3868 contulit,
1162 3780 1325 3879 despectis

291 3903 502 4000 ejuscopiis,
522 3929 655 3974 omnem
678 3917 836 3972 terrorem
858 3899 1004 3994 deponit.
1023 3904 1094 3992 Ita,
1110 3927 1211 3998 quam
1230 3919 1324 3976 antea

291 4023 407 4094 abens
422 4023 586 4097 babuerat
601 4023 851 4112 auctoritatem,
869 4047 943 4096 eam
963 4046 1094 4096 omnem
1114 4049 1257 4120 praesens
1276 4025 1324 4094 di·
