3042 4772
372 339 375 346 ¹
482 383 532 438 nn
554 381 677 437 nanno
696 380 811 436 mvns
831 381 901 440 nin.
922 381 972 437 111.
1127 437 1130 446 ,
1195 387 1245 447 ιω

216 512 335 593 Cesar,
358 505 445 574 nulla
466 507 604 576 ratione*
617 504 659 575 ad
684 527 828 599 pugnam
847 502 920 573 elici
942 529 1035 598 posse
1053 507 1246 599 Pompeium

215 628 421 709 existimans,
442 626 527 700 hanc
540 625 601 692 sibi
620 622 919 693 commodissimam
932 623 1009 692 belli
1024 626 1184 693 rationem
1197 626 1250 718 ju·

216 745 353 830 dicavit,
373 746 421 812 uti
436 758 544 812 castra
560 767 599 812 ex
619 767 658 811 eo
672 741 745 812 loco
765 757 931 828 moveret,
952 766 1146 836 semperque
1164 760 1249 813 esset

217 865 250 932 in
272 863 458 950 itineribus,
475 865 543 932 haec
563 863 715 956 sperans,
733 876 789 948 ut,
806 861 976 930 movendis
995 863 1129 947 castris,
1148 861 1249 957 pluri·

216 983 344 1076 busque
359 982 518 1052 adeundis
536 981 635 1070 locis,
656 981 877 1055 commodiore
894 981 1108 1050 frumentaria
1127 1007 1163 1052 re
1179 998 1249 1052 nte·

216 1117 319 1189 retur,
340 1101 523 1195 simulque,
547 1103 581 1170 in
606 1103 722 1170 itinere
741 1115 779 1176 nt
801 1099 945 1193 aliquam
969 1103 1173 1171 occasionem
1195 1103 1247 1170 di·

216 1220 358 1290 micandi
378 1223 635 1306 nancisceretur,
651 1235 685 1288 et
698 1217 866 1288 insolitum
882 1219 924 1287 ad
940 1217 1087 1288 laborem
1096 1223 1245 1316 Pompeii

216 1341 393 1411 exercitum
415 1339 614 1433 quotidianis
633 1339 804 1408 itineribus
822 1337 1024 1432 defatigaret.
1046 1340 1106 1408 llis
1123 1341 1247 1410 consti-

217 1463 296 1535 tutis
316 1462 434 1549 rebus,
455 1462 549 1555 signo
570 1461 638 1554 jam
662 1459 873 1553 profectionis
896 1458 992 1548 dato,
1013 1458 1248 1530 tabernaculis·
1278 1547 1281 1554 ,

216 1607 280 1675 que
293 1581 456 1670 detensis,
473 1580 736 1669 animadversum
754 1593 821 1664 est,
838 1577 937 1674 paulo
955 1595 1047 1666 ante,
1062 1594 1154 1648 extra
1167 1604 1248 1674 quo·

217 1701 374 1770 tidianam
403 1698 692 1786 consuetudinem,
723 1697 852 1790 longius
879 1695 1011 1766 avallo
1040 1720 1110 1766 ease
1141 1701 1245 1767 aciem

216 1821 363 1913 Pompeii
380 1841 603 1913 progressam,
621 1833 739 1885 utnon
757 1817 880 1910 iniquo‘
891 1815 964 1884 loco
981 1841 1076 1910 posse
1093 1816 1246 1887 dimicari

217 1938 395 2008 videretur.
415 1941 510 2007 Tunc
528 1941 637 2006 Caesar
655 1935 741 2030 apud
763 1961 856 2022 suos,
875 1961 978 2030 quum
993 1938 1062 2030 jam
1082 1952 1167 2006 esset
1185 1963 1246 2031 ag·

219 2081 295 2124 men
314 2059 347 2125 in
367 2058 471 2149 portis
492 2082 500 2125 :
518 2055 778 2126 «Differendum
794 2069 862 2140 est,
883 2057 1011 2148 inquit,
1031 2057 1094 2125 iter
1113 2059 1147 2124 in
1166 2083 1248 2158 prp-

217 2178 322 2245 sentia
343 2177 453 2262 nobis,
474 2191 506 2244 et
528 2175 569 2244 de
586 2174 702 2269 proelio
726 2175 959 2270 cogitandum,
979 2178 1026 2264 si,
1054 2192 1092 2247 nt
1117 2201 1247 2273 semper
1337 2171 1343 2190 ’

217 2295 488 2390 depoposcimus,
504 2296 615 2364 animo
628 2296 728 2364 simus
742 2294 784 2363 ad
797 2293 1022 2364 dimicandum
1039 2299 1165 2391 parati,
1180 2322 1247 2366 non

217 2413 312 2484 lecile
324 2417 531 2486 occasionem
542 2428 655 2508 postea
669 2415 869 2508 reperiemus
887 2440 923 2482 :n
942 2416 1180 2510 confestimque
1193 2443 1249 2488 ex-

217 2533 346 2626 peditas
365 2535 476 2628 copias
497 2533 615 2602 educit.

223 2719 226 2726 .
265 2656 450 2722 LXXXVI.
462 2654 639 2746 Pompeius
653 2675 804 2745 quoquc,
822 2667 860 2720 ut
873 2668 988 2747 postea
1000 2646 1171 2748 cognitum
1181 2672 1247 2744 est,

217 2796 351 2841 suornm
382 2772 532 2840 omnium
560 2771 694 2840 hortatu
726 2785 886 2840 statuerat
919 2771 1038 2865 proelio
1071 2772 1247 2844 decertare.

217 2895 371 2984 Namque
389 2892 487 2958 etiam
509 2892 544 2958 in
568 2889 705 2959 consilio
723 2892 950 2986 superioribus
967 2892 1081 2961 diebus
1102 2893 1248 2982 dixerat,

217 3012 435 3103 «priusquam
454 3023 689 3080 concurrerent
706 3013 809 3100 acies,
828 3010 917 3097 fore,
932 3013 987 3080 uti
1006 3013 1168 3084 exercitus
1182 3017 1250 3086 Gu-

218 3130 299 3196 soris
325 3127 511 3222 pelleretur.
525 3159 543 3194 a
567 3128 604 3197 Id
628 3154 732 3224 quum
754 3145 863 3200 essent
884 3128 1034 3225 plerique
1058 3130 1212 3202 admirati
1240 3159 1248 3201 ε
1306 3178 1309 3187 -

217 3249 319 3316 «Scio
334 3271 406 3337 me,
420 3233 547 3342 inquil,
565 3273 657 3342 paene
672 3247 896 3317 incredibilem
915 3273 984 3318 rem
1002 3248 1175 3344 polliceri:
1193 3252 1248 3321 sed

217 3369 377 3438 rationem
399 3369 525 3438 consilii
548 3371 611 3438 mei
638 3371 794 3463 aecipite,
820 3394 887 3463 quo
910 3369 1056 3439 firmiore
1081 3373 1193 3440 animo
1214 3375 1249 3442 in

217 3486 368 3581 prmlium
399 3473 572 3581 prodeatis.
611 3488 760 3557 Persussi
793 3488 958 3581 equitibus
985 3491 1105 3558 nostris
1131 3489 1252 3584 (idque

217 3607 299 3675 mihi
317 3631 351 3676 se
366 3605 509 3676 facturos
523 3605 840 3700 confirmaverunt),
862 3621 918 3694 nt,
935 3633 1038 3700 quum
1059 3609 1195 3702 propius
1210 3610 1252 3676 sit

217 3751 397 3814 accessum,
427 3726 577 3796 dextrum
601 3727 739 3797 Caesaris
756 3749 859 3796 cornu
877 3728 919 3796 ab
937 3725 1038 3797 latere
1063 3741 1178 3822 aperto
1196 3751 1252 3822 sg-

218 3845 450 3938 gredereutur,
477 3861 530 3932 ut,
549 3847 773 3916 circumventa
791 3845 832 3916 ab
853 3861 945 3943 tergo
963 3847 1051 3936 acie,
1068 3847 1160 3942 prins
1176 3871 1252 3941 per·

218 3963 385 4034 turbatum
411 3966 592 4034 exercitum
610 3964 790 4059 pellerent,
814 3991 914 4060 quam
936 3967 1067 4036 anobis
1093 3964 1196 4036 telum
1217 3969 1250 4034 in
