<?xml version="1.0" encoding="UTF-8"?>
<!DOCTYPE html PUBLIC "-//W3C//DTD XHTML 1.0 Transitional//EN"
    "http://www.w3.org/TR/xhtml1/DTD/xhtml1-transitional.dtd">
<html xmlns="http://www.w3.org/1999/xhtml" xml:lang="en" lang="en">
 <head>
  <title>
</title>
<meta http-equiv="Content-Type" content="text/html;charset=utf-8" />
  <meta name='ocr-system' content='tesseract 3.04.00' />
  <meta name='ocr-capabilities' content='ocr_page ocr_carea ocr_par ocr_line ocrx_word'/>
</head>
<body>
  <div class='ocr_page' id='page_1' title='image "./cjcaesarisopera00caesgoog_0286.png"; bbox 0 0 3062 4766; ppageno 0'>
   <div class='ocr_carea' id='block_1_1' title="bbox 237 311 974 419">
    <p class='ocr_par' dir='ltr' id='par_1_1' title="bbox 237 311 974 419">
     <span class='ocr_line' id='line_1_1' title="bbox 237 311 974 419; baseline -0.003 -9"><span class='ocrx_word' id='word_1_1' title='bbox 237 353 293 419; x_wconf 66' lang='lat' dir='ltr'><strong>sor.</strong></span> <span class='ocrx_word' id='word_1_2' title='bbox 531 353 644 410; x_wconf 79' lang='lat' dir='ltr'><strong>noun</strong></span> <span class='ocrx_word' id='word_1_3' title='bbox 666 355 705 408; x_wconf 84' lang='lat' dir='ltr'><strong>ru</strong></span> <span class='ocrx_word' id='word_1_4' title='bbox 726 355 796 408; x_wconf 81' lang='lat' dir='ltr'><strong>urs.</strong></span> <span class='ocrx_word' id='word_1_5' title='bbox 817 355 843 407; x_wconf 83' lang='lat' dir='ltr'><strong>r</strong></span> <span class='ocrx_word' id='word_1_6' title='bbox 861 353 906 408; x_wconf 84' lang='lat' dir='ltr'><strong>nr</strong></span> <span class='ocrx_word' id='word_1_7' title='bbox 927 311 974 408; x_wconf 74' lang='lat' dir='ltr'><strong>rr</strong></span> 
     </span>
    </p>
   </div>
   <div class='ocr_carea' id='block_1_2' title="bbox 273 467 1118 543">
    <p class='ocr_par' dir='ltr' id='par_1_2' title="bbox 273 467 1118 543">
     <span class='ocr_line' id='line_1_2' title="bbox 273 467 1118 543; baseline -0.001 -20"><span class='ocrx_word' id='word_1_8' title='bbox 273 469 336 523; x_wconf 80' lang='lat' dir='ltr'><strong>Car.</strong></span> <span class='ocrx_word' id='word_1_9' title='bbox 356 469 437 524; x_wconf 83' lang='lat' dir='ltr'><strong>xxt.</strong></span> <span class='ocrx_word' id='word_1_10' title='bbox 457 467 546 522; x_wconf 83' lang='lat' dir='ltr'><strong>Cassi.</strong></span> <span class='ocrx_word' id='word_1_11' title='bbox 569 468 640 523; x_wconf 81' lang='lat' dir='ltr'><strong>Vide</strong></span> <span class='ocrx_word' id='word_1_12' title='bbox 652 487 748 543; x_wconf 85' lang='lat' dir='ltr'><strong>supra,</strong></span> <span class='ocrx_word' id='word_1_13' title='bbox 765 486 825 542; x_wconf 89' lang='lat' dir='ltr'><strong>cap.</strong></span> <span class='ocrx_word' id='word_1_14' title='bbox 842 468 1118 537; x_wconf 78' lang='lat' dir='ltr'><strong>x1,Cusriveliauno.</strong></span> 
     </span>
    </p>
   </div>
   <div class='ocr_carea' id='block_1_3' title="bbox 236 567 1273 750">
    <p class='ocr_par' dir='ltr' id='par_1_3' title="bbox 236 567 1273 750">
     <span class='ocr_line' id='line_1_3' title="bbox 279 567 1273 642; baseline -0.004 -16"><span class='ocrx_word' id='word_1_15' title='bbox 279 569 428 641; x_wconf 77' lang='lat' dir='ltr'><em>Oppidum.</em></span> <span class='ocrx_word' id='word_1_16' title='bbox 439 568 490 624; x_wconf 89' lang='lat' dir='ltr'><strong>Usi</strong></span> <span class='ocrx_word' id='word_1_17' title='bbox 507 579 572 624; x_wconf 88' lang='lat' dir='ltr'><strong>sunt</strong></span> <span class='ocrx_word' id='word_1_18' title='bbox 586 567 714 624; x_wconf 82' lang='lat' dir='ltr'><strong>Britanni</strong></span> <span class='ocrx_word' id='word_1_19' title='bbox 729 589 799 626; x_wconf 79' lang='lat' dir='ltr'><strong>voce</strong></span> <span class='ocrx_word' id='word_1_20' title='bbox 815 587 893 638; x_wconf 84' lang='lat' dir='ltr'><strong>cuer,</strong></span> <span class='ocrx_word' id='word_1_21' title='bbox 905 589 966 642; x_wconf 84' lang='lat' dir='ltr'><strong>quae</strong></span> <span class='ocrx_word' id='word_1_22' title='bbox 977 569 1063 624; x_wconf 88' lang='lat' dir='ltr'><strong>habet</strong></span> <span class='ocrx_word' id='word_1_23' title='bbox 1075 568 1199 624; x_wconf 88' lang='lat' dir='ltr'><strong>radicem</strong></span> <span class='ocrx_word' id='word_1_24' title='bbox 1207 586 1273 622; x_wconf 82' lang='lat' dir='ltr'><strong>ver·</strong></span> 
     </span>
     <span class='ocr_line' id='line_1_4' title="bbox 236 657 1273 750; baseline -0.004 -34"><span class='ocrx_word' id='word_1_25' title='bbox 236 665 305 716; x_wconf 91' lang='lat' dir='ltr'><strong>burn</strong></span> <span class='ocrx_word' id='word_1_26' title='bbox 322 660 465 716; x_wconf 83' lang='lat' dir='ltr'><strong>bebraeum</strong></span> <span class='ocrx_word' id='word_1_27' title='bbox 481 673 570 750; x_wconf 65' lang='lat' dir='ltr'><strong>N&#39;tp,</strong></span> <span class='ocrx_word' id='word_1_28' title='bbox 585 661 664 734; x_wconf 83' lang='lat' dir='ltr'><strong>quod</strong></span> <span class='ocrx_word' id='word_1_29' title='bbox 679 673 828 715; x_wconf 76' lang='lat' dir='ltr'><strong>convocare</strong></span> <span class='ocrx_word' id='word_1_30' title='bbox 845 659 1044 734; x_wconf 74' lang='lat' dir='ltr'><strong>siguificat-lta</strong></span> <span class='ocrx_word' id='word_1_31' title='bbox 1059 660 1123 715; x_wconf 87' lang='lat' dir='ltr'><strong>Joh.</strong></span> <span class='ocrx_word' id='word_1_32' title='bbox 1138 657 1273 726; x_wconf 82' lang='lat' dir='ltr'>Clericus,</span> 
     </span>
    </p>
   </div>
   <div class='ocr_carea' id='block_1_4' title="bbox 202 748 1275 1008">
    <p class='ocr_par' dir='ltr' id='par_1_4' title="bbox 202 748 1275 1008">
     <span class='ocr_line' id='line_1_5' title="bbox 237 748 1272 826; baseline -0.005 -19"><span class='ocrx_word' id='word_1_33' title='bbox 237 753 276 807; x_wconf 82' lang='lat' dir='ltr'><strong>ait</strong></span> <span class='ocrx_word' id='word_1_34' title='bbox 290 751 435 820; x_wconf 78' lang='lat' dir='ltr'><strong>Davisius,</strong></span> <span class='ocrx_word' id='word_1_35' title='bbox 449 752 494 807; x_wconf 91' lang='lat' dir='ltr'><strong>cui</strong></span> <span class='ocrx_word' id='word_1_36' title='bbox 508 753 567 808; x_wconf 70' lang='lat' dir='ltr'><strong>bisc</strong></span> <span class='ocrx_word' id='word_1_37' title='bbox 583 752 664 826; x_wconf 87' lang='lat' dir='ltr'><strong>origo</strong></span> <span class='ocrx_word' id='word_1_38' title='bbox 679 752 791 808; x_wconf 80' lang='lat' dir='ltr'><strong>bebraea</strong></span> <span class='ocrx_word' id='word_1_39' title='bbox 805 751 919 806; x_wconf 80' lang='lat' dir='ltr'><strong>arridet.</strong></span> <span class='ocrx_word' id='word_1_40' title='bbox 937 751 994 807; x_wconf 86' lang='lat' dir='ltr'><strong>Sed</strong></span> <span class='ocrx_word' id='word_1_41' title='bbox 1012 750 1083 806; x_wconf 92' lang='lat' dir='ltr'><strong>mihi</strong></span> <span class='ocrx_word' id='word_1_42' title='bbox 1097 751 1158 804; x_wconf 86' lang='lat' dir='ltr'><strong>luce</strong></span> <span class='ocrx_word' id='word_1_43' title='bbox 1173 748 1272 803; x_wconf 87' lang='lat' dir='ltr'><strong>clarius</strong></span> 
     </span>
     <span class='ocr_line' id='line_1_6' title="bbox 202 839 1275 913; baseline -0.002 -16"><span class='ocrx_word' id='word_1_44' title='bbox 202 839 203 842; x_wconf 62' lang='grc'>’</span> <span class='ocrx_word' id='word_1_45' title='bbox 237 852 279 897; x_wconf 77' lang='lat' dir='ltr'><strong>est</strong></span> <span class='ocrx_word' id='word_1_46' title='bbox 294 861 361 897; x_wconf 82' lang='lat' dir='ltr'><strong>caer</strong></span> <span class='ocrx_word' id='word_1_47' title='bbox 375 842 547 913; x_wconf 86' lang='lat' dir='ltr'><strong>britannice,</strong></span> <span class='ocrx_word' id='word_1_48' title='bbox 568 843 618 899; x_wconf 79' lang='lat' dir='ltr'><strong>lter</strong></span> <span class='ocrx_word' id='word_1_49' title='bbox 633 843 785 912; x_wconf 86' lang='lat' dir='ltr'><strong>armorice,</strong></span> <span class='ocrx_word' id='word_1_50' title='bbox 802 843 879 899; x_wconf 72' lang='lat' dir='ltr'><strong>votis</strong></span> <span class='ocrx_word' id='word_1_51' title='bbox 901 842 993 898; x_wconf 78' lang='lat' dir='ltr'><strong>latinae</strong></span> <span class='ocrx_word' id='word_1_52' title='bbox 1011 853 1148 908; x_wconf 72' lang='lat' dir='ltr'><strong>casuum,</strong></span> <span class='ocrx_word' id='word_1_53' title='bbox 1168 858 1204 895; x_wconf 86' lang='lat' dir='ltr'><strong>ex</strong></span> <span class='ocrx_word' id='word_1_54' title='bbox 1220 857 1275 912; x_wconf 89' lang='lat' dir='ltr'><strong>qua</strong></span> 
     </span>
     <span class='ocr_line' id='line_1_7' title="bbox 238 933 1272 1008; baseline -0.005 -18"><span class='ocrx_word' id='word_1_55' title='bbox 238 934 322 1008; x_wconf 77' lang='lat' dir='ltr'><strong>Angli</strong></span> <span class='ocrx_word' id='word_1_56' title='bbox 331 945 422 990; x_wconf 85' lang='lat' dir='ltr'><strong>cester</strong></span> <span class='ocrx_word' id='word_1_57' title='bbox 432 934 464 989; x_wconf 88' lang='lat' dir='ltr'><strong>iu</strong></span> <span class='ocrx_word' id='word_1_58' title='bbox 479 933 642 991; x_wconf 87' lang='lat' dir='ltr'><strong>nominibus</strong></span> <span class='ocrx_word' id='word_1_59' title='bbox 660 935 771 991; x_wconf 87' lang='lat' dir='ltr'><strong>urbium</strong></span> <span class='ocrx_word' id='word_1_60' title='bbox 789 936 961 1004; x_wconf 79' lang='lat' dir='ltr'>formarunt,</span> <span class='ocrx_word' id='word_1_61' title='bbox 974 933 1197 998; x_wconf 78' lang='lat' dir='ltr'><strong>contractionem</strong></span> <span class='ocrx_word' id='word_1_62' title='bbox 1206 949 1272 986; x_wconf 86' lang='lat' dir='ltr'><strong>esse.</strong></span> 
     </span>
    </p>
   </div>
   <div class='ocr_carea' id='block_1_5' title="bbox 237 1058 1278 1774">
    <p class='ocr_par' dir='ltr' id='par_1_5' title="bbox 237 1058 1278 1774">
     <span class='ocr_line' id='line_1_8' title="bbox 278 1058 1275 1138; baseline -0.007 -21"><span class='ocrx_word' id='word_1_63' title='bbox 278 1063 343 1117; x_wconf 76' lang='lat' dir='ltr'><strong>Cur.</strong></span> <span class='ocrx_word' id='word_1_64' title='bbox 358 1062 453 1118; x_wconf 82' lang='lat' dir='ltr'><strong>XXII.</strong></span> <span class='ocrx_word' id='word_1_65' title='bbox 471 1062 644 1138; x_wconf 78' lang='lat' dir='ltr'><strong>lugetorige.</strong></span> <span class='ocrx_word' id='word_1_66' title='bbox 658 1064 720 1118; x_wconf 74' lang='lat' dir='ltr'><strong>«sl.</strong></span> <span class='ocrx_word' id='word_1_67' title='bbox 732 1063 914 1136; x_wconf 77' lang='lat' dir='ltr'><strong>Cingetorige.</strong></span> <span class='ocrx_word' id='word_1_68' title='bbox 924 1063 966 1116; x_wconf 83' lang='lat' dir='ltr'><strong>Ex</strong></span> <span class='ocrx_word' id='word_1_69' title='bbox 974 1059 1069 1114; x_wconf 90' lang='lat' dir='ltr'><strong>multis</strong></span> <span class='ocrx_word' id='word_1_70' title='bbox 1078 1058 1163 1114; x_wconf 86' lang='lat' dir='ltr'><strong>codd.</strong></span> <span class='ocrx_word' id='word_1_71' title='bbox 1178 1068 1275 1114; x_wconf 91' lang='lat' dir='ltr'><strong>contra</strong></span> 
     </span>
     <span class='ocr_line' id='line_1_9' title="bbox 240 1151 1275 1227; baseline -0.003 -22"><span class='ocrx_word' id='word_1_72' title='bbox 240 1152 372 1208; x_wconf 84' lang='lat' dir='ltr'><strong>Hotman.</strong></span> <span class='ocrx_word' id='word_1_73' title='bbox 395 1152 503 1208; x_wconf 84' lang='lat' dir='ltr'><strong>Brantii</strong></span> <span class='ocrx_word' id='word_1_74' title='bbox 528 1155 653 1226; x_wconf 88' lang='lat' dir='ltr'><strong>Bongars</strong></span> <span class='ocrx_word' id='word_1_75' title='bbox 668 1171 712 1227; x_wconf 86' lang='lat' dir='ltr'><strong>pr.</strong></span> <span class='ocrx_word' id='word_1_76' title='bbox 729 1152 858 1208; x_wconf 86' lang='lat' dir='ltr'><strong>Vossiani</strong></span> <span class='ocrx_word' id='word_1_77' title='bbox 874 1169 971 1208; x_wconf 85' lang='lat' dir='ltr'><strong>omnes</strong></span> <span class='ocrx_word' id='word_1_78' title='bbox 987 1151 1170 1225; x_wconf 70' lang='lat' dir='ltr'><strong>Lugotorige,</strong></span> <span class='ocrx_word' id='word_1_79' title='bbox 1189 1151 1275 1202; x_wconf 80' lang='lat' dir='ltr'><strong>Luto-</strong></span> 
     </span>
     <span class='ocr_line' id='line_1_10' title="bbox 237 1240 1275 1318; baseline -0.007 -19"><span class='ocrx_word' id='word_1_80' title='bbox 237 1243 333 1316; x_wconf 81' lang='lat' dir='ltr'><strong>gorige</strong></span> <span class='ocrx_word' id='word_1_81' title='bbox 340 1261 351 1309; x_wconf 88' lang='lat'><strong>,·</strong></span> <span class='ocrx_word' id='word_1_82' title='bbox 365 1243 475 1314; x_wconf 86' lang='lat' dir='ltr'><strong>Celsus,</strong></span> <span class='ocrx_word' id='word_1_83' title='bbox 485 1244 544 1300; x_wconf 86' lang='lat' dir='ltr'><strong>rita</strong></span> <span class='ocrx_word' id='word_1_84' title='bbox 556 1243 688 1314; x_wconf 76' lang='lat' dir='ltr'><strong>Caesaris,</strong></span> <span class='ocrx_word' id='word_1_85' title='bbox 699 1244 878 1318; x_wconf 82' lang='lat' dir='ltr'><strong>Legotoriga:</strong></span> <span class='ocrx_word' id='word_1_86' title='bbox 888 1252 917 1301; x_wconf 85' lang='lat' dir='ltr'><strong>at</strong></span> <span class='ocrx_word' id='word_1_87' title='bbox 925 1259 1027 1315; x_wconf 84' lang='lat' dir='ltr'><strong>graecus</strong></span> <span class='ocrx_word' id='word_1_88' title='bbox 1041 1241 1178 1312; x_wconf 81' lang='lat' dir='ltr'><strong>interpres</strong></span> <span class='ocrx_word' id='word_1_89' title='bbox 1190 1240 1275 1293; x_wconf 88' lang='lat' dir='ltr'><strong>Com-</strong></span> 
     </span>
     <span class='ocr_line' id='line_1_11' title="bbox 241 1329 1276 1412; baseline -0.002 -26"><span class='ocrx_word' id='word_1_90' title='bbox 241 1335 442 1391; x_wconf 86' lang='lat' dir='ltr'><strong>mentariorum</strong></span> <span class='ocrx_word' id='word_1_91' title='bbox 449 1375 458 1404; x_wconf 93' lang='lat'><strong>,</strong></span> <span class='ocrx_word' id='word_1_92' title='bbox 468 1333 689 1412; x_wconf 72' lang='lat' dir='ltr'><strong>Kryysriptyu.</strong></span> <span class='ocrx_word' id='word_1_93' title='bbox 699 1335 794 1392; x_wconf 85' lang='lat' dir='ltr'><strong>Nostri</strong></span> <span class='ocrx_word' id='word_1_94' title='bbox 803 1352 915 1408; x_wconf 89' lang='lat' dir='ltr'><strong>quoque</strong></span> <span class='ocrx_word' id='word_1_95' title='bbox 921 1332 1004 1391; x_wconf 90' lang='lat' dir='ltr'><strong>codd.</strong></span> <span class='ocrx_word' id='word_1_96' title='bbox 1019 1331 1144 1388; x_wconf 82' lang='lat' dir='ltr'><strong>variant:</strong></span> <span class='ocrx_word' id='word_1_97' title='bbox 1155 1329 1217 1386; x_wconf 85' lang='lat' dir='ltr'><strong>cod</strong></span> <span class='ocrx_word' id='word_1_98' title='bbox 1227 1332 1276 1398; x_wconf 71' lang='lat' dir='ltr'><strong>tu,</strong></span> 
     </span>
     <span class='ocr_line' id='line_1_12' title="bbox 243 1420 1276 1501; baseline -0.006 -20"><span class='ocrx_word' id='word_1_99' title='bbox 243 1421 355 1493; x_wconf 80' lang='lat'><strong>5,763,</strong></span> <span class='ocrx_word' id='word_1_100' title='bbox 377 1428 559 1501; x_wconf 75' lang='lat' dir='ltr'><strong>Lugoton&#39;ge5</strong></span> <span class='ocrx_word' id='word_1_101' title='bbox 578 1428 653 1483; x_wconf 92' lang='lat' dir='ltr'><strong>unde</strong></span> <span class='ocrx_word' id='word_1_102' title='bbox 679 1445 740 1482; x_wconf 87' lang='lat' dir='ltr'><strong>rem</strong></span> <span class='ocrx_word' id='word_1_103' title='bbox 756 1425 888 1481; x_wconf 84' lang='lat' dir='ltr'><strong>dirimere</strong></span> <span class='ocrx_word' id='word_1_104' title='bbox 904 1424 1058 1484; x_wconf 82' lang='lat' dir='ltr'><strong>admodum</strong></span> <span class='ocrx_word' id='word_1_105' title='bbox 1075 1424 1111 1479; x_wconf 89' lang='lat' dir='ltr'><strong>sit</strong></span> <span class='ocrx_word' id='word_1_106' title='bbox 1127 1420 1250 1478; x_wconf 87' lang='lat' dir='ltr'><strong>difficile.</strong></span> <span class='ocrx_word' id='word_1_107' title='bbox 1263 1443 1276 1469; x_wconf 76' lang='grc' dir='ltr'><strong>ιι</strong></span> 
     </span>
     <span class='ocr_line' id='line_1_13' title="bbox 242 1513 1276 1592; baseline -0.006 -20"><span class='ocrx_word' id='word_1_108' title='bbox 242 1517 285 1572; x_wconf 89' lang='lat' dir='ltr'><strong>Ita</strong></span> <span class='ocrx_word' id='word_1_109' title='bbox 302 1517 336 1570; x_wconf 90' lang='lat' dir='ltr'><strong>D.</strong></span> <span class='ocrx_word' id='word_1_110' title='bbox 355 1517 491 1579; x_wconf 82' lang='lat' dir='ltr'><strong>Lemaire.</strong></span> <span class='ocrx_word' id='word_1_111' title='bbox 513 1519 690 1592; x_wconf 77' lang='lat' dir='ltr'><strong>Etymologia</strong></span> <span class='ocrx_word' id='word_1_112' title='bbox 702 1516 783 1588; x_wconf 88' lang='lat' dir='ltr'><strong>hujus</strong></span> <span class='ocrx_word' id='word_1_113' title='bbox 796 1513 920 1582; x_wconf 80' lang='lat' dir='ltr'><strong>nominis</strong></span> <span class='ocrx_word' id='word_1_114' title='bbox 929 1556 937 1584; x_wconf 90' lang='lat'>‚</span> <span class='ocrx_word' id='word_1_115' title='bbox 950 1514 1100 1588; x_wconf 82' lang='lat' dir='ltr'><strong>compositi</strong></span> <span class='ocrx_word' id='word_1_116' title='bbox 1115 1531 1150 1568; x_wconf 86' lang='lat' dir='ltr'><strong>ex</strong></span> <span class='ocrx_word' id='word_1_117' title='bbox 1169 1526 1276 1568; x_wconf 72' lang='lat' dir='ltr'><strong>truoes-</strong></span> 
     </span>
     <span class='ocr_line' id='line_1_14' title="bbox 242 1601 1278 1680; baseline -0.004 -17"><span class='ocrx_word' id='word_1_118' title='bbox 242 1601 310 1672; x_wconf 69' lang='lat' dir='ltr'><strong>tls,</strong></span> <span class='ocrx_word' id='word_1_119' title='bbox 327 1607 396 1680; x_wconf 90' lang='lat' dir='ltr'><strong>lupo</strong></span> <span class='ocrx_word' id='word_1_120' title='bbox 413 1608 523 1677; x_wconf 89' lang='lat' dir='ltr'><strong>similis,</strong></span> <span class='ocrx_word' id='word_1_121' title='bbox 535 1610 697 1678; x_wconf 88' lang='lat' dir='ltr'><strong>matutinus,</strong></span> <span class='ocrx_word' id='word_1_122' title='bbox 715 1609 857 1663; x_wconf 79' lang='lat' dir='ltr'><strong>albescens</strong></span> <span class='ocrx_word' id='word_1_123' title='bbox 875 1617 906 1662; x_wconf 90' lang='lat' dir='ltr'><strong>ut</strong></span> <span class='ocrx_word' id='word_1_124' title='bbox 919 1607 984 1661; x_wconf 88' lang='lat' dir='ltr'><strong>alba</strong></span> <span class='ocrx_word' id='word_1_125' title='bbox 1000 1606 1148 1674; x_wconf 87' lang='lat' dir='ltr'><strong>matutina,</strong></span> <span class='ocrx_word' id='word_1_126' title='bbox 1163 1606 1208 1660; x_wconf 85' lang='lat' dir='ltr'><strong>vel</strong></span> <span class='ocrx_word' id='word_1_127' title='bbox 1224 1607 1278 1659; x_wconf 84' lang='lat' dir='ltr'><strong>Al-</strong></span> 
     </span>
     <span class='ocr_line' id='line_1_15' title="bbox 243 1696 1277 1774; baseline -0.004 -20"><span class='ocrx_word' id='word_1_128' title='bbox 243 1697 320 1764; x_wconf 64' lang='lat' dir='ltr'><strong>brou,</strong></span> <span class='ocrx_word' id='word_1_129' title='bbox 339 1708 438 1769; x_wconf 75' lang='lat' dir='ltr'><strong>etrea,</strong></span> <span class='ocrx_word' id='word_1_130' title='bbox 452 1700 657 1774; x_wconf 86' lang='lat' dir='ltr'><strong>analogumque</strong></span> <span class='ocrx_word' id='word_1_131' title='bbox 671 1718 776 1755; x_wconf 88' lang='lat' dir='ltr'><strong>nomen</strong></span> <span class='ocrx_word' id='word_1_132' title='bbox 786 1700 983 1773; x_wconf 78' lang='lat' dir='ltr'><strong>Luguvallum,</strong></span> <span class='ocrx_word' id='word_1_133' title='bbox 993 1697 1080 1752; x_wconf 90' lang='lat' dir='ltr'><strong>bodie</strong></span> <span class='ocrx_word' id='word_1_134' title='bbox 1094 1697 1214 1764; x_wconf 84' lang='lat' dir='ltr'><strong>Carlile,</strong></span> <span class='ocrx_word' id='word_1_135' title='bbox 1230 1696 1277 1750; x_wconf 93' lang='lat' dir='ltr'><strong>in-</strong></span> 
     </span>
    </p>
   </div>
   <div class='ocr_carea' id='block_1_6' title="bbox 244 1786 1375 1866">
    <p class='ocr_par' dir='ltr' id='par_1_6' title="bbox 244 1786 1375 1866">
     <span class='ocr_line' id='line_1_16' title="bbox 244 1786 1375 1866; baseline 0 -22"><span class='ocrx_word' id='word_1_136' title='bbox 244 1789 576 1866; x_wconf 69' lang='lat' dir='ltr'><strong>dicantlugotorrgepro</strong></span> <span class='ocrx_word' id='word_1_137' title='bbox 588 1793 774 1866; x_wconf 83' lang='lat' dir='ltr'><strong>Lurodorige‚</strong></span> <span class='ocrx_word' id='word_1_138' title='bbox 790 1790 969 1846; x_wconf 88' lang='lat' dir='ltr'><strong>scribendum</strong></span> <span class='ocrx_word' id='word_1_139' title='bbox 986 1808 1060 1859; x_wconf 89' lang='lat' dir='ltr'><strong>esse;</strong></span> <span class='ocrx_word' id='word_1_140' title='bbox 1073 1789 1153 1844; x_wconf 85' lang='lat' dir='ltr'><strong>facile</strong></span> <span class='ocrx_word' id='word_1_141' title='bbox 1170 1789 1245 1844; x_wconf 90' lang='lat' dir='ltr'><strong>enim</strong></span> <span class='ocrx_word' id='word_1_142' title='bbox 1260 1807 1278 1844; x_wconf 78' lang='lat' dir='ltr'><strong>u</strong></span> <span class='ocrx_word' id='word_1_143' title='bbox 1373 1786 1375 1798; x_wconf 73' lang='lat'><strong>⁴</strong></span> 
     </span>
    </p>
   </div>
   <div class='ocr_carea' id='block_1_7' title="bbox 244 1877 625 1957">
    <p class='ocr_par' dir='ltr' id='par_1_7' title="bbox 244 1877 625 1957">
     <span class='ocr_line' id='line_1_17' title="bbox 244 1877 625 1957; baseline 0.01 -23"><span class='ocrx_word' id='word_1_144' title='bbox 244 1880 274 1935; x_wconf 89' lang='lat' dir='ltr'><strong>in</strong></span> <span class='ocrx_word' id='word_1_145' title='bbox 288 1897 325 1957; x_wconf 73' lang='grc' dir='ltr'><strong>γ,</strong></span> <span class='ocrx_word' id='word_1_146' title='bbox 339 1891 367 1936; x_wconf 89' lang='lat' dir='ltr'><strong>et</strong></span> <span class='ocrx_word' id='word_1_147' title='bbox 382 1877 404 1938; x_wconf 68' lang='lat' dir='ltr'><strong>d</strong></span> <span class='ocrx_word' id='word_1_148' title='bbox 417 1883 448 1937; x_wconf 90' lang='lat' dir='ltr'><strong>in</strong></span> <span class='ocrx_word' id='word_1_149' title='bbox 461 1901 481 1938; x_wconf 81' lang='grc' dir='ltr'><strong><em>τ</em></strong></span> <span class='ocrx_word' id='word_1_150' title='bbox 494 1895 625 1938; x_wconf 87' lang='lat' dir='ltr'><strong>mutatur.</strong></span> 
     </span>
    </p>
   </div>
   <div class='ocr_carea' id='block_1_8' title="bbox 246 2017 1279 2181">
    <p class='ocr_par' dir='ltr' id='par_1_8' title="bbox 246 2017 1279 2181">
     <span class='ocr_line' id='line_1_18' title="bbox 285 2017 1279 2094; baseline 0.001 -22"><span class='ocrx_word' id='word_1_151' title='bbox 285 2017 349 2072; x_wconf 72' lang='lat' dir='ltr'><strong>Cur.</strong></span> <span class='ocrx_word' id='word_1_152' title='bbox 366 2021 474 2074; x_wconf 82' lang='lat' dir='ltr'><strong>XXIV.</strong></span> <span class='ocrx_word' id='word_1_153' title='bbox 496 2020 608 2075; x_wconf 86' lang='lat' dir='ltr'><strong>Essuos.</strong></span> <span class='ocrx_word' id='word_1_154' title='bbox 633 2020 703 2074; x_wconf 84' lang='lat' dir='ltr'><strong>Vide</strong></span> <span class='ocrx_word' id='word_1_155' title='bbox 718 2037 800 2093; x_wconf 84' lang='lat' dir='ltr'><strong>supra</strong></span> <span class='ocrx_word' id='word_1_156' title='bbox 814 2019 957 2094; x_wconf 77' lang='lat' dir='ltr'><strong>Sesuuios,</strong></span> <span class='ocrx_word' id='word_1_157' title='bbox 971 2031 1030 2075; x_wconf 91' lang='lat' dir='ltr'><strong>not.</strong></span> <span class='ocrx_word' id='word_1_158' title='bbox 1059 2020 1088 2088; x_wconf 86' lang='lat' dir='ltr'><strong>in</strong></span> <span class='ocrx_word' id='word_1_159' title='bbox 1110 2020 1214 2076; x_wconf 89' lang='lat' dir='ltr'><strong>librum</strong></span> <span class='ocrx_word' id='word_1_160' title='bbox 1235 2037 1279 2086; x_wconf 89' lang='lat' dir='ltr'><strong>rr,</strong></span> 
     </span>
     <span class='ocr_line' id='line_1_19' title="bbox 246 2126 420 2181; baseline 0.011 -19"><span class='ocrx_word' id='word_1_161' title='bbox 246 2126 307 2181; x_wconf 88' lang='lat' dir='ltr'><strong>cap.</strong></span> <span class='ocrx_word' id='word_1_162' title='bbox 321 2127 420 2164; x_wconf 79' lang='lat' dir='ltr'><strong>xxxrr.</strong></span> 
     </span>
    </p>
   </div>
   <div class='ocr_carea' id='block_1_9' title="bbox 248 2249 1288 3422">
    <p class='ocr_par' dir='ltr' id='par_1_9' title="bbox 248 2249 1288 3422">
     <span class='ocr_line' id='line_1_20' title="bbox 288 2249 1279 2326; baseline 0.002 -24"><span class='ocrx_word' id='word_1_163' title='bbox 288 2249 465 2325; x_wconf 71' lang='lat' dir='ltr'><strong>Ambiorigis.</strong></span> <span class='ocrx_word' id='word_1_164' title='bbox 480 2252 568 2324; x_wconf 86' lang='lat' dir='ltr'><strong>Hujus</strong></span> <span class='ocrx_word' id='word_1_165' title='bbox 588 2271 716 2309; x_wconf 86' lang='lat' dir='ltr'><strong>nummus</strong></span> <span class='ocrx_word' id='word_1_166' title='bbox 733 2263 835 2322; x_wconf 80' lang='lat' dir='ltr'><strong>exstat,</strong></span> <span class='ocrx_word' id='word_1_167' title='bbox 848 2251 923 2326; x_wconf 89' lang='lat' dir='ltr'><strong>apud</strong></span> <span class='ocrx_word' id='word_1_168' title='bbox 938 2251 1024 2307; x_wconf 81' lang='lat' dir='ltr'><strong>Eckel</strong></span> <span class='ocrx_word' id='word_1_169' title='bbox 1044 2249 1159 2326; x_wconf 85' lang='lat' dir='ltr'><strong>(Doctr.</strong></span> <span class='ocrx_word' id='word_1_170' title='bbox 1176 2269 1279 2304; x_wconf 86' lang='lat' dir='ltr'><strong>numm.</strong></span> 
     </span>
     <span class='ocr_line' id='line_1_21' title="bbox 248 2339 1279 2420; baseline -0.001 -25"><span class='ocrx_word' id='word_1_171' title='bbox 248 2351 315 2407; x_wconf 65' lang='lat' dir='ltr'><strong>vet„</strong></span> <span class='ocrx_word' id='word_1_172' title='bbox 331 2350 352 2395; x_wconf 93' lang='lat' dir='ltr'><strong>t.</strong></span> <span class='ocrx_word' id='word_1_173' title='bbox 368 2359 396 2408; x_wconf 89' lang='lat' dir='ltr'><strong>r,</strong></span> <span class='ocrx_word' id='word_1_174' title='bbox 407 2359 436 2415; x_wconf 89' lang='lat' dir='ltr'><strong>p.</strong></span> <span class='ocrx_word' id='word_1_175' title='bbox 453 2342 504 2412; x_wconf 77' lang='lat'><strong>76)</strong></span> <span class='ocrx_word' id='word_1_176' title='bbox 520 2354 547 2399; x_wconf 90' lang='lat' dir='ltr'><strong>et</strong></span> <span class='ocrx_word' id='word_1_177' title='bbox 562 2345 637 2418; x_wconf 82' lang='lat' dir='ltr'><strong>apud</strong></span> <span class='ocrx_word' id='word_1_178' title='bbox 649 2347 685 2400; x_wconf 90' lang='lat' dir='ltr'><strong>D.</strong></span> <span class='ocrx_word' id='word_1_179' title='bbox 693 2344 824 2400; x_wconf 84' lang='lat' dir='ltr'><strong>Miormet</strong></span> <span class='ocrx_word' id='word_1_180' title='bbox 837 2339 929 2420; x_wconf 83' lang='lat' dir='ltr'><strong>(Dese.</strong></span> <span class='ocrx_word' id='word_1_181' title='bbox 945 2343 995 2397; x_wconf 79' lang='lat' dir='ltr'><strong>des</strong></span> <span class='ocrx_word' id='word_1_182' title='bbox 1007 2343 1079 2396; x_wconf 74' lang='lat' dir='ltr'><strong>med.</strong></span> <span class='ocrx_word' id='word_1_183' title='bbox 1087 2382 1096 2408; x_wconf 91' lang='lat'><strong>,</strong></span> <span class='ocrx_word' id='word_1_184' title='bbox 1111 2352 1169 2409; x_wconf 77' lang='lat' dir='ltr'><strong>tr,</strong></span> <span class='ocrx_word' id='word_1_185' title='bbox 1183 2360 1210 2414; x_wconf 92' lang='lat' dir='ltr'><strong>p.</strong></span> <span class='ocrx_word' id='word_1_186' title='bbox 1222 2340 1279 2414; x_wconf 80' lang='grc'>83).</span> 
     </span>
     <span class='ocr_line' id='line_1_22' title="bbox 248 2430 1280 2509; baseline 0 -23"><span class='ocrx_word' id='word_1_187' title='bbox 248 2431 313 2486; x_wconf 85' lang='lat' dir='ltr'><strong>Pars</strong></span> <span class='ocrx_word' id='word_1_188' title='bbox 331 2430 422 2487; x_wconf 89' lang='lat' dir='ltr'><strong>antica</strong></span> <span class='ocrx_word' id='word_1_189' title='bbox 438 2433 521 2490; x_wconf 82' lang='lat' dir='ltr'><strong>offert</strong></span> <span class='ocrx_word' id='word_1_190' title='bbox 534 2435 654 2491; x_wconf 87' lang='lat' dir='ltr'><strong>Palladis</strong></span> <span class='ocrx_word' id='word_1_191' title='bbox 675 2445 759 2509; x_wconf 87' lang='lat' dir='ltr'><strong>caput</strong></span> <span class='ocrx_word' id='word_1_192' title='bbox 778 2437 931 2508; x_wconf 81' lang='lat' dir='ltr'><strong>galeamm,</strong></span> <span class='ocrx_word' id='word_1_193' title='bbox 947 2433 1055 2507; x_wconf 88' lang='lat' dir='ltr'><strong>postica</strong></span> <span class='ocrx_word' id='word_1_194' title='bbox 1074 2433 1196 2505; x_wconf 82' lang='lat' dir='ltr'><strong>equitem</strong></span> <span class='ocrx_word' id='word_1_195' title='bbox 1214 2432 1280 2486; x_wconf 85' lang='lat' dir='ltr'><strong>has-</strong></span> 
     </span>
     <span class='ocr_line' id='line_1_23' title="bbox 250 2523 1284 2601; baseline 0 -23"><span class='ocrx_word' id='word_1_196' title='bbox 250 2531 353 2592; x_wconf 83' lang='lat' dir='ltr'><strong>tatum,</strong></span> <span class='ocrx_word' id='word_1_197' title='bbox 366 2541 428 2578; x_wconf 85' lang='lat' dir='ltr'><strong>cum</strong></span> <span class='ocrx_word' id='word_1_198' title='bbox 441 2525 595 2601; x_wconf 83' lang='lat' dir='ltr'><strong>epigraphe</strong></span> <span class='ocrx_word' id='word_1_199' title='bbox 608 2529 739 2584; x_wconf 79' lang='lat' dir='ltr'><strong>EBVRO.</strong></span> <span class='ocrx_word' id='word_1_200' title='bbox 749 2545 803 2600; x_wconf 90' lang='lat' dir='ltr'><strong>pro</strong></span> <span class='ocrx_word' id='word_1_201' title='bbox 812 2527 1013 2582; x_wconf 81' lang='lat' dir='ltr'><strong>EBVRONES.</strong></span> <span class='ocrx_word' id='word_1_202' title='bbox 1027 2525 1143 2598; x_wconf 83' lang='lat' dir='ltr'><strong>Legitur</strong></span> <span class='ocrx_word' id='word_1_203' title='bbox 1156 2523 1284 2598; x_wconf 85' lang='lat' dir='ltr'><strong>quando-</strong></span> 
     </span>
     <span class='ocr_line' id='line_1_24' title="bbox 249 2611 1283 2687; baseline 0.001 -19"><span class='ocrx_word' id='word_1_204' title='bbox 249 2631 305 2686; x_wconf 79' lang='lat' dir='ltr'><strong>que</strong></span> <span class='ocrx_word' id='word_1_205' title='bbox 318 2611 349 2668; x_wconf 88' lang='lat' dir='ltr'><strong>in</strong></span> <span class='ocrx_word' id='word_1_206' title='bbox 361 2625 441 2687; x_wconf 86' lang='lat' dir='ltr'><strong>parte</strong></span> <span class='ocrx_word' id='word_1_207' title='bbox 458 2617 549 2672; x_wconf 86' lang='lat' dir='ltr'><strong>antica</strong></span> <span class='ocrx_word' id='word_1_208' title='bbox 566 2618 750 2674; x_wconf 74' lang='lat' dir='ltr'><strong>Autstoulx</strong></span> <span class='ocrx_word' id='word_1_209' title='bbox 765 2618 810 2672; x_wconf 84' lang='lat' dir='ltr'><strong>rel</strong></span> <span class='ocrx_word' id='word_1_210' title='bbox 825 2618 972 2673; x_wconf 79' lang='lat' dir='ltr'><strong>TAMBIL.</strong></span> <span class='ocrx_word' id='word_1_211' title='bbox 990 2616 1150 2683; x_wconf 76' lang='lat' dir='ltr'><strong>Ambiorix,</strong></span> <span class='ocrx_word' id='word_1_212' title='bbox 1169 2616 1283 2671; x_wconf 87' lang='lat' dir='ltr'><strong>Eburo-</strong></span> 
     </span>
     <span class='ocr_line' id='line_1_25' title="bbox 250 2705 1282 2783; baseline 0.002 -24"><span class='ocrx_word' id='word_1_213' title='bbox 250 2723 318 2761; x_wconf 87' lang='lat' dir='ltr'><strong>num</strong></span> <span class='ocrx_word' id='word_1_214' title='bbox 332 2705 476 2780; x_wconf 86' lang='lat' dir='ltr'><strong>princeps,</strong></span> <span class='ocrx_word' id='word_1_215' title='bbox 496 2707 652 2783; x_wconf 82' lang='lat' dir='ltr'><strong>significare</strong></span> <span class='ocrx_word' id='word_1_216' title='bbox 672 2709 757 2764; x_wconf 88' lang='lat' dir='ltr'><strong>debet</strong></span> <span class='ocrx_word' id='word_1_217' title='bbox 774 2709 975 2764; x_wconf 74' lang='lat' dir='ltr'><strong>Ambruuorum</strong></span> <span class='ocrx_word' id='word_1_218' title='bbox 995 2727 1061 2774; x_wconf 61' lang='lat' dir='ltr'><strong>rem</strong></span> <span class='ocrx_word' id='word_1_219' title='bbox 1075 2719 1122 2763; x_wconf 88' lang='lat' dir='ltr'><strong>aut</strong></span> <span class='ocrx_word' id='word_1_220' title='bbox 1137 2708 1252 2771; x_wconf 88' lang='lat' dir='ltr'><strong>rectius,</strong></span> <span class='ocrx_word' id='word_1_221' title='bbox 1267 2725 1282 2759; x_wconf 84' lang='lat' dir='ltr'><strong>a</strong></span> 
     </span>
     <span class='ocr_line' id='line_1_26' title="bbox 250 2794 1284 2876; baseline -0.004 -22"><span class='ocrx_word' id='word_1_222' title='bbox 250 2815 341 2870; x_wconf 69' lang='lat' dir='ltr'><strong>grasso</strong></span> <span class='ocrx_word' id='word_1_223' title='bbox 350 2795 433 2868; x_wconf 67' lang='lat' dir='ltr'><strong>ituri,</strong></span> <span class='ocrx_word' id='word_1_224' title='bbox 442 2801 527 2856; x_wconf 88' lang='lat' dir='ltr'><strong>latine</strong></span> <span class='ocrx_word' id='word_1_225' title='bbox 537 2803 631 2867; x_wconf 81' lang='lat' dir='ltr'><strong>amb-,</strong></span> <span class='ocrx_word' id='word_1_226' title='bbox 645 2801 764 2870; x_wconf 83' lang='lat' dir='ltr'><strong>circum,</strong></span> <span class='ocrx_word' id='word_1_227' title='bbox 777 2797 824 2871; x_wconf 61' lang='lat' dir='ltr'><strong>tte,</strong></span> <span class='ocrx_word' id='word_1_228' title='bbox 832 2801 965 2876; x_wconf 86' lang='lat' dir='ltr'><strong>jaculum,</strong></span> <span class='ocrx_word' id='word_1_229' title='bbox 974 2794 1027 2869; x_wconf 79' lang='lat' dir='ltr'><strong>ir&#39;u,</strong></span> <span class='ocrx_word' id='word_1_230' title='bbox 1036 2800 1159 2866; x_wconf 64' lang='lat' dir='ltr'><strong>mittem</strong></span> <span class='ocrx_word' id='word_1_231' title='bbox 1168 2800 1229 2852; x_wconf 85' lang='lat' dir='ltr'><strong>Rex</strong></span> <span class='ocrx_word' id='word_1_232' title='bbox 1236 2797 1284 2870; x_wconf 91' lang='lat' dir='ltr'><strong>qui</strong></span> 
     </span>
     <span class='ocr_line' id='line_1_27' title="bbox 252 2886 1284 2966; baseline -0.001 -24"><span class='ocrx_word' id='word_1_233' title='bbox 252 2889 415 2964; x_wconf 86' lang='lat' dir='ltr'><strong>circumjicit</strong></span> <span class='ocrx_word' id='word_1_234' title='bbox 421 2892 512 2963; x_wconf 86' lang='lat' dir='ltr'><strong>jacula</strong></span> <span class='ocrx_word' id='word_1_235' title='bbox 524 2893 570 2948; x_wconf 86' lang='lat' dir='ltr'><strong>vel</strong></span> <span class='ocrx_word' id='word_1_236' title='bbox 583 2892 711 2966; x_wconf 81' lang='lat' dir='ltr'><strong>sagittas,</strong></span> <span class='ocrx_word' id='word_1_237' title='bbox 723 2892 795 2948; x_wconf 86' lang='lat' dir='ltr'><strong>sieut</strong></span> <span class='ocrx_word' id='word_1_238' title='bbox 808 2888 873 2951; x_wconf 74' lang='lat' dir='ltr'><strong>liius</strong></span> <span class='ocrx_word' id='word_1_239' title='bbox 882 2893 929 2947; x_wconf 84' lang='lat' dir='ltr'><strong>vel</strong></span> <span class='ocrx_word' id='word_1_240' title='bbox 941 2889 1009 2960; x_wconf 74' lang='lat' dir='ltr'><strong>iliis„</strong></span> <span class='ocrx_word' id='word_1_241' title='bbox 1018 2891 1134 2964; x_wconf 81' lang='lat' dir='ltr'><strong>Apollo,</strong></span> <span class='ocrx_word' id='word_1_242' title='bbox 1143 2886 1284 2960; x_wconf 86' lang='lat' dir='ltr'><strong>jaculandi</strong></span> 
     </span>
     <span class='ocr_line' id='line_1_28' title="bbox 252 2980 1284 3056; baseline 0 -23"><span class='ocrx_word' id='word_1_243' title='bbox 252 2980 374 3050; x_wconf 76' lang='lat' dir='ltr'><strong>peritus,</strong></span> <span class='ocrx_word' id='word_1_244' title='bbox 387 2983 462 3038; x_wconf 89' lang='lat' dir='ltr'><strong>unde</strong></span> <span class='ocrx_word' id='word_1_245' title='bbox 475 2995 503 3039; x_wconf 90' lang='lat' dir='ltr'><strong>et</strong></span> <span class='ocrx_word' id='word_1_246' title='bbox 512 2983 649 3042; x_wconf 85' lang='lat' dir='ltr'><strong>Ambiani</strong></span> <span class='ocrx_word' id='word_1_247' title='bbox 652 3003 663 3050; x_wconf 91' lang='lat'><strong>,·</strong></span> <span class='ocrx_word' id='word_1_248' title='bbox 680 2983 750 3039; x_wconf 88' lang='lat' dir='ltr'><strong>sicut</strong></span> <span class='ocrx_word' id='word_1_249' title='bbox 765 2984 881 3040; x_wconf 73' lang='lat' dir='ltr'><strong>Sanctus</strong></span> <span class='ocrx_word' id='word_1_250' title='bbox 899 2985 1063 3056; x_wconf 70' lang='lat' dir='ltr'><strong>Quintium,</strong></span> <span class='ocrx_word' id='word_1_251' title='bbox 1084 2981 1284 3038; x_wconf 78' lang='lat' dir='ltr'><strong>Ambianorum</strong></span> 
     </span>
     <span class='ocr_line' id='line_1_29' title="bbox 253 3071 1284 3148; baseline 0.002 -24"><span class='ocrx_word' id='word_1_252' title='bbox 253 3079 281 3124; x_wconf 87' lang='lat' dir='ltr'><strong>et</strong></span> <span class='ocrx_word' id='word_1_253' title='bbox 294 3071 558 3130; x_wconf 77' lang='lat' dir='ltr'><strong>veromanduorum</strong></span> <span class='ocrx_word' id='word_1_254' title='bbox 571 3075 728 3148; x_wconf 87' lang='lat' dir='ltr'><strong>apostolus,</strong></span> <span class='ocrx_word' id='word_1_255' title='bbox 741 3079 828 3132; x_wconf 79' lang='lat' dir='ltr'><strong>contis</strong></span> <span class='ocrx_word' id='word_1_256' title='bbox 841 3073 1004 3144; x_wconf 79' lang='lat' dir='ltr'><strong>transfixus,</strong></span> <span class='ocrx_word' id='word_1_257' title='bbox 1017 3086 1046 3130; x_wconf 91' lang='lat' dir='ltr'><strong>et</strong></span> <span class='ocrx_word' id='word_1_258' title='bbox 1061 3074 1136 3146; x_wconf 72' lang='lat' dir='ltr'><strong>cuijus</strong></span> <span class='ocrx_word' id='word_1_259' title='bbox 1149 3091 1253 3128; x_wconf 91' lang='lat' dir='ltr'><strong>nomen</strong></span> <span class='ocrx_word' id='word_1_260' title='bbox 1270 3089 1284 3126; x_wconf 91' lang='lat' dir='ltr'><strong>a</strong></span> 
     </span>
     <span class='ocr_line' id='line_1_30' title="bbox 254 3156 1288 3239; baseline 0 -23"><span class='ocrx_word' id='word_1_261' title='bbox 254 3156 360 3229; x_wconf 78' lang='lat' dir='ltr'><strong>uirros,</strong></span> <span class='ocrx_word' id='word_1_262' title='bbox 376 3165 572 3231; x_wconf 83' lang='lat' dir='ltr'><strong>contus,hasta</strong></span> <span class='ocrx_word' id='word_1_263' title='bbox 586 3167 672 3239; x_wconf 85' lang='lat' dir='ltr'><strong>longa</strong></span> <span class='ocrx_word' id='word_1_264' title='bbox 689 3177 717 3222; x_wconf 91' lang='lat' dir='ltr'><strong>et</strong></span> <span class='ocrx_word' id='word_1_265' title='bbox 732 3167 848 3222; x_wconf 86' lang='lat' dir='ltr'><strong>robusta</strong></span> <span class='ocrx_word' id='word_1_266' title='bbox 865 3167 988 3234; x_wconf 87' lang='lat' dir='ltr'><strong>nautica,</strong></span> <span class='ocrx_word' id='word_1_267' title='bbox 1005 3166 1159 3233; x_wconf 60' lang='lat' dir='ltr'><strong>derivatum</strong></span> <span class='ocrx_word' id='word_1_268' title='bbox 1177 3158 1288 3220; x_wconf 72' lang='lat' dir='ltr'><strong>Ta‘mbii</strong></span> 
     </span>
     <span class='ocr_line' id='line_1_31' title="bbox 256 3255 1288 3333; baseline 0.002 -25"><span class='ocrx_word' id='word_1_269' title='bbox 256 3271 323 3308; x_wconf 81' lang='lat' dir='ltr'><strong>vero</strong></span> <span class='ocrx_word' id='word_1_270' title='bbox 342 3270 394 3326; x_wconf 90' lang='lat' dir='ltr'><strong>pro</strong></span> <span class='ocrx_word' id='word_1_271' title='bbox 416 3255 567 3324; x_wconf 79' lang='lat' dir='ltr'><strong>Tambilos,</strong></span> <span class='ocrx_word' id='word_1_272' title='bbox 585 3267 726 3333; x_wconf 82' lang='lat' dir='ltr'><strong>stuporem</strong></span> <span class='ocrx_word' id='word_1_273' title='bbox 739 3257 879 3331; x_wconf 82' lang='lat' dir='ltr'><strong>injiciens,</strong></span> <span class='ocrx_word' id='word_1_274' title='bbox 895 3257 964 3313; x_wconf 86' lang='lat' dir='ltr'><strong>sicut</strong></span> <span class='ocrx_word' id='word_1_275' title='bbox 977 3257 1099 3313; x_wconf 88' lang='lat' dir='ltr'><strong>Palladis</strong></span> <span class='ocrx_word' id='word_1_276' title='bbox 1107 3259 1152 3312; x_wconf 84' lang='lat' dir='ltr'><strong>vel</strong></span> <span class='ocrx_word' id='word_1_277' title='bbox 1165 3258 1288 3313; x_wconf 78' lang='lat' dir='ltr'><strong>Medusae</strong></span> 
     </span>
     <span class='ocr_line' id='line_1_32' title="bbox 255 3343 757 3422; baseline 0.004 -20"><span class='ocrx_word' id='word_1_278' title='bbox 255 3355 354 3419; x_wconf 81' lang='lat' dir='ltr'><strong>caput,</strong></span> <span class='ocrx_word' id='word_1_279' title='bbox 369 3359 386 3401; x_wconf 84' lang='lat' dir='ltr'><strong>a</strong></span> <span class='ocrx_word' id='word_1_280' title='bbox 403 3363 473 3402; x_wconf 85' lang='lat' dir='ltr'><strong>voce</strong></span> <span class='ocrx_word' id='word_1_281' title='bbox 487 3363 577 3420; x_wconf 62' lang='lat' dir='ltr'><strong>greca</strong></span> <span class='ocrx_word' id='word_1_282' title='bbox 592 3343 757 3422; x_wconf 68' lang='grc' dir='ltr'><strong>θαμβοιλέος.</strong></span> 
     </span>
    </p>
   </div>
   <div class='ocr_carea' id='block_1_10' title="bbox 256 3495 1291 4028">
    <p class='ocr_par' dir='ltr' id='par_1_10' title="bbox 256 3495 1291 4028">
     <span class='ocr_line' id='line_1_33' title="bbox 295 3495 1288 3573; baseline -0.001 -21"><span class='ocrx_word' id='word_1_283' title='bbox 295 3496 360 3552; x_wconf 70' lang='lat' dir='ltr'><strong>Cur.</strong></span> <span class='ocrx_word' id='word_1_284' title='bbox 372 3495 443 3556; x_wconf 82' lang='lat' dir='ltr'><strong>HV.</strong></span> <span class='ocrx_word' id='word_1_285' title='bbox 463 3495 641 3571; x_wconf 69' lang='lat' dir='ltr'><strong>Moritasgus.</strong></span> <span class='ocrx_word' id='word_1_286' title='bbox 652 3499 695 3554; x_wconf 84' lang='lat' dir='ltr'><strong>Ex</strong></span> <span class='ocrx_word' id='word_1_287' title='bbox 703 3498 796 3554; x_wconf 84' lang='lat' dir='ltr'><strong>multis</strong></span> <span class='ocrx_word' id='word_1_288' title='bbox 805 3499 1034 3573; x_wconf 80' lang='lat' dir='ltr'><strong>inscriptionibus</strong></span> <span class='ocrx_word' id='word_1_289' title='bbox 1044 3499 1156 3570; x_wconf 85' lang='lat' dir='ltr'><strong>conjicit</strong></span> <span class='ocrx_word' id='word_1_290' title='bbox 1166 3499 1288 3552; x_wconf 87' lang='lat' dir='ltr'><strong>Thomas</strong></span> 
     </span>
     <span class='ocr_line' id='line_1_34' title="bbox 256 3587 1289 3663; baseline -0.004 -17"><span class='ocrx_word' id='word_1_291' title='bbox 256 3587 417 3657; x_wconf 67' lang='lat' dir='ltr'><strong>uetustius,</strong></span> <span class='ocrx_word' id='word_1_292' title='bbox 431 3587 549 3661; x_wconf 86' lang='lat' dir='ltr'><strong>epistola</strong></span> <span class='ocrx_word' id='word_1_293' title='bbox 562 3587 616 3658; x_wconf 76' lang='lat'><strong>67,</strong></span> <span class='ocrx_word' id='word_1_294' title='bbox 634 3590 783 3662; x_wconf 88' lang='lat' dir='ltr'><strong>quemdam</strong></span> <span class='ocrx_word' id='word_1_295' title='bbox 801 3592 945 3646; x_wconf 89' lang='lat' dir='ltr'><strong>Gallorum</strong></span> <span class='ocrx_word' id='word_1_296' title='bbox 961 3591 1044 3646; x_wconf 81' lang='lat' dir='ltr'><strong>luisse</strong></span> <span class='ocrx_word' id='word_1_297' title='bbox 1060 3590 1125 3646; x_wconf 92' lang='lat' dir='ltr'><strong>buic</strong></span> <span class='ocrx_word' id='word_1_298' title='bbox 1142 3589 1289 3663; x_wconf 82' lang='lat' dir='ltr'><strong>cognomi-</strong></span> 
     </span>
     <span class='ocr_line' id='line_1_35' title="bbox 257 3665 1290 3754; baseline -0.001 -18"><span class='ocrx_word' id='word_1_299' title='bbox 257 3699 330 3736; x_wconf 88' lang='lat' dir='ltr'><strong>uem.</strong></span> <span class='ocrx_word' id='word_1_300' title='bbox 343 3679 427 3736; x_wconf 90' lang='lat' dir='ltr'><strong>Unde</strong></span> <span class='ocrx_word' id='word_1_301' title='bbox 441 3679 547 3752; x_wconf 82' lang='lat' dir='ltr'><strong>colligit</strong></span> <span class='ocrx_word' id='word_1_302' title='bbox 563 3679 636 3735; x_wconf 84' lang='lat' dir='ltr'><strong>idern</strong></span> <span class='ocrx_word' id='word_1_303' title='bbox 653 3681 775 3754; x_wconf 88' lang='lat' dir='ltr'><strong>aliquem</strong></span> <span class='ocrx_word' id='word_1_304' title='bbox 791 3677 930 3752; x_wconf 75' lang='grc' dir='ltr'><strong><em>ὁμώνυμον</em></strong></span> <span class='ocrx_word' id='word_1_305' title='bbox 944 3699 959 3735; x_wconf 97' lang='lat' dir='ltr'><strong>e</strong></span> <span class='ocrx_word' id='word_1_306' title='bbox 977 3665 1129 3752; x_wconf 85' lang='lat' dir='ltr'><strong>majoribus</strong></span> <span class='ocrx_word' id='word_1_307' title='bbox 1142 3679 1290 3752; x_wconf 85' lang='lat' dir='ltr'><strong>Moritasgi</strong></span> 
     </span>
     <span class='ocr_line' id='line_1_36' title="bbox 258 3770 1290 3844; baseline -0.002 -18"><span class='ocrx_word' id='word_1_308' title='bbox 258 3771 347 3828; x_wconf 89' lang='lat' dir='ltr'><strong>nostri</strong></span> <span class='ocrx_word' id='word_1_309' title='bbox 356 3790 373 3826; x_wconf 91' lang='lat' dir='ltr'><strong>a</strong></span> <span class='ocrx_word' id='word_1_310' title='bbox 381 3771 437 3826; x_wconf 87' lang='lat' dir='ltr'><strong>suis</strong></span> <span class='ocrx_word' id='word_1_311' title='bbox 445 3770 484 3825; x_wconf 93' lang='lat' dir='ltr'><strong>ob</strong></span> <span class='ocrx_word' id='word_1_312' title='bbox 493 3771 592 3828; x_wconf 86' lang='lat' dir='ltr'><strong>merita</strong></span> <span class='ocrx_word' id='word_1_313' title='bbox 603 3791 658 3844; x_wconf 91' lang='lat' dir='ltr'><strong>pro</strong></span> <span class='ocrx_word' id='word_1_314' title='bbox 670 3773 725 3828; x_wconf 86' lang='lat' dir='ltr'><strong>deo</strong></span> <span class='ocrx_word' id='word_1_315' title='bbox 738 3773 864 3828; x_wconf 83' lang='lat' dir='ltr'><strong>habiturn</strong></span> <span class='ocrx_word' id='word_1_316' title='bbox 880 3771 976 3840; x_wconf 82' lang='lat' dir='ltr'><strong>fuisse3</strong></span> <span class='ocrx_word' id='word_1_317' title='bbox 988 3772 1027 3837; x_wconf 77' lang='lat' dir='ltr'><strong>ita</strong></span> <span class='ocrx_word' id='word_1_318' title='bbox 1039 3772 1175 3828; x_wconf 85' lang='lat' dir='ltr'><strong>Davisius.</strong></span> <span class='ocrx_word' id='word_1_319' title='bbox 1190 3772 1290 3828; x_wconf 77' lang='lat' dir='ltr'><strong>Alesiae</strong></span> 
     </span>
     <span class='ocr_line' id='line_1_37' title="bbox 256 3861 1289 3937; baseline -0.001 -19"><span class='ocrx_word' id='word_1_320' title='bbox 256 3871 365 3935; x_wconf 88' lang='lat' dir='ltr'><strong>reperta</strong></span> <span class='ocrx_word' id='word_1_321' title='bbox 384 3861 449 3928; x_wconf 83' lang='lat' dir='ltr'><strong>luit,</strong></span> <span class='ocrx_word' id='word_1_322' title='bbox 463 3880 539 3916; x_wconf 88' lang='lat' dir='ltr'><strong>anno</strong></span> <span class='ocrx_word' id='word_1_323' title='bbox 556 3861 646 3931; x_wconf 80' lang='lat'><strong>1652,</strong></span> <span class='ocrx_word' id='word_1_324' title='bbox 664 3864 808 3936; x_wconf 87' lang='lat' dir='ltr'><strong>inscriptio</strong></span> <span class='ocrx_word' id='word_1_325' title='bbox 825 3863 856 3918; x_wconf 92' lang='lat' dir='ltr'><strong>in</strong></span> <span class='ocrx_word' id='word_1_326' title='bbox 869 3882 923 3937; x_wconf 90' lang='lat' dir='ltr'><strong>qua</strong></span> <span class='ocrx_word' id='word_1_327' title='bbox 936 3864 1060 3937; x_wconf 82' lang='lat' dir='ltr'><strong>porticus</strong></span> <span class='ocrx_word' id='word_1_328' title='bbox 1074 3864 1289 3937; x_wconf 80' lang='lat' dir='ltr'><strong>deoMoritasgo</strong></span> 
     </span>
     <span class='ocr_line' id='line_1_38' title="bbox 257 3950 1291 4028; baseline 0 -20"><span class='ocrx_word' id='word_1_329' title='bbox 257 3953 343 4028; x_wconf 87' lang='lat' dir='ltr'><strong>positi</strong></span> <span class='ocrx_word' id='word_1_330' title='bbox 355 3952 461 4006; x_wconf 83' lang='lat' dir='ltr'><strong>mentio</strong></span> <span class='ocrx_word' id='word_1_331' title='bbox 477 3950 516 4007; x_wconf 89' lang='lat' dir='ltr'><strong>fit.</strong></span> <span class='ocrx_word' id='word_1_332' title='bbox 536 3955 645 4010; x_wconf 81' lang='lat' dir='ltr'><strong>brotier</strong></span> <span class='ocrx_word' id='word_1_333' title='bbox 662 3955 743 4009; x_wconf 89' lang='lat' dir='ltr'><strong>deurn</strong></span> <span class='ocrx_word' id='word_1_334' title='bbox 760 3955 838 4009; x_wconf 87' lang='lat' dir='ltr'><strong>illum</strong></span> <span class='ocrx_word' id='word_1_335' title='bbox 852 3975 911 4010; x_wconf 87' lang='lat' dir='ltr'><strong>esse</strong></span> <span class='ocrx_word' id='word_1_336' title='bbox 929 3955 1020 4028; x_wconf 84' lang='lat' dir='ltr'><strong>ipsum</strong></span> <span class='ocrx_word' id='word_1_337' title='bbox 1034 3955 1231 4028; x_wconf 81' lang='lat' dir='ltr'><strong>Moritasgum,</strong></span> <span class='ocrx_word' id='word_1_338' title='bbox 1246 3973 1291 4009; x_wconf 88' lang='lat' dir='ltr'><strong>re·</strong></span> 
     </span>
    </p>
   </div>
   <div class='ocr_carea' id='block_1_11' title="bbox 0 0 1561 4766">
    <p class='ocr_par' dir='ltr' id='par_1_11' title="bbox 0 0 1561 4766">
     <span class='ocr_line' id='line_1_39' title="bbox 0 0 1561 4766; baseline 0 0"><span class='ocrx_word' id='word_1_339' title='bbox 0 0 1561 4766; x_wconf 95' lang='lat' dir='ltr'><strong> </strong></span> 
     </span>
    </p>
   </div>
  </div>
 </body>
</html>
