3014 4780
492 423 543 478 DE
565 423 686 480 BELLO
707 423 953 482 HlSPANIENSI.
1175 449 1232 506 ²79

198 552 360 642 Ateguam
389 571 598 642 oppugnare,
625 561 658 616 et
688 547 821 617 brachia
849 549 1095 620 circumducere
1123 557 1229 647 coepit.

199 669 302 762 Cujus
321 667 369 736 rei
388 669 546 760 Pompeio
564 691 667 760 quum
695 670 830 738 nuntius
853 683 935 738 esset
957 667 1089 758 allatus,
1112 697 1151 742 eo
1177 672 1231 742 die

199 787 429 881 proficiscitur.
449 787 552 879 Cujus
569 788 604 856 in
621 786 821 888 adventum,
838 788 981 880 presidii
997 813 1109 876 causa,
1122 793 1231 863 Caesar

199 905 369 1000 complura
386 904 517 974 castella
529 887 725 1001 occupavit,
747 907 866 1002 partim
878 907 935 976 ubi
949 909 1136 1000 equitatus,
1154 935 1229 1004 par-

200 1029 258 1095 tim
280 1027 335 1096 ubi
352 1026 510 1120 pedestris
527 1029 622 1120 copia
637 1029 670 1095 in
685 1028 826 1096 statione
841 1041 876 1096 et
894 1029 928 1094 iu
946 1027 1100 1098 excubitu
1116 1032 1229 1099 castris

199 1146 349 1240 prsesidio
374 1170 443 1216 esse
462 1160 604 1240 possent.
622 1147 684 1216 Hic
702 1148 737 1215 in
762 1145 907 1216 adventu
925 1149 1074 1241 Pompeii
1093 1148 1228 1238 incidit,

198 1281 238 1336 ut
254 1267 417 1337 matutino
433 1281 583 1363 tempure
598 1264 720 1335 nebula
736 1281 820 1336 esset
837 1269 1046 1336 crassissima.
1061 1271 1177 1362 Itaque
1194 1270 1228 1338 in

199 1385 254 1455 illa
268 1386 497 1456 obscuratione
508 1411 584 1456 cum
596 1384 723 1477 aliquot
736 1386 927 1456 cohortibus
941 1401 975 1456 et
991 1369 1139 1480 equitum
1154 1403 1226 1458 tur-

199 1507 260 1575 mis
272 1505 537 1576 circumcludunt
557 1507 695 1576 Caesaris
711 1486 834 1598 equites
850 1519 884 1574 et
901 1507 1102 1592 concidunt,
1116 1509 1178 1593 sic,
1191 1521 1228 1577 ut

200 1629 254 1695 vix
272 1628 306 1695 in
325 1651 364 1695 ea
380 1625 468 1695 caede
487 1627 584 1719 pauci
601 1625 793 1719 effugerent

246 1749 321 1816 vtl.
343 1747 535 1838 Insequenti
556 1759 652 1814 nocte
669 1758 773 1814 castra
790 1768 848 1814 sua
869 1744 1016 1814 incendit
1033 1747 1227 1841 Pompeius,

199 1881 232 1934 et
259 1864 487 1934 transflumen
513 1862 641 1933 Salsum
659 1887 718 1957 per
735 1863 899 1934 convalles
926 1879 1032 1934 castra
1055 1864 1227 1934 interduo

198 1982 335 2078 oppida,
352 1988 512 2078 Ateguam
528 1998 561 2052 et
569 1983 732 2070 Ucubim,
746 1985 781 2052 in
794 1999 907 2054 monte
925 1986 1103 2054 constituit
1120 1987 1227 2056 Caesar

198 2105 234 2171 in
254 2102 512 2192 munitionibus,
527 2105 706 2197 ceterisque
721 2128 793 2197 quae
803 2103 845 2173 nd
855 2104 1015 2198 oppidum
1029 2129 1226 2200 oppugnan-

198 2222 279 2292 dum
297 2249 381 2320 opus
406 2224 565 2311 fuerunt,
584 2247 735 2318 aggerem
762 2225 939 2317 vineasque
958 2249 1055 2319 agere
1075 2227 1223 2296 instituit.

196 2348 276 2412 Haec
296 2342 368 2413 loca
389 2359 467 2412 sunt
491 2358 685 2430 montuosa,
704 2357 738 2411 et
756 2357 873 2412 natura
889 2343 976 2412 edita
991 2343 1034 2413 ad
1051 2369 1121 2414 rem
1140 2345 1226 2414 mili-

196 2479 321 2548 tarem;
337 2488 409 2557 qua
428 2462 562 2558 planitie
581 2461 774 2532 dividuntur
792 2461 886 2530 Salso
907 2462 1062 2547 flumine,
1077 2465 1226 2556 proxime

196 2598 306 2653 tamen
321 2589 496 2678 Ateguam,
512 2596 549 2650 ut
563 2581 605 2650 ad
618 2581 740 2649 llumen
761 2580 826 2649 sint
842 2582 973 2650 circiter
989 2605 1144 2675 passuum
1159 2581 1225 2653 duo

196 2703 311 2772 millia.
329 2707 380 2771 Ex
397 2727 435 2771 ea
458 2703 590 2795 regione
606 2699 720 2794 oppidi
738 2701 773 2768 in
792 2700 960 2768 montibus
982 2716 1086 2770 castra
1110 2701 1226 2772 babuit

195 2823 375 2915 Pompeius
395 2821 428 2888 in
448 2835 626 2914 conspectu
650 2833 866 2913 utrorumque
885 2817 1101 2913 oppidorum,
1120 2845 1225 2914 neque

196 2944 266 3012 suis
283 2965 383 3011 ausus
401 2957 450 3010 est
471 2939 615 3010 subsidio
636 2941 760 3010 venire.
780 2938 915 3035 Aquilas
940 2955 974 3009 et
997 2941 1088 3034 signa
1110 2941 1225 3011 babuit
1274 2957 1278 2966 ·

196 3086 264 3132 1111
278 3061 443 3155 legionum
455 3086 466 3146 ;
480 3061 555 3149 sed,
575 3061 746 3154 exquibus
766 3058 890 3153 aliquid
904 3059 1148 3128 firmamentise
1159 3061 1225 3128 exi·

195 3181 351 3252 stimubat
363 3181 499 3268 habere,
519 3181 592 3250 dun
607 3181 741 3250 fuerunt
761 3179 953 3266 vernaculae,
973 3204 1045 3273 quae
1064 3204 1082 3248 a
1100 3179 1224 3249 Trebo-

194 3303 252 3372 nio
274 3301 532 3396 transfugerant3
554 3325 635 3390 uua,
654 3302 737 3371 sacta
754 3325 792 3369 ex
820 3300 978 3385 coloniis,
1001 3324 1075 3394 quae
1092 3300 1226 3369 fuerunt

194 3425 228 3492 iu
244 3423 295 3492 his
307 3423 514 3516 regionibus;
524 3435 640 3515 quarta
658 3419 720 3519 luit
736 3420 912 3490 Afraniana
921 3445 962 3489 ex
979 3419 1109 3507 Africa,
1123 3443 1223 3512 quam

194 3567 304 3612 seeum
331 3540 534 3625 adduxerat3
551 3539 684 3633 reliquae
705 3563 744 3608 ea
760 3539 904 3634 fugitivis
926 3537 1099 3608 auxiliares
1115 3539 1223 3606 consi·

194 3663 350 3732 stebent:
373 3685 473 3745 nam,
490 3660 531 3730 de
553 3660 616 3729 levi
635 3673 802 3728 armatura
825 3671 858 3726 et
878 3659 1042 3751 equitatu,
1068 3654 1165 3749 louge
1190 3671 1224 3724 et

195 3783 315 3850 virtute
332 3796 366 3850 et
381 3805 521 3850 numero
535 3782 639 3850 nostri
658 3794 753 3848 erant
773 3779 966 3872 superiores.

242 3901 334 3967 vul.
354 3899 538 3970 Accedebat
550 3901 632 3986 huc,
646 3915 685 3969 ut
698 3897 828 3994 longius
843 3895 967 3966 bellum
979 3896 1114 3967 duceret
1129 3897 1225 3964 Pom·

197 4017 311 4110 peius,
335 4017 422 4109 quod
442 4018 513 4087 loca
532 4032 609 4088 suut
627 4017 730 4106 edita,
749 4033 781 4087 et
804 4016 845 4086 ad
864 4031 1046 4086 castrorum
1064 4013 1221 4110 munitio·
