3050 4772
343 325 374 380 C.
394 326 493 382 JULll
513 327 678 384 CAESARIS
699 327 821 386 COMM.
842 331 894 386 DE
916 330 1036 397 mio
1055 333 1164 390 GALL.
1216 333 1270 390 ¹63

230 467 389 544 poscunt,
405 454 463 546 qui
479 449 558 520 belli
573 453 706 524 initium
722 453 860 544 faciant,
877 469 910 524 et
925 457 975 526 sui
988 458 1106 551 capitis
1122 459 1271 550 periculo

230 571 375 642 Galliam
400 575 433 641 in
460 571 646 642 libertatem
673 573 853 644 vindicent.
872 577 953 670 Ejus
975 577 1011 645 iu
1035 579 1151 670 primis
1172 581 1271 650 ratio-

232 715 307 762 uem
336 691 521 762 habendam
551 690 684 790 dicunt,
708 693 903 788 priusquam
928 719 1044 766 corum
1066 693 1272 768 clandestina

232 809 369 883 consilia
392 809 586 900 efferantur,
606 824 643 878 ut
658 815 769 882 Caesar
787 814 828 882 ab
851 815 999 884 exercitu
1017 814 1272 904 intercludatur,

233 931 267 1008 id
283 957 352 1002 esse
366 929 475 1017 facile,
490 931 580 1024 quod
598 958 705 1026 neque
725 932 887 1030 legiones,
905 935 1040 1008 absente
1059 937 1272 1030 imperatore,

233 1051 377 1121 audeant
399 1075 440 1118 ex
460 1051 607 1121 hibernis
630 1054 760 1148 egredi,
780 1079 887 1149 neque
908 1056 1088 1150 imperator
1104 1057 1175 1128 siue
1194 1079 1273 1149 prm-

233 1171 318 1242 sidio
346 1170 389 1242 ad
416 1169 562 1265 legiones
586 1175 761 1266 pervenire
788 1177 912 1269 possit3
928 1251 929 1254 Ἴ
943 1165 1111 1268 postremo
1139 1176 1173 1242 in
1203 1175 1273 1248 acie

235 1306 388 1385 prestare
401 1291 559 1380 interfici,
571 1317 673 1385 quam
687 1319 756 1368 non
768 1309 911 1367 veterem
924 1293 1003 1363 belli
1018 1293 1159 1390 gloriam
1175 1292 1269 1365 liber·

235 1426 420 1505 testemque,
436 1435 536 1504 quarn
553 1437 572 1481 a
591 1413 772 1507 majoribus
789 1415 994 1508 acceperint,
1009 1438 1214 1509 recuperare.

281 1535 324 1601 ΙΙ.
351 1533 412 1602 His
437 1533 534 1602 rebus
557 1534 704 1628 agitatis,
728 1533 927 1628 profitentur
944 1537 1122 1618 Carnutes,
1142 1559 1176 1606 se
1196 1533 1274 1602 nul·
1378 1579 1380 1584 .

234 1651 303 1748 lum
326 1650 510 1747 periculum
534 1654 720 1723 communis
741 1651 855 1726 salutis
875 1676 972 1722 cansa
995 1677 1163 1738 recusam
1184 1654 1275 1746 prin-

235 1775 390 1870 cipesque
413 1798 453 1842 cx
480 1773 636 1856 omnibus
664 1769 791 1844 bellum
817 1773 961 1844 facturos
985 1771 1201 1866 pollicentur3
1226 1788 1274 1857 et,

235 1893 393 1987 pannium
408 1893 442 1966 in
458 1893 632 1986 prasentia
651 1893 820 1964 obsidibus
835 1893 1054 1963 cavereinter
1069 1917 1104 1963 se
1120 1917 1188 1964 non
1201 1917 1276 1988 pos-

237 2015 320 2100 sint,
346 2038 387 2082 ne
406 2038 459 2082 res
482 2011 653 2100 efferatur,
672 2027 711 2081 ut
725 2011 943 2106 jurejurando
966 2037 1005 2082 ao
1024 2010 1090 2082 lide
1109 2012 1276 2083 sanciatur

238 2148 372 2228 petunt,
388 2130 515 2202 collatis
531 2130 730 2202 militaribus
750 2132 851 2226 signis
866 2133 951 2226 (quo
967 2157 1060 2202 more
1073 2156 1189 2224 eorum
1204 2156 1276 2228 gra

238 2254 378 2324 vissirnae
397 2252 593 2322 caerimoniae
612 2253 860 2346 continentur),
881 2277 938 2340 ne,
955 2252 1045 2324 sacto
1063 2254 1159 2324 initio
1183 2252 1277 2342 belli,

237 2372 278 2442 ab
292 2371 428 2466 reliquis
439 2371 643 2445 deserantur.
653 2374 755 2460 Tum,
770 2369 964 2442 collaudatis
974 2375 1189 2461 Carnutibus,
1201 2373 1279 2444 dato

236 2493 454 2586 jurejurando
475 2494 516 2561 ab
535 2492 690 2564 omnibus
710 2494 767 2585 qui
786 2491 944 2578 aderant,
969 2499 1119 2586 tenpore
1141 2495 1212 2586 ejus
1231 2495 1279 2566 rei

240 2613 439 2696 constituto,
458 2612 500 2680 ab
517 2609 660 2683 concilio
678 2609 867 2684 disceditur.

287 2734 346 2802 111.
367 2728 436 2800 Ubi
452 2753 491 2798 ea
513 2729 583 2800 dics
601 2732 708 2817 venit,
723 2731 1063 2818 Carnutes„Cotuato
1080 2745 1114 2798 et
1134 2733 1295 2800 Conato·'

239 2853 331 2922 duno
363 2848 516 2944 ducibus,
553 2847 733 2942 desperatis
760 2849 968 2937 hominibus,
996 2848 1172 2919 Cenabum
1203 2848 1281 2920 dato

240 2973 334 3067 signo
367 2982 593 3054 concurrunt,
625 2969 779 3063 civesque
809 2993 964 3040 romanos
998 2970 1055 3062 qui
1091 2969 1280 3062 negotiandi

214 3090 219 3098 '
241 3115 338 3162 causa
354 3091 400 3159 ibi
416 3091 653 3178 constiterant,
675 3089 710 3159 in
730 3088 781 3156 his
803 3091 841 3159 C.
862 3088 996 3158 Fusium
1017 3089 1143 3178 Citam,
1163 3090 1282 3160 hones-

243 3225 313 3281 tum
334 3211 480 3304 equitnm
497 3232 690 3297 romanum,
709 3210 767 3302 qui
786 3210 835 3278 rei
852 3208 1074 3280 frumentariae
1093 3210 1188 3306 jussu
1210 3211 1282 3280 Cn·

242 3332 324 3400 saris
349 3345 504 3426 praeerat,
533 3330 754 3417 interficiunt,
782 3331 936 3422 bonaque
965 3325 1082 3400 corum
1110 3329 1282 3423 diripiunt.

243 3450 402 3522 Celeriter
415 3451 457 3521 ad
471 3474 585 3519 omnes
598 3447 716 3520 Galliae
731 3449 881 3519 civitates
896 3449 982 3520 fama
999 3448 1165 3544 perfertur
1176 3449 1283 3544 (nam,

245 3571 302 3640 uhi
317 3571 424 3665 major
441 3584 540 3663 atque
557 3566 718 3638 illustrior
733 3569 851 3638 incidit
865 3593 933 3654 res,
949 3568 1094 3638 clamore
1111 3591 1283 3663 peragens

244 3691 462 3784 regionesque
477 3688 680 3784 significant3
698 3689 787 3757 hunc
806 3687 862 3758 alii
880 3689 1035 3783 deinceps
1049 3689 1235 3782 excipiunt,
1251 3703 1284 3756 et

174 3789 176 3792 Ι
246 3811 402 3903 proximis
432 3799 586 3897 tradunt,
607 3823 643 3878 ut
664 3823 736 3878 tum
758 3806 897 3901 accidit)
919 3833 928 3876 ε
948 3831 1039 3895 uam,
1058 3831 1131 3901 quae
1154 3807 1285 3878 Cenabi

244 3932 372 4000 oriente
394 3929 462 3999 sole
483 3944 575 4025 gesta
592 3943 720 4015 essent,
741 3945 817 4000 ante
838 3929 979 4022 primam
1000 3927 1183 3998 confectam
1206 3929 1286 4025 vigi·

1088 4071 1137 4116 tt.
