3042 4772
275 385 328 444 rot
448 391 479 442 (L
498 387 597 444 JULll
618 389 780 445 CAEsnltls
801 387 997 444 COMMENT.
1019 389 1129 444 UBER

320 513 472 580 ΧΠ.Εο
502 511 698 580 detrimento
728 511 810 580 adeo
841 529 918 582 sunt
949 511 1043 580 fracti
1069 510 1301 594 Alexandrini,

272 655 376 724 quum
403 632 469 724 jam
503 654 570 698 non
597 633 718 700 virtute
744 646 1048 726 propugnatorum,
1076 628 1133 698 sed
1155 629 1301 698 scientia

270 749 515 820 classiariorum
531 775 565 820 se
583 752 687 820 victos
704 749 920 838 viderent,....
942 749 1062 844 quibus
1080 764 1113 820 et
1127 748 1303 842 superiori·

269 869 333 938 bus
348 868 428 938 locis
446 866 714 957 sublevabantur,
731 885 770 940 ut
787 895 827 939 cx
842 869 984 939 aediliciis
1002 866 1135 939 defendi
1153 882 1300 962 possent,

269 1002 303 1058 et
328 991 500 1059 materiam
528 1003 679 1059 cunctam
700 986 897 1083 objicerent,
926 987 1016 1083 quod
1045 1002 1165 1057 nostrae
1190 985 1301 1056 classis

268 1109 552 1203 oppugnationem
568 1109 667 1179 etiam
685 1107 727 1176 ad
743 1095 1301 1201 terramverebantnr.1idem,pos·

271 1241 423 1319 teaquam
433 1227 641 1322 Ganymedes
655 1227 689 1295 in
706 1226 846 1305 concilio
859 1225 1085 1308 confirmavit,
1101 1247 1172 1294 sese
1183 1241 1217 1294 et
1228 1250 1298 1311 eas,

270 1367 344 1438 quae
357 1339 466 1415 esseut
480 1348 623 1433 amissae,
638 1345 886 1432 restituturum,
900 1360 934 1416 et
953 1369 1129 1414 numerum
1143 1343 1299 1412 adauctu·

270 1487 502 1559 rum,1magna
522 1489 580 1558 spe
595 1478 629 1535 et
645 1463 764 1534 fiducia
784 1479 909 1533 veteres
922 1464 1056 1534 relicere
1075 1487 1192 1552 naves,
1206 1488 1300 1534 accu-

269 1585 439 1676 ratiusque
456 1583 535 1653 huic
554 1584 601 1654 rei
619 1582 750 1652 studere
769 1597 869 1676 atque
888 1584 1044 1652 inservire
1062 1583 1297 1652 instituerunt:

270 1727 310 1772 ac
331 1703 460 1772 tametsi
482 1702 622 1797 amplius
641 1726 685 1773 cx
707 1703 846 1772 navibus
868 1700 974 1796 longis
997 1703 1031 1770 in
1057 1716 1155 1796 portu
1177 1701 1300 1770 navali·

268 1821 396 1916 busque
418 1824 614 1907 amiserant,
641 1835 707 1890 non'
734 1836 841 1890 tamen
866 1819 1055 1916 reparandae
1080 1819 1191 1890 classis
1212 1823 1298 1916 eogi-

271 1941 427 2009 tationem
446 1939 670 2035 deposuerunt
687 1966 696 2008 ε
713 1939 869 2009 videbant
884 1942 992 2028 enim,
1010 1963 1076 2011 uon
1097 1939 1218 2010 auxilia
1233 1943 1298 2011 Cae·

269 2059 356 2144 sari,
381 2083 449 2128 non
473 2073 674 2128 commeatus
699 2061 886 2153 supportari
901 2081 1024 2154 posse,
1051 2061 1077 2129 si
1105 2058 1210 2130 classe
1233 2062 1294 2155 ipsi

267 2174 423 2246 valerent.
457 2181 620 2252 Praeterea
647 2180 770 2248 nautici
805 2177 972 2266 homines,
1004 2179 1094 2248 urbis
1127 2194 1159 2248 et
1186 2183 1294 2276 regio·

268 2295 320 2363 nis
342 2296 532 2383 maritimae,
557 2295 815 2391 quotidianoque
841 2321 902 2369 usu
927 2322 946 2366 a
971 2299 1082 2392 pueris
1105 2301 1292 2382 exercitati,

266 2415 310 2485 ad
329 2414 478 2486 naturale
496 2439 534 2485 ac
554 2415 771 2486 domesticum
792 2417 916 2486 bonum
933 2418 1082 2513 mingere
1099 2419 1293 2514 cupiebant,

266 2550 300 2604 et
325 2551 486 2630 quantum
517 2534 662 2631 parvulis
688 2537 826 2631 navigiis
845 2537 1077 2630 profecissent,
1098 2538 1292 2607 sentiebant.

266 2659 383 2749 ltaque
399 2656 490 2725 omni
509 2654 619 2724 studio
635 2654 677 2725 ad
694 2655 874 2750 parandam
892 2655 1027 2726 classem
1045 2657 1273 2727 incubuerunt.

314 2777 406 2844 XIII.
433 2778 536 2845 Erant
563 2775 717 2872 omnibus
742 2777 835 2844 ostiis
863 2773 934 2876 Nili·
960 2774 1116 2845 custodiae
1144 2775 1302 2869 exigendi.

267 2895 408 2987 portorii
424 2919 523 2963 causa
539 2893 713 2989 dispositae.
728 2895 836 2964 Nares
855 2907 979 2964 veteres
994 2909 1088 2963 erant
1104 2896 1138 2962 in
1157 2891 1293 2962 occultis
1310 2939 1319 2954 .

265 3015 364 3107 regiae
390 3011 583 3100 navalibus,
606 3013 726 3106 quibus
749 3011 861 3083 multis
887 3015 981 3082 annis
1008 3011 1050 3082 ad
1073 3011 1293 3106 navigandum

265 3157 334 3200 non
356 3146 450 3200 erant
468 3132 610 3201 milles
630 3131 839 3217 reficiebant3
859 3130 930 3202 illas
948 3130 1180 3202 Alexandriam
1198 3155 1295 3199 revo-

241 3250 397 3318 -cabant
416 3252 563 3320 Deerant
583 3251 679 3338 remi;
697 3254 859 3346 porticus,
877 3253 1062 3348 gymnasia,
1082 3249 1215 3320 aedilicia
1236 3275 1295 3342 pu·

267 3366 353 3438 blica
376 3369 590 3464 detegebant,
614 3396 738 3442 asseres
759 3395 925 3442 remorum
951 3397 1047 3442 usum
1070 3371 1291 3442 obtinebant:

265 3487 356 3557 aliud
375 3488 534 3559 naturalis
557 3491 709 3579 solertia,
728 3490 819 3562 aliud
843 3491 933 3561 urbis
956 3493 1052 3586 copia
1071 3488 1293 3560 subministra-

265 3607 333 3678 bat.
352 3613 522 3679 Postremo
541 3635 608 3680 non
627 3609 760 3706 longam
778 3611 1019 3703 navigationem
1041 3609 1213 3704 parabant,
1236 3603 1293 3674 sed

265 3731 433 3819 presentis
447 3732 603 3825 temporis
617 3729 796 3799 necessitati
811 3729 1013 3817 serviebant,
1027 3745 1060 3798 et
1071 3731 1105 3797 in
1115 3729 1184 3820 ipso
1196 3739 1294 3820 portu

265 3847 510 3942 confligendum
527 3851 691 3920 videbant.
707 3853 821 3940 Itaque
832 3849 945 3940 paucis
958 3848 1088 3934 diebus,
1100 3863 1213 3916 contra
1225 3869 1295 3914 om·

265 3969 358 4036 nium
388 3971 593 4063 opinionem,
627 3969 850 4062 quadriremes
882 3995 966 4057 xxrr,
996 3971 1244 4063 quinqueremes
1274 3988 1296 4033 v
