3014 4780
309 376 365 442 254
399 349 408 378 ¹
482 374 819 432 c.Jun11cmssa1s
842 374 1039 466 commus.
1060 377 1170 434 mena

309 527 385 572 oum
412 523 533 597 magno
555 503 705 596 equitatu
728 499 857 594 levique
877 517 1044 570 armatura
1065 501 1282 573 insidiaturus
1303 502 1367 572 lo-

310 625 356 692 cis
374 621 499 692 idoneis
516 621 674 692 consedit.
1110 675 1112 680 .

357 746 477 814 LXVI.
497 745 607 813 Caesar
625 743 757 812 interim
775 741 819 810 de
839 741 972 811 insidiis
982 743 1122 812 Labieni
1139 767 1179 814 ex
1198 744 1364 839 perfugis

308 868 431 935 certior
449 864 575 974 factuq,
592 861 793 956 paucosdies
810 860 856 929 ibi
874 877 1111 948 commoratus,
1137 861 1219 934 dum
1238 863 1364 932 hostes
1432 943 1441 958 ι

311 985 507 1081 quotidiano
524 984 695 1068 instituto,
715 1005 799 1074 saepe
819 980 905 1050 idem
923 980 1095 1068 faciendo,
1119 985 1153 1052 in
1177 979 1363 1077 negligen-

311 1089 671 1189 tiarnaddueerentur,
698 1101 808 1170 subito
835 1125 932 1172 mane
954 1103 1111 1196 imperat,
1137 1117 1231 1196 porta
1247 1103 1361 1172 deen-

312 1249 408 1294 mana
423 1224 571 1318 legiones
588 1247 622 1291 se
637 1246 701 1292 vrrs
722 1237 892 1291 veteranas
908 1245 984 1290 cum
1008 1236 1101 1314 parte
1118 1223 1285 1316 equitatus
1305 1249 1358 1292 se-

310 1345 384 1437 qui;
408 1358 507 1436 atque
534 1341 700 1435 equitibus
718 1342 910 1436 promissis,
934 1365 1041 1433 neque
1069 1345 1243 1437 opinantes
1270 1345 1357 1412 insi·

256 1463 271 1474 ''
309 1465 453 1534 diatores
477 1463 607 1550 subito,
633 1463 667 1530 in
692 1458 898 1564 convallibus
920 1457 1072 1548 latentes,
1093 1461 1156 1531 leri
1177 1479 1352 1532 armatura

308 1583 454 1654 ooueidit
470 1584 601 1653 circiter
620 1607 664 1672 1³3
680 1581 825 1677 reliquos
841 1585 875 1652 in
891 1584 1002 1677 sugam
1022 1584 1244 1679 turpissimam
1264 1609 1351 1654 cou-

307 1708 395 1800 jecit„
416 1707 555 1796 Interim
572 1705 739 1775 Labienus
759 1728 834 1773 cum
845 1706 999 1774 universo
1018 1706 1167 1798 equitatu
1187 1705 1350 1798 fugienti-

308 1828 370 1896 bus
401 1829 471 1898 suis
501 1827 667 1920 suppetias
699 1826 854 1896 occurrit.
889 1826 992 1920 Cujus
1020 1825 1086 1898 vim
1122 1824 1349 1896 multitudinis

306 1971 412 2038 quum
440 1949 565 2040 equites
582 1947 681 2039 pauci
707 1946 884 2014 Caesariani
906 1946 976 2038 jam
998 1945 1159 2013 sustinere
1184 1969 1250 2014 non
1273 1969 1349 2038 pos·

308 2079 399 2149 sent,
416 2067 527 2134 Caesar
545 2067 722 2132 instructas
741 2062 887 2158 legiones
901 2062 1044 2135 hostium
1065 2063 1169 2157 copiis
1187 2063 1345 2132 ostendit.

307 2185 385 2272 Quo
402 2184 489 2252 facto
505 2185 681 2276 perterrito
701 2181 852 2251 Labieno
870 2207 908 2250 ac
923 2182 1110 2268 retardato,
1128 2207 1204 2251 suos
1217 2184 1347 2275 equites

307 2303 431 2396 recepit
450 2302 641 2372 incolumes.
660 2305 799 2372 Postero
817 2300 870 2370 die
881 2303 966 2371 Juba
988 2301 1151 2374 Numidas
1173 2327 1245 2388 eos,
1263 2301 1346 2396 qui,

307 2423 381 2492 loco
396 2422 532 2510 eruisso,
553 2422 631 2518 fuga
650 2446 685 2492 se
705 2435 897 2516 receperant
913 2423 947 2490 in
965 2437 1093 2510 castra,
1107 2424 1141 2492 in
1153 2447 1251 2492 oruce
1267 2447 1343 2491 om-

308 2568 365 2611 nes
381 2542 516 2612 suffixit.

354 2665 493 2731 LXVII.
507 2666 615 2734 Caesar
629 2664 775 2750 interim,
788 2667 944 2758 quoniam
963 2665 1119 2734 frumenti
1136 2663 1248 2756 inopia
1267 2685 1341 2756 pre-

307 2781 470 2866 mebatur,
489 2785 599 2877 copias
617 2807 730 2853 omnes
750 2785 785 2852 in
805 2803 912 2855 castra
931 2785 1101 2870 conducit;
1118 2800 1217 2877 atque
1232 2769 1341 2877 praesi-

306 2903 363 2972 dio
382 2905 495 2997 Lepti,
513 2887 687 2997 Buspinae,
706 2903 840 2974 Aehillae
858 2903 987 2988 relicto,
1011 2906 1123 2999 Cispio
1147 2903 1340 2998 Aquilaeque

306 3021 408 3091 classe
436 3023 613 3111 transdita,
633 3038 671 3093 ut
696 3022 780 3093 alter
799 3025 1033 3111 Adrumetum,
1063 3021 1149 3092 alter
1173 3027 1338 3118 Thapsum

307 3143 390 3208 mari
410 3141 615 3228 obsiderent,
634 3143 705 3238 ipse
723 3145 838 3214 castris
858 3145 1015 3229 incensis,
1035 3167 1071 3212 rv
1089 3145 1196 3212 noctis
1215 3139 1338 3237 vigilia,

306 3260 375 3329 aeis
391 3261 570 3349 instructa,
591 3261 833 3358 impedimentis
851 3266 886 3332 in
901 3265 1032 3333 sinistra
1048 3278 1143 3358 parte
1157 3261 1338 3350 collocatis,

307 3405 347 3450 ex
366 3405 406 3448 eo
426 3379 499 3450 loco
516 3383 753 3478 proficiscitur,
773 3399 807 3453 et
822 3385 973 3478 pervenit
989 3383 1032 3452 nd
1048 3383 1208 3478 oppidum
1234 3387 1338 3475 Agar3

308 3499 398 3596 quud
411 3501 587 3572 a'Gaetulis
608 3529 692 3598 saepe
711 3519 808 3573 antea
828 3519 1078 3598 oppugnatum,
1097 3523 1286 3594 summaque
1305 3505 1337 3574 n·

309 3646 368 3716 per
382 3624 470 3715 ipsos
482 3623 665 3718 oppidanos
681 3640 753 3692 erat
767 3623 948 3694 defensum.
971 3624 1021 3694 lbi
1038 3625 1072 3692 in
1090 3645 1205 3716 eampo
1223 3622 1336 3690 castris

307 3745 382 3812 unis
402 3744 532 3836 positis,
553 3746 622 3839 ipse
642 3743 878 3813 fnrmentatum
895 3745 1018 3812 circum
1040 3743 1132 3812 villas
1151 3765 1226 3811 eum
1246 3753 1336 3847 porge

307 3864 469 3934 exereitus
485 3863 671 3959 proiectus,
691 3887 812 3958 magno
832 3865 968 3934 invento
995 3863 1231 3953 hordei,.olei,
1257 3861 1334 3947 vini,

308 3983 362 4053 fici
381 4007 537 4072 numero,
558 4007 664 4080 pauso
684 3985 805 4073 tritici,
823 3999 923 4081 atque
941 4000 1086 4058 recreato
1105 3987 1270 4070 exercitu,
1287 4007 1333 4051 re·
