<?xml version="1.0" encoding="UTF-8"?>
<!DOCTYPE html PUBLIC "-//W3C//DTD XHTML 1.0 Transitional//EN"
    "http://www.w3.org/TR/xhtml1/DTD/xhtml1-transitional.dtd">
<html xmlns="http://www.w3.org/1999/xhtml" xml:lang="en" lang="en">
 <head>
  <title>
</title>
<meta http-equiv="Content-Type" content="text/html;charset=utf-8" />
  <meta name='ocr-system' content='tesseract 3.04.00' />
  <meta name='ocr-capabilities' content='ocr_page ocr_carea ocr_par ocr_line ocrx_word'/>
</head>
<body>
  <div class='ocr_page' id='page_1' title='image "./cjcaesarisopera00caesgoog_0249.png"; bbox 0 0 3062 4766; ppageno 0'>
   <div class='ocr_carea' id='block_1_1' title="bbox 477 385 1279 466">
    <p class='ocr_par' dir='ltr' id='par_1_1' title="bbox 477 385 1279 466">
     <span class='ocr_line' id='line_1_1' title="bbox 477 385 1279 466; baseline 0.014 -26"><span class='ocrx_word' id='word_1_1' title='bbox 477 385 529 440; x_wconf 88' lang='lat' dir='ltr'>DE</span> <span class='ocrx_word' id='word_1_2' title='bbox 549 387 678 466; x_wconf 82' lang='lat' dir='ltr'>BELLO¹</span> <span class='ocrx_word' id='word_1_3' title='bbox 691 388 855 446; x_wconf 80' lang='lat' dir='ltr'><strong>GALLICO</strong></span> <span class='ocrx_word' id='word_1_4' title='bbox 875 390 944 446; x_wconf 76' lang='grc' dir='ltr'>ΠΒ.</span> <span class='ocrx_word' id='word_1_5' title='bbox 963 391 1041 447; x_wconf 83' lang='lat' dir='ltr'>vul.</span> <span class='ocrx_word' id='word_1_6' title='bbox 1223 413 1279 466; x_wconf 74' lang='lat' dir='ltr'>unq</span> 
     </span>
    </p>
   </div>
   <div class='ocr_carea' id='block_1_2' title="bbox 232 508 1367 4080">
    <p class='ocr_par' dir='ltr' id='par_1_2' title="bbox 232 508 1367 4080">
     <span class='ocr_line' id='line_1_2' title="bbox 234 508 1280 612; baseline 0.013 -38"><span class='ocrx_word' id='word_1_7' title='bbox 234 508 430 604; x_wconf 87' lang='lat' dir='ltr'>turnitate),</span> <span class='ocrx_word' id='word_1_8' title='bbox 455 509 642 600; x_wconf 87' lang='lat' dir='ltr'>Bellovaci,</span> <span class='ocrx_word' id='word_1_9' title='bbox 670 509 797 580; x_wconf 84' lang='lat' dir='ltr'>delecta</span> <span class='ocrx_word' id='word_1_10' title='bbox 820 539 923 583; x_wconf 91' lang='lat' dir='ltr'>manu</span> <span class='ocrx_word' id='word_1_11' title='bbox 946 515 1113 609; x_wconf 90' lang='lat' dir='ltr'>peditum,</span> <span class='ocrx_word' id='word_1_12' title='bbox 1138 521 1280 612; x_wconf 79' lang='lat' dir='ltr'>cognitis</span> 
     </span>
     <span class='ocr_line' id='line_1_3' title="bbox 233 629 1280 726; baseline 0.012 -33"><span class='ocrx_word' id='word_1_13' title='bbox 233 629 431 698; x_wconf 86' lang='lat' dir='ltr'>stationibus</span> <span class='ocrx_word' id='word_1_14' title='bbox 452 630 655 723; x_wconf 85' lang='lat' dir='ltr'>quotidianis</span> <span class='ocrx_word' id='word_1_15' title='bbox 677 633 827 726; x_wconf 90' lang='lat' dir='ltr'>equitum</span> <span class='ocrx_word' id='word_1_16' title='bbox 844 649 1051 717; x_wconf 86' lang='lat' dir='ltr'>nostrorum,</span> <span class='ocrx_word' id='word_1_17' title='bbox 1074 633 1280 707; x_wconf 85' lang='lat' dir='ltr'>silvestribus</span> 
     </span>
     <span class='ocr_line' id='line_1_4' title="bbox 232 744 1280 851; baseline 0.009 -36"><span class='ocrx_word' id='word_1_18' title='bbox 232 744 315 816; x_wconf 90' lang='lat' dir='ltr'>locis</span> <span class='ocrx_word' id='word_1_19' title='bbox 337 749 473 818; x_wconf 84' lang='lat' dir='ltr'>insidias</span> <span class='ocrx_word' id='word_1_20' title='bbox 494 750 693 844; x_wconf 79' lang='lat' dir='ltr'>disponunt3</span> <span class='ocrx_word' id='word_1_21' title='bbox 715 752 899 846; x_wconf 90' lang='lat' dir='ltr'>eodemque</span> <span class='ocrx_word' id='word_1_22' title='bbox 922 757 1050 847; x_wconf 85' lang='lat' dir='ltr'>equites</span> <span class='ocrx_word' id='word_1_23' title='bbox 1070 771 1204 851; x_wconf 89' lang='lat' dir='ltr'>postero</span> <span class='ocrx_word' id='word_1_24' title='bbox 1226 757 1280 825; x_wconf 88' lang='lat' dir='ltr'>die</span> 
     </span>
     <span class='ocr_line' id='line_1_5' title="bbox 232 869 1279 964; baseline 0.009 -29"><span class='ocrx_word' id='word_1_25' title='bbox 232 869 388 954; x_wconf 87' lang='lat' dir='ltr'>mittunt,</span> <span class='ocrx_word' id='word_1_26' title='bbox 408 873 466 962; x_wconf 92' lang='lat' dir='ltr'>qui</span> <span class='ocrx_word' id='word_1_27' title='bbox 489 873 636 964; x_wconf 89' lang='lat' dir='ltr'>primum</span> <span class='ocrx_word' id='word_1_28' title='bbox 661 870 820 942; x_wconf 78' lang='lat' dir='ltr'>elicerent</span> <span class='ocrx_word' id='word_1_29' title='bbox 841 889 973 943; x_wconf 87' lang='lat' dir='ltr'>nostros</span> <span class='ocrx_word' id='word_1_30' title='bbox 996 875 1139 962; x_wconf 88' lang='lat' dir='ltr'>insidiis,</span> <span class='ocrx_word' id='word_1_31' title='bbox 1159 874 1279 944; x_wconf 90' lang='lat' dir='ltr'>deinde</span> 
     </span>
     <span class='ocr_line' id='line_1_6' title="bbox 233 991 1279 1087; baseline 0.009 -31"><span class='ocrx_word' id='word_1_32' title='bbox 233 991 480 1060; x_wconf 86' lang='lat' dir='ltr'>circumventos</span> <span class='ocrx_word' id='word_1_33' title='bbox 496 992 769 1087; x_wconf 80' lang='lat' dir='ltr'>aggrederentur.</span> <span class='ocrx_word' id='word_1_34' title='bbox 787 995 891 1087; x_wconf 87' lang='lat' dir='ltr'>Cujus</span> <span class='ocrx_word' id='word_1_35' title='bbox 904 994 982 1064; x_wconf 90' lang='lat' dir='ltr'>mali</span> <span class='ocrx_word' id='word_1_36' title='bbox 996 1019 1066 1064; x_wconf 90' lang='lat' dir='ltr'>sors</span> <span class='ocrx_word' id='word_1_37' title='bbox 1078 995 1198 1064; x_wconf 85' lang='lat' dir='ltr'>incidit</span> <span class='ocrx_word' id='word_1_38' title='bbox 1214 999 1279 1065; x_wconf 88' lang='lat' dir='ltr'>Re-</span> 
     </span>
     <span class='ocr_line' id='line_1_7' title="bbox 234 1110 1279 1208; baseline 0.006 -31"><span class='ocrx_word' id='word_1_39' title='bbox 234 1113 314 1196; x_wconf 85' lang='lat' dir='ltr'>mis,</span> <span class='ocrx_word' id='word_1_40' title='bbox 334 1112 455 1203; x_wconf 90' lang='lat' dir='ltr'>quibus</span> <span class='ocrx_word' id='word_1_41' title='bbox 471 1110 527 1181; x_wconf 89' lang='lat' dir='ltr'>iile</span> <span class='ocrx_word' id='word_1_42' title='bbox 541 1111 612 1184; x_wconf 87' lang='lat' dir='ltr'>dies</span> <span class='ocrx_word' id='word_1_43' title='bbox 625 1113 787 1208; x_wconf 80' lang='lat' dir='ltr'>iungendi</span> <span class='ocrx_word' id='word_1_44' title='bbox 803 1115 952 1183; x_wconf 89' lang='lat' dir='ltr'>muneris</span> <span class='ocrx_word' id='word_1_45' title='bbox 968 1115 1158 1184; x_wconf 84' lang='lat' dir='ltr'>obvenerat</span> <span class='ocrx_word' id='word_1_46' title='bbox 1174 1115 1279 1184; x_wconf 88' lang='lat' dir='ltr'>Nam·</span> 
     </span>
     <span class='ocr_line' id='line_1_8' title="bbox 232 1231 1278 1328; baseline 0.004 -29"><span class='ocrx_word' id='word_1_47' title='bbox 232 1255 297 1322; x_wconf 89' lang='lat' dir='ltr'>que</span> <span class='ocrx_word' id='word_1_48' title='bbox 316 1231 354 1316; x_wconf 89' lang='lat' dir='ltr'>ii,</span> <span class='ocrx_word' id='word_1_49' title='bbox 368 1257 472 1325; x_wconf 93' lang='lat' dir='ltr'>quum</span> <span class='ocrx_word' id='word_1_50' title='bbox 493 1247 631 1326; x_wconf 85' lang='lat' dir='ltr'>repente</span> <span class='ocrx_word' id='word_1_51' title='bbox 647 1233 794 1302; x_wconf 89' lang='lat' dir='ltr'>bostium</span> <span class='ocrx_word' id='word_1_52' title='bbox 812 1235 938 1328; x_wconf 83' lang='lat' dir='ltr'>equites</span> <span class='ocrx_word' id='word_1_53' title='bbox 952 1233 1278 1320; x_wconf 84' lang='lat' dir='ltr'>animadvertissent,</span> 
     </span>
     <span class='ocr_line' id='line_1_9' title="bbox 232 1354 1279 1450; baseline 0.003 -31"><span class='ocrx_word' id='word_1_54' title='bbox 232 1376 270 1420; x_wconf 87' lang='lat' dir='ltr'>ac</span> <span class='ocrx_word' id='word_1_55' title='bbox 285 1376 428 1421; x_wconf 89' lang='lat' dir='ltr'>numero</span> <span class='ocrx_word' id='word_1_56' title='bbox 448 1355 634 1447; x_wconf 87' lang='lat' dir='ltr'>superiores</span> <span class='ocrx_word' id='word_1_57' title='bbox 652 1354 853 1448; x_wconf 81' lang='lat' dir='ltr'>paucitatem</span> <span class='ocrx_word' id='word_1_58' title='bbox 872 1357 1165 1449; x_wconf 85' lang='lat' dir='ltr'>contempsissent,</span> <span class='ocrx_word' id='word_1_59' title='bbox 1183 1357 1279 1450; x_wconf 91' lang='lat' dir='ltr'>cupi·</span> 
     </span>
     <span class='ocr_line' id='line_1_10' title="bbox 232 1470 1278 1568; baseline 0.007 -30"><span class='ocrx_word' id='word_1_60' title='bbox 232 1470 305 1539; x_wconf 92' lang='lat' dir='ltr'>dius</span> <span class='ocrx_word' id='word_1_61' title='bbox 322 1474 478 1553; x_wconf 82' lang='lat' dir='ltr'>insecuti,</span> <span class='ocrx_word' id='word_1_62' title='bbox 495 1499 514 1540; x_wconf 90' lang='lat' dir='ltr'>a</span> <span class='ocrx_word' id='word_1_63' title='bbox 532 1473 697 1566; x_wconf 87' lang='lat' dir='ltr'>peditibus</span> <span class='ocrx_word' id='word_1_64' title='bbox 713 1473 860 1568; x_wconf 84' lang='lat' dir='ltr'>undique</span> <span class='ocrx_word' id='word_1_65' title='bbox 877 1489 956 1544; x_wconf 88' lang='lat' dir='ltr'>sunt</span> <span class='ocrx_word' id='word_1_66' title='bbox 971 1474 1179 1544; x_wconf 80' lang='lat' dir='ltr'>circumdati.</span> <span class='ocrx_word' id='word_1_67' title='bbox 1198 1476 1278 1563; x_wconf 87' lang='lat' dir='ltr'>Quo</span> 
     </span>
     <span class='ocr_line' id='line_1_11' title="bbox 232 1591 1277 1687; baseline 0.002 -27"><span class='ocrx_word' id='word_1_68' title='bbox 232 1592 319 1661; x_wconf 81' lang='lat' dir='ltr'>facto</span> <span class='ocrx_word' id='word_1_69' title='bbox 339 1593 540 1687; x_wconf 89' lang='lat' dir='ltr'>perturbati,</span> <span class='ocrx_word' id='word_1_70' title='bbox 557 1591 696 1662; x_wconf 88' lang='lat' dir='ltr'>celerius</span> <span class='ocrx_word' id='word_1_71' title='bbox 717 1617 816 1687; x_wconf 57' lang='lat' dir='ltr'>mam</span> <span class='ocrx_word' id='word_1_72' title='bbox 836 1595 1042 1664; x_wconf 86' lang='lat' dir='ltr'>consuetudo</span> <span class='ocrx_word' id='word_1_73' title='bbox 1072 1596 1135 1664; x_wconf 83' lang='lat' dir='ltr'>fert</span> <span class='ocrx_word' id='word_1_74' title='bbox 1159 1619 1277 1687; x_wconf 89' lang='lat' dir='ltr'>eques·</span> 
     </span>
     <span class='ocr_line' id='line_1_12' title="bbox 234 1713 1277 1810; baseline 0.002 -29"><span class='ocrx_word' id='word_1_75' title='bbox 234 1715 292 1782; x_wconf 91' lang='lat' dir='ltr'>tris</span> <span class='ocrx_word' id='word_1_76' title='bbox 310 1713 418 1806; x_wconf 85' lang='lat' dir='ltr'>proelii</span> <span class='ocrx_word' id='word_1_77' title='bbox 440 1738 475 1783; x_wconf 90' lang='lat' dir='ltr'>se</span> <span class='ocrx_word' id='word_1_78' title='bbox 499 1728 710 1807; x_wconf 89' lang='lat' dir='ltr'>receperunt,</span> <span class='ocrx_word' id='word_1_79' title='bbox 730 1715 850 1783; x_wconf 86' lang='lat' dir='ltr'>amisso</span> <span class='ocrx_word' id='word_1_80' title='bbox 867 1715 1035 1800; x_wconf 84' lang='lat' dir='ltr'>Vertisco,</span> <span class='ocrx_word' id='word_1_81' title='bbox 1059 1715 1210 1810; x_wconf 87' lang='lat' dir='ltr'>principe</span> <span class='ocrx_word' id='word_1_82' title='bbox 1230 1717 1277 1784; x_wconf 91' lang='lat' dir='ltr'>ci-</span> 
     </span>
     <span class='ocr_line' id='line_1_13' title="bbox 232 1832 1277 1929; baseline 0.006 -30"><span class='ocrx_word' id='word_1_83' title='bbox 232 1834 356 1918; x_wconf 88' lang='lat' dir='ltr'>vitatis,</span> <span class='ocrx_word' id='word_1_84' title='bbox 377 1832 535 1927; x_wconf 72' lang='lat' dir='ltr'>praefecto</span> <span class='ocrx_word' id='word_1_85' title='bbox 558 1835 725 1926; x_wconf 89' lang='lat' dir='ltr'>equitum,</span> <span class='ocrx_word' id='word_1_86' title='bbox 743 1835 815 1926; x_wconf 90' lang='lat' dir='ltr'>qui,</span> <span class='ocrx_word' id='word_1_87' title='bbox 834 1857 938 1926; x_wconf 92' lang='lat' dir='ltr'>quum</span> <span class='ocrx_word' id='word_1_88' title='bbox 959 1834 1014 1902; x_wconf 85' lang='lat' dir='ltr'>vix</span> <span class='ocrx_word' id='word_1_89' title='bbox 1032 1858 1119 1926; x_wconf 89' lang='lat' dir='ltr'>equo</span> <span class='ocrx_word' id='word_1_90' title='bbox 1138 1849 1277 1929; x_wconf 88' lang='lat' dir='ltr'>propter</span> 
     </span>
     <span class='ocr_line' id='line_1_14' title="bbox 232 1951 1276 2048; baseline 0.003 -27"><span class='ocrx_word' id='word_1_91' title='bbox 232 1967 362 2022; x_wconf 75' lang='lat' dir='ltr'>aetatem</span> <span class='ocrx_word' id='word_1_92' title='bbox 375 1969 486 2047; x_wconf 88' lang='lat' dir='ltr'>posset</span> <span class='ocrx_word' id='word_1_93' title='bbox 498 1956 561 2039; x_wconf 89' lang='lat' dir='ltr'>uti,</span> <span class='ocrx_word' id='word_1_94' title='bbox 574 1969 685 2022; x_wconf 85' lang='lat' dir='ltr'>tamen</span> <span class='ocrx_word' id='word_1_95' title='bbox 695 2004 705 2038; x_wconf 91' lang='lat'>,</span> <span class='ocrx_word' id='word_1_96' title='bbox 716 1952 955 2023; x_wconf 89' lang='lat' dir='ltr'>consuetudine</span> <span class='ocrx_word' id='word_1_97' title='bbox 966 1951 1276 2048; x_wconf 86' lang='lat' dir='ltr'>Gallorum,neque</span> 
     </span>
     <span class='ocr_line' id='line_1_15' title="bbox 232 2049 1275 2165; baseline 0.003 -24"><span class='ocrx_word' id='word_1_98' title='bbox 232 2075 336 2144; x_wconf 85' lang='lat' dir='ltr'>aetatis</span> <span class='ocrx_word' id='word_1_99' title='bbox 360 2049 571 2142; x_wconf 76' lang='lat' dir='ltr'>excusatione</span> <span class='ocrx_word' id='word_1_100' title='bbox 594 2074 628 2140; x_wconf 92' lang='lat' dir='ltr'>in</span> <span class='ocrx_word' id='word_1_101' title='bbox 649 2071 855 2165; x_wconf 88' lang='lat' dir='ltr'>suscipienda</span> <span class='ocrx_word' id='word_1_102' title='bbox 875 2073 1070 2165; x_wconf 74' lang='lat' dir='ltr'>praefectura</span> <span class='ocrx_word' id='word_1_103' title='bbox 1090 2097 1169 2144; x_wconf 87' lang='lat' dir='ltr'>usus</span> <span class='ocrx_word' id='word_1_104' title='bbox 1188 2090 1275 2162; x_wconf 85' lang='lat' dir='ltr'>eret,</span> 
     </span>
     <span class='ocr_line' id='line_1_16' title="bbox 233 2191 1277 2286; baseline 0.002 -26"><span class='ocrx_word' id='word_1_105' title='bbox 233 2217 340 2286; x_wconf 89' lang='lat' dir='ltr'>neque</span> <span class='ocrx_word' id='word_1_106' title='bbox 360 2192 511 2262; x_wconf 82' lang='lat' dir='ltr'>dimicari</span> <span class='ocrx_word' id='word_1_107' title='bbox 529 2193 599 2261; x_wconf 84' lang='lat' dir='ltr'>sine</span> <span class='ocrx_word' id='word_1_108' title='bbox 617 2217 651 2260; x_wconf 86' lang='lat' dir='ltr'>se</span> <span class='ocrx_word' id='word_1_109' title='bbox 666 2191 826 2260; x_wconf 88' lang='lat' dir='ltr'>voluerat.</span> <span class='ocrx_word' id='word_1_110' title='bbox 841 2191 1007 2262; x_wconf 84' lang='lat' dir='ltr'>Inflantur</span> <span class='ocrx_word' id='word_1_111' title='bbox 1022 2206 1123 2286; x_wconf 88' lang='lat' dir='ltr'>atque</span> <span class='ocrx_word' id='word_1_112' title='bbox 1138 2194 1277 2262; x_wconf 81' lang='lat' dir='ltr'>incitan-</span> 
     </span>
     <span class='ocr_line' id='line_1_17' title="bbox 235 2310 1328 2406; baseline 0 -26"><span class='ocrx_word' id='word_1_113' title='bbox 235 2327 289 2381; x_wconf 88' lang='lat' dir='ltr'>tur</span> <span class='ocrx_word' id='word_1_114' title='bbox 308 2314 456 2381; x_wconf 89' lang='lat' dir='ltr'>bostium</span> <span class='ocrx_word' id='word_1_115' title='bbox 469 2313 570 2381; x_wconf 90' lang='lat' dir='ltr'>animi</span> <span class='ocrx_word' id='word_1_116' title='bbox 592 2310 739 2384; x_wconf 86' lang='lat' dir='ltr'>secundo</span> <span class='ocrx_word' id='word_1_117' title='bbox 751 2311 884 2404; x_wconf 91' lang='lat' dir='ltr'>proelio,</span> <span class='ocrx_word' id='word_1_118' title='bbox 903 2313 1055 2405; x_wconf 88' lang='lat' dir='ltr'>principe</span> <span class='ocrx_word' id='word_1_119' title='bbox 1073 2327 1106 2381; x_wconf 88' lang='lat' dir='ltr'>et</span> <span class='ocrx_word' id='word_1_120' title='bbox 1119 2313 1275 2406; x_wconf 69' lang='lat' dir='ltr'>praefecto</span> <span class='ocrx_word' id='word_1_121' title='bbox 1325 2353 1328 2360; x_wconf 90' lang='lat'>·</span> 
     </span>
     <span class='ocr_line' id='line_1_18' title="bbox 232 2431 1275 2523; baseline -0.002 -21"><span class='ocrx_word' id='word_1_122' title='bbox 232 2437 414 2502; x_wconf 85' lang='lat' dir='ltr'>Remorum</span> <span class='ocrx_word' id='word_1_123' title='bbox 436 2433 629 2516; x_wconf 82' lang='lat' dir='ltr'>interfecto;</span> <span class='ocrx_word' id='word_1_124' title='bbox 644 2433 815 2523; x_wconf 84' lang='lat' dir='ltr'>nostrique</span> <span class='ocrx_word' id='word_1_125' title='bbox 833 2431 1033 2500; x_wconf 88' lang='lat' dir='ltr'>detrimento</span> <span class='ocrx_word' id='word_1_126' title='bbox 1050 2432 1275 2501; x_wconf 88' lang='lat' dir='ltr'>admonentur</span> 
     </span>
     <span class='ocr_line' id='line_1_19' title="bbox 233 2549 1274 2646; baseline -0.001 -27"><span class='ocrx_word' id='word_1_127' title='bbox 233 2551 425 2646; x_wconf 82' lang='lat' dir='ltr'>diligentius</span> <span class='ocrx_word' id='word_1_128' title='bbox 444 2551 624 2646; x_wconf 85' lang='lat' dir='ltr'>exploratis</span> <span class='ocrx_word' id='word_1_129' title='bbox 646 2549 727 2620; x_wconf 88' lang='lat' dir='ltr'>loeis</span> <span class='ocrx_word' id='word_1_130' title='bbox 752 2551 909 2620; x_wconf 88' lang='lat' dir='ltr'>stationes</span> <span class='ocrx_word' id='word_1_131' title='bbox 933 2551 1127 2645; x_wconf 88' lang='lat' dir='ltr'>disponere,</span> <span class='ocrx_word' id='word_1_132' title='bbox 1146 2577 1184 2620; x_wconf 87' lang='lat' dir='ltr'>ac</span> <span class='ocrx_word' id='word_1_133' title='bbox 1204 2575 1274 2619; x_wconf 93' lang='lat' dir='ltr'>mo·</span> 
     </span>
     <span class='ocr_line' id='line_1_20' title="bbox 233 2670 1184 2770; baseline -0.002 -31"><span class='ocrx_word' id='word_1_134' title='bbox 233 2670 377 2741; x_wconf 92' lang='lat' dir='ltr'>deratius</span> <span class='ocrx_word' id='word_1_135' title='bbox 394 2671 567 2741; x_wconf 87' lang='lat' dir='ltr'>cedentem</span> <span class='ocrx_word' id='word_1_136' title='bbox 584 2673 711 2765; x_wconf 90' lang='lat' dir='ltr'>insequi</span> <span class='ocrx_word' id='word_1_137' title='bbox 726 2671 867 2739; x_wconf 87' lang='lat' dir='ltr'>hostem.</span> <span class='ocrx_word' id='word_1_138' title='bbox 1169 2735 1184 2770; x_wconf 46' lang='grc' dir='ltr'><strong><em>ο</em></strong></span> 
     </span>
     <span class='ocr_line' id='line_1_21' title="bbox 280 2786 1367 2884; baseline -0.002 -23"><span class='ocrx_word' id='word_1_139' title='bbox 280 2795 371 2861; x_wconf 86' lang='lat' dir='ltr'><strong>XIII.</strong></span> <span class='ocrx_word' id='word_1_140' title='bbox 395 2794 473 2862; x_wconf 88' lang='lat' dir='ltr'>Non</span> <span class='ocrx_word' id='word_1_141' title='bbox 500 2792 766 2860; x_wconf 86' lang='lat' dir='ltr'>intermittuntur</span> <span class='ocrx_word' id='word_1_142' title='bbox 788 2790 921 2858; x_wconf 90' lang='lat' dir='ltr'>interim</span> <span class='ocrx_word' id='word_1_143' title='bbox 942 2789 1136 2881; x_wconf 85' lang='lat' dir='ltr'>quotidiana</span> <span class='ocrx_word' id='word_1_144' title='bbox 1158 2789 1273 2884; x_wconf 86' lang='lat' dir='ltr'>proelia</span> <span class='ocrx_word' id='word_1_145' title='bbox 1318 2786 1332 2794; x_wconf 48' lang='lat'><strong><em>⁴</em></strong></span> <span class='ocrx_word' id='word_1_146' title='bbox 1360 2792 1367 2801; x_wconf 87' lang='lat'>&#39;</span> 
     </span>
     <span class='ocr_line' id='line_1_22' title="bbox 234 2907 1274 3006; baseline -0.003 -24"><span class='ocrx_word' id='word_1_147' title='bbox 234 2917 266 2982; x_wconf 94' lang='lat' dir='ltr'>in</span> <span class='ocrx_word' id='word_1_148' title='bbox 289 2926 469 3006; x_wconf 88' lang='lat' dir='ltr'>conspectu</span> <span class='ocrx_word' id='word_1_149' title='bbox 483 2925 703 3002; x_wconf 89' lang='lat' dir='ltr'>utrorumque</span> <span class='ocrx_word' id='word_1_150' title='bbox 716 2923 917 2994; x_wconf 86' lang='lat' dir='ltr'>castrorum,</span> <span class='ocrx_word' id='word_1_151' title='bbox 931 2931 1004 3001; x_wconf 86' lang='lat' dir='ltr'>quae</span> <span class='ocrx_word' id='word_1_152' title='bbox 1015 2907 1057 2977; x_wconf 86' lang='lat' dir='ltr'>ad</span> <span class='ocrx_word' id='word_1_153' title='bbox 1071 2908 1155 2977; x_wconf 88' lang='lat' dir='ltr'>vada</span> <span class='ocrx_word' id='word_1_154' title='bbox 1170 2923 1274 2979; x_wconf 88' lang='lat' dir='ltr'>trans·</span> 
     </span>
     <span class='ocr_line' id='line_1_23' title="bbox 232 3028 1272 3126; baseline -0.003 -24"><span class='ocrx_word' id='word_1_155' title='bbox 232 3037 364 3126; x_wconf 88' lang='lat' dir='ltr'>itusque</span> <span class='ocrx_word' id='word_1_156' title='bbox 380 3031 506 3100; x_wconf 86' lang='lat' dir='ltr'>fiebant</span> <span class='ocrx_word' id='word_1_157' title='bbox 529 3028 668 3124; x_wconf 87' lang='lat' dir='ltr'>paludis.</span> <span class='ocrx_word' id='word_1_158' title='bbox 685 3031 763 3118; x_wconf 87' lang='lat' dir='ltr'>Qua</span> <span class='ocrx_word' id='word_1_159' title='bbox 780 3029 996 3097; x_wconf 91' lang='lat' dir='ltr'>contentione</span> <span class='ocrx_word' id='word_1_160' title='bbox 1011 3031 1171 3098; x_wconf 87' lang='lat' dir='ltr'>Germani</span> <span class='ocrx_word' id='word_1_161' title='bbox 1189 3053 1272 3122; x_wconf 92' lang='lat' dir='ltr'>quos</span> 
     </span>
     <span class='ocr_line' id='line_1_24' title="bbox 233 3148 1338 3248; baseline -0.004 -27"><span class='ocrx_word' id='word_1_162' title='bbox 233 3167 409 3248; x_wconf 85' lang='lat' dir='ltr'>propterea</span> <span class='ocrx_word' id='word_1_163' title='bbox 431 3153 541 3219; x_wconf 85' lang='lat' dir='ltr'>Caesar</span> <span class='ocrx_word' id='word_1_164' title='bbox 565 3148 757 3218; x_wconf 80' lang='lat' dir='ltr'>traduxerat</span> <span class='ocrx_word' id='word_1_165' title='bbox 781 3149 937 3217; x_wconf 90' lang='lat' dir='ltr'>Rhenum</span> <span class='ocrx_word' id='word_1_166' title='bbox 968 3161 1004 3215; x_wconf 86' lang='lat' dir='ltr'>ut</span> <span class='ocrx_word' id='word_1_167' title='bbox 1028 3149 1195 3240; x_wconf 90' lang='lat' dir='ltr'>equitibus</span> <span class='ocrx_word' id='word_1_168' title='bbox 1219 3152 1271 3218; x_wconf 91' lang='lat' dir='ltr'>in·</span> <span class='ocrx_word' id='word_1_169' title='bbox 1335 3189 1338 3202; x_wconf 85' lang='lat'>·</span> 
     </span>
     <span class='ocr_line' id='line_1_25' title="bbox 235 3267 1272 3367; baseline -0.006 -25"><span class='ocrx_word' id='word_1_170' title='bbox 235 3272 383 3366; x_wconf 91' lang='lat' dir='ltr'>terpositi</span> <span class='ocrx_word' id='word_1_171' title='bbox 408 3269 658 3367; x_wconf 76' lang='lat' dir='ltr'>proeliarentur,</span> <span class='ocrx_word' id='word_1_172' title='bbox 679 3289 782 3360; x_wconf 90' lang='lat' dir='ltr'>quum</span> <span class='ocrx_word' id='word_1_173' title='bbox 813 3267 1018 3335; x_wconf 88' lang='lat' dir='ltr'>constantius</span> <span class='ocrx_word' id='word_1_174' title='bbox 1047 3270 1190 3336; x_wconf 87' lang='lat' dir='ltr'>universi</span> <span class='ocrx_word' id='word_1_175' title='bbox 1214 3293 1272 3363; x_wconf 87' lang='lat' dir='ltr'>pa-</span> 
     </span>
     <span class='ocr_line' id='line_1_26' title="bbox 234 3386 1273 3483; baseline -0.007 -22"><span class='ocrx_word' id='word_1_176' title='bbox 234 3391 343 3462; x_wconf 92' lang='lat' dir='ltr'>ludem</span> <span class='ocrx_word' id='word_1_177' title='bbox 358 3393 566 3478; x_wconf 83' lang='lat' dir='ltr'>transissent,</span> <span class='ocrx_word' id='word_1_178' title='bbox 579 3389 758 3483; x_wconf 87' lang='lat' dir='ltr'>paucisque</span> <span class='ocrx_word' id='word_1_179' title='bbox 768 3386 995 3455; x_wconf 85' lang='lat' dir='ltr'>resistentibus</span> <span class='ocrx_word' id='word_1_180' title='bbox 1007 3387 1191 3455; x_wconf 86' lang='lat' dir='ltr'>interfectis</span> <span class='ocrx_word' id='word_1_181' title='bbox 1201 3409 1273 3478; x_wconf 86' lang='lat' dir='ltr'>per·</span> 
     </span>
     <span class='ocr_line' id='line_1_27' title="bbox 234 3505 1272 3604; baseline -0.011 -22"><span class='ocrx_word' id='word_1_182' title='bbox 234 3515 373 3581; x_wconf 91' lang='lat' dir='ltr'>tinacius</span> <span class='ocrx_word' id='word_1_183' title='bbox 391 3509 553 3604; x_wconf 91' lang='lat' dir='ltr'>reliquam</span> <span class='ocrx_word' id='word_1_184' title='bbox 570 3505 819 3576; x_wconf 89' lang='lat' dir='ltr'>multitudinem</span> <span class='ocrx_word' id='word_1_185' title='bbox 840 3521 947 3573; x_wconf 84' lang='lat' dir='ltr'>essent</span> <span class='ocrx_word' id='word_1_186' title='bbox 967 3507 1126 3592; x_wconf 89' lang='lat' dir='ltr'>insecuti,</span> <span class='ocrx_word' id='word_1_187' title='bbox 1146 3519 1272 3598; x_wconf 85' lang='lat' dir='ltr'>perter-</span> 
     </span>
     <span class='ocr_line' id='line_1_28' title="bbox 233 3624 1271 3721; baseline -0.013 -19"><span class='ocrx_word' id='word_1_188' title='bbox 233 3634 288 3701; x_wconf 92' lang='lat' dir='ltr'>riti</span> <span class='ocrx_word' id='word_1_189' title='bbox 316 3656 383 3701; x_wconf 91' lang='lat' dir='ltr'>non</span> <span class='ocrx_word' id='word_1_190' title='bbox 409 3628 517 3699; x_wconf 90' lang='lat' dir='ltr'>solum</span> <span class='ocrx_word' id='word_1_191' title='bbox 544 3629 567 3696; x_wconf 94' lang='lat' dir='ltr'>ii</span> <span class='ocrx_word' id='word_1_192' title='bbox 598 3627 655 3721; x_wconf 93' lang='lat' dir='ltr'>qui</span> <span class='ocrx_word' id='word_1_193' title='bbox 675 3641 733 3694; x_wconf 86' lang='lat' dir='ltr'>aut</span> <span class='ocrx_word' id='word_1_194' title='bbox 756 3625 906 3694; x_wconf 89' lang='lat' dir='ltr'>cominus</span> <span class='ocrx_word' id='word_1_195' title='bbox 924 3624 1197 3717; x_wconf 87' lang='lat' dir='ltr'>opprimebantur</span> <span class='ocrx_word' id='word_1_196' title='bbox 1214 3638 1271 3691; x_wconf 90' lang='lat' dir='ltr'>aut</span> 
     </span>
     <span class='ocr_line' id='line_1_29' title="bbox 234 3742 1270 3837; baseline -0.012 -16"><span class='ocrx_word' id='word_1_197' title='bbox 234 3753 361 3820; x_wconf 90' lang='lat' dir='ltr'>eminus</span> <span class='ocrx_word' id='word_1_198' title='bbox 384 3749 660 3835; x_wconf 84' lang='lat' dir='ltr'>vulnerabantur,</span> <span class='ocrx_word' id='word_1_199' title='bbox 680 3745 734 3815; x_wconf 92' lang='lat' dir='ltr'>sed</span> <span class='ocrx_word' id='word_1_200' title='bbox 752 3747 849 3814; x_wconf 88' lang='lat' dir='ltr'>etiam</span> <span class='ocrx_word' id='word_1_201' title='bbox 867 3745 924 3836; x_wconf 92' lang='lat' dir='ltr'>qui</span> <span class='ocrx_word' id='word_1_202' title='bbox 949 3743 1079 3837; x_wconf 81' lang='lat' dir='ltr'>longius</span> <span class='ocrx_word' id='word_1_203' title='bbox 1096 3742 1270 3810; x_wconf 87' lang='lat' dir='ltr'>subsidiari</span> 
     </span>
     <span class='ocr_line' id='line_1_30' title="bbox 234 3861 1271 3960; baseline -0.007 -22"><span class='ocrx_word' id='word_1_204' title='bbox 234 3884 488 3957; x_wconf 86' lang='lat' dir='ltr'>consueverant,</span> <span class='ocrx_word' id='word_1_205' title='bbox 511 3870 652 3960; x_wconf 90' lang='lat' dir='ltr'>turpiter</span> <span class='ocrx_word' id='word_1_206' title='bbox 673 3866 850 3960; x_wconf 80' lang='lat' dir='ltr'>sugerunt3</span> <span class='ocrx_word' id='word_1_207' title='bbox 871 3887 931 3931; x_wconf 88' lang='lat' dir='ltr'>nec</span> <span class='ocrx_word' id='word_1_208' title='bbox 951 3863 1042 3956; x_wconf 92' lang='lat' dir='ltr'>prius</span> <span class='ocrx_word' id='word_1_209' title='bbox 1062 3861 1161 3931; x_wconf 86' lang='lat' dir='ltr'>finem</span> <span class='ocrx_word' id='word_1_210' title='bbox 1186 3862 1271 3958; x_wconf 72' lang='lat' dir='ltr'>fuges</span> 
     </span>
     <span class='ocr_line' id='line_1_31' title="bbox 234 3980 1271 4080; baseline -0.009 -21"><span class='ocrx_word' id='word_1_211' title='bbox 234 3991 395 4076; x_wconf 80' lang='lat' dir='ltr'>iecerunt,</span> <span class='ocrx_word' id='word_1_212' title='bbox 416 4012 500 4080; x_wconf 83' lang='lat' dir='ltr'>saepe</span> <span class='ocrx_word' id='word_1_213' title='bbox 524 3987 651 4053; x_wconf 92' lang='lat' dir='ltr'>amissis</span> <span class='ocrx_word' id='word_1_214' title='bbox 675 3982 900 4078; x_wconf 89' lang='lat' dir='ltr'>superioribus</span> <span class='ocrx_word' id='word_1_215' title='bbox 926 3980 1020 4072; x_wconf 89' lang='lat' dir='ltr'>locis,</span> <span class='ocrx_word' id='word_1_216' title='bbox 1041 4005 1140 4073; x_wconf 85' lang='lat' dir='ltr'>quarn</span> <span class='ocrx_word' id='word_1_217' title='bbox 1160 4005 1194 4050; x_wconf 90' lang='lat' dir='ltr'>se</span> <span class='ocrx_word' id='word_1_218' title='bbox 1213 3998 1271 4050; x_wconf 90' lang='lat' dir='ltr'>aut</span> 
     </span>
    </p>
   </div>
   <div class='ocr_carea' id='block_1_3' title="bbox 1073 4097 1123 4167">
    <p class='ocr_par' dir='ltr' id='par_1_3' title="bbox 1073 4097 1123 4167">
     <span class='ocr_line' id='line_1_32' title="bbox 1073 4097 1123 4167; baseline -0.02 0"><span class='ocrx_word' id='word_1_219' title='bbox 1073 4097 1123 4167; x_wconf 82' lang='lat'>15.</span> 
     </span>
    </p>
   </div>
   <div class='ocr_carea' id='block_1_4' title="bbox 0 0 1536 4766">
    <p class='ocr_par' dir='ltr' id='par_1_4' title="bbox 0 0 1536 4766">
     <span class='ocr_line' id='line_1_33' title="bbox 0 0 1536 4766; baseline 0 0"><span class='ocrx_word' id='word_1_220' title='bbox 0 0 1536 4766; x_wconf 95' lang='lat' dir='ltr'> </span> 
     </span>
    </p>
   </div>
  </div>
 </body>
</html>
