3038 4766
463 384 515 438 DE
535 383 658 438 BELLO
679 383 795 440 ctvttt
814 383 884 438 LIB.
904 383 958 438 ΙΙΙ.
1144 387 1147 394 ’
1173 384 1224 440 131

197 507 310 578 eadem
327 533 395 596 res,
413 507 577 578 celeritate
605 508 846 602 insequentium
872 504 1014 592 tardata,
1033 509 1154 576 nostris
1173 531 1226 576 sa·

197 625 299 696 tutem
317 627 438 696 attulit.

244 747 365 814 LXXI.
394 745 535 816 Duobus
555 747 606 814 his
626 747 723 816 unius
745 745 810 814 diei
826 742 949 840 proeliis
967 747 1075 816 Caesar
1099 745 1227 816 deside·
1254 839 1258 847 ι

197 867 283 936 ravit
299 863 421 936 milites
439 888 608 952 ococcux,
627 880 661 934 et
677 863 772 936 notos
790 867 916 959 equites
936 891 1108 952 romanos,
1123 865 1229 960 Felgi-

197 1002 305 1057 natem
325 987 524 1058 Tuticanum
541 984 691 1074 Gallum,
708 987 864 1054 senatoris
883 984 1005 1070 filium
1026 989 1064 1056 C.
1084 984 1229 1080 Felgina-

198 1121 279 1194 tem,
296 1105 462 1176 Placentia
475 1131 485 1193 ς
500 1109 539 1176 Δ.
550 1103 730 1192 Granium,
743 1103 903 1193 Puteolis;
913 1107 961 1174 M.
976 1107 1226 1192 Sacrativirum,

196 1229 333 1321 Capua;
365 1229 518 1298 tribunos
551 1226 690 1296 militnm
722 1241 756 1296 et
786 1228 995 1296 centuriones
1027 1253 1136 1298 xxxii.
1162 1228 1226 1301 Sed

197 1346 316 1416 borum
334 1349 482 1418 omnium
500 1371 578 1442 pars
598 1371 731 1440 magna,
755 1348 789 1415 in
809 1347 903 1417 fossis
923 1348 1226 1441 munitionibusque

196 1480 230 1533 et
245 1465 390 1536 fluminis
406 1469 488 1560 ripis
504 1489 661 1560 oppressa
678 1487 812 1534 suorum
829 1480 955 1536 terrore
979 1489 1017 1536 ac
1036 1466 1133 1562 iuga,
1156 1469 1226 1537 sine

197 1584 266 1662 ulio
295 1583 430 1656 vulnere
464 1587 602 1672 interiit,
634 1585 793 1679 signaque
827 1599 905 1654 sunt
935 1584 1090 1654 militaria
1125 1609 1225 1686 mn

197 1707 323 1776 amissa.
349 1708 525 1798 Pompeius
540 1731 580 1774 eo
604 1703 724 1798 ¹proelio
753 1705 931 1798 imperator
957 1719 1006 1774 est
1032 1703 1224 1798 appellatus.

197 1828 269 1895 Hoc
285 1849 407 1902 nomen
423 1825 584 1911 obtinuit,
602 1839 701 1917 atque
716 1826 760 1893 ita
779 1847 815 1894 se
832 1837 942 1917 postea
961 1823 1094 1892 salutari
1114 1848 1226 1917 passus

196 1957 259 2028 est;
275 1942 332 2012 sed
349 1967 455 2036 neque
470 1945 504 2012 in
519 1942 651 2030 litteris,
665 1967 747 2035 quas
758 1943 898 2012 scribere
912 1957 962 2012 est
973 1941 1108 2030 solitus,
1123 1967 1227 2036 neque

197 2065 230 2130 in
249 2061 389 2131 fascibus
404 2062 542 2156 iusignia
560 2059 678 2132 laurete
695 2061 848 2156 praetulit.
868 2065 911 2132 At
927 2062 1106 2146 Labienus,
1122 2085 1225 2154 quum

196 2180 239 2249 ab
266 2203 307 2250 eo
331 2179 584 2274 impetravisset,
612 2195 651 2250 ut
673 2181 736 2250 sibi
761 2183 906 2275 captivos
932 2181 1054 2250 transdi
1077 2182 1226 2275 juberet,

197 2323 310 2368 omnes
337 2299 535 2395 productos,
556 2302 805 2387 ostentationis,
829 2315 868 2370 ut
893 2300 1085 2387 videbatur,
1111 2325 1226 2386 causa,

197 2445 263 2512 quo
276 2419 383 2513 major
398 2420 540 2515 pertingat
554 2419 634 2516 fides
648 2421 844 2503 haberetur,
857 2419 1095 2490 commilitones
1111 2420 1226 2515 appel·

197 2536 286 2622 lans,
301 2553 335 2607 ct
349 2563 469 2634 magna
486 2539 660 2608 verborum
678 2536 875 2608 contumelia
898 2540 1117 2632 interrogans,
1137 2569 1154 2604 c
1171 2565 1225 2610 so·

197 2655 499 2726 lerentneveterani
515 2657 635 2726 milites
650 2655 780 2749 fugere,
795 2685 811 2720 o
829 2657 863 2724 in
880 2658 1027 2725 omnium
1046 2671 1226 2750 conspectu

161 2768 166 2778 ’
196 2779 362 2848 interficit.
1134 2827 1135 2837 a

243 2900 380 2967 LXXII.
410 2896 470 2964 His
487 2895 584 2964 nebus
609 2908 736 2964 tantum
761 2894 889 2964 fiducita
912 2919 950 2964 ac
974 2896 1108 2989 spiritus
1129 2899 1227 2966 Pom·

197 3015 322 3110 peianis
339 3019 489 3098 accessit,
505 3029 542 3083 ut
558 3038 625 3082 non
643 3013 684 3082 de
699 3014 829 3082 ratione
847 3011 925 3084 belii
943 3016 1143 3108 cogitarent,
1170 3017 1227 3086 sed

197 3137 312 3206 vicisse
324 3137 392 3230 jam
409 3135 470 3206 sibi
487 3133 685 3203 viderentur.
719 3135 797 3202 Non
814 3131 859 3204 itti
878 3135 1078 3227 paucitatem
1096 3151 1226 3206 nostro·

197 3281 271 3326 rum
298 3255 459 3343 militum,
491 3279 558 3324 non
583 3254 787 3347 iniquitatem
817 3249 882 3323 loci
912 3267 1011 3346 atque
1037 3255 1227 3349 angustias,

198 3379 432 3471 preoccupatis
446 3377 580 3462 castris,
599 3389 633 3444 ct
649 3377 823 3469 ancipitem
843 3388 1001 3448 terrorem
1017 3377 1104 3446 intra
1120 3387 1228 3445 extra·

118 3583 119 3588 ἵ
197 3519 261 3588 que
281 3497 501 3580 munitiones,
521 3519 589 3570 uon
605 3495 786 3590 ¹abscissum
805 3497 840 3565 io
859 3497 942 3566 duas
967 3513 1074 3590 partes
1104 3496 1227 3565 exerci-

199 3630 286 3702 tum,
298 3641 401 3710 quum
412 3615 516 3684 altera
525 3613 621 3684 alteri
630 3613 788 3690 auxilium
802 3611 887 3684 ierre
900 3639 966 3688 uon
980 3630 1109 3708 posset,
1121 3636 1227 3686 musae

198 3733 297 3804 fuisse
312 3736 511 3831 cogitabant.
532 3735 609 3804 Non
629 3732 672 3803 ad
695 3733 764 3802 btec
786 3733 968 3820 addebant,
993 3758 1060 3804 non
1086 3747 1128 3802 ex
1148 3757 1227 3805 eou-

198 3877 296 3922 cursu
314 3856 382 3924 acri
397 3855 501 3940 facto,
518 3878 586 3924 non
610 3851 728 3948 proelio
753 3851 962 3940 dimicatum,
987 3853 1112 3945 sibique
1139 3853 1227 3944 ipsos

199 3969 410 4042 multitudine
433 3987 532 4066 atque
554 3972 715 4065 angustiis
744 3977 850 4066 majus
879 3971 1024 4043 attulisse
1052 3971 1227 4070 detrimen-

1048 4115 1082 4186 9.
