3086 4766
500 347 551 402 DE
573 347 691 402 BELLO
712 347 874 404 GALLICO
895 349 962 404 LlB.
983 349 1032 404 Vl.
1239 348 1291 416 157

244 485 371 564 torum,
393 501 466 569 quae
495 477 530 542 in
556 475 672 542 castris
697 474 902 562 subsederat,
929 475 1016 544 facta
1039 489 1219 569 potestate,
1244 502 1293 544 se-

119 680 124 690 .
242 594 366 684 quitur.

290 719 464 784 XXXVII.
486 720 560 784 Hoc
574 718 646 809 ipso
663 731 811 810 tempore
826 742 903 785 casu
922 719 1082 785 Germani
1096 718 1224 809 equites
1240 719 1291 785 in·

243 837 448 924 terreniunt,
467 838 686 930 protinusque
701 837 818 905 eodem
838 834 895 904 illo
913 861 981 929 quo
996 851 1174 923 venerant,
1191 861 1290 906 cursu

243 955 285 1022 ab
301 958 495 1024 Decumana
514 971 609 1051 porta
631 959 665 1024 in
686 971 791 1025 castra
814 957 1001 1051 irrumpere
1019 971 1183 1027 conantur
1201 983 1208 1023 ε
1228 981 1290 1024 nec

245 1077 335 1168 prius
351 1091 430 1144 sunt
446 1077 522 1164 visi,
540 1077 678 1170 objectis
700 1078 742 1145 ab
764 1102 800 1144 ea
819 1091 913 1170 parte
929 1076 1039 1165 silvis,
1056 1103 1156 1170 quam
1173 1080 1290 1146 castris

242 1197 570 1292 appropinquarent,
592 1222 696 1290 usque
715 1222 770 1280 eo,
788 1213 839 1285 ut,
857 1199 914 1290 qui
932 1197 993 1264 sub
1012 1195 1101 1265 vallo
1115 1197 1289 1266 tenderent

244 1325 460 1406 mercatores,
478 1317 663 1413 recipiendi
675 1318 726 1385 sui
738 1315 930 1425 facultatem
946 1341 1011 1386 non
1031 1318 1201 1387 haberent.
1212 1321 1289 1387 'Ino-

244 1439 397 1533 pinantes
413 1440 519 1507 nostri
534 1463 666 1506 renova
682 1437 939 1531 perturbantur,
952 1462 990 1506 ac
1004 1440 1057 1506 vix
1069 1440 1216 1532 primum
1231 1441 1291 1508 irn-

244 1573 359 1653 petum
375 1559 495 1627 cohors
511 1559 546 1626 in
559 1559 701 1626 statione
716 1559 865 1626 sustinet.
878 1558 1204 1660 Circumfunduptur
1215 1559 1292 1627 hos·

245 1697 292 1750 tes
313 1704 354 1747 ex
378 1678 515 1773 reliquis
539 1680 705 1773 partibus,
728 1678 755 1746 si
778 1703 876 1771 quem
898 1678 1194 1772 aditumreperire
1214 1703 1285 1773 pos·
1315 1687 1317 1691 ’

243 1813 325 1866 sent.
344 1800 443 1892 AEgre
464 1798 569 1866 nostri
591 1811 704 1890 portas
725 1811 879 1880 tuentur,
900 1795 1046 1889 reliquos
1065 1796 1173 1868 aditus
1198 1797 1291 1868 locus

244 1919 314 2011 ipse
326 1942 386 2011 per
402 1942 436 1986 se
456 1917 666 2011 munitioque
678 1915 834 1984 defendit.
847 1917 940 1984 Totis
958 1917 1144 2011 trepidatur
1154 1920 1288 2005 castris,

243 2052 344 2132 atque
364 2036 447 2106 alius
465 2063 503 2106 ex
525 2035 589 2106 alio
606 2061 740 2106 causam
757 2035 920 2105 tumultus
936 2038 1054 2130 quaerit
1072 2049 1204 2132 :neque
1222 2064 1290 2132 quo

242 2161 337 2255 signa
360 2160 528 2246 ferantur,
554 2183 783 2260 nequequam
805 2161 839 2226 in
860 2173 987 2252 partem
1011 2159 1150 2253 quisque
1169 2185 1290 2230 conve-

242 2283 331 2364 niat,
348 2281 535 2376 provident.
550 2280 646 2350 Alius
661 2295 758 2374 capta
765 2281 834 2373 jam
848 2295 954 2348 castra
965 2283 1176 2373 pronuntiat3
1191 2281 1288 2370 alius,

242 2399 351 2469 deleto
373 2403 520 2470 exercitu
542 2417 643 2496 atque
660 2403 875 2495 imperatore,
895 2402 1035 2470 victores
1055 2402 1214 2472 barbaros
1233 2428 1289 2470 ve-

242 2522 329 2590 nisse
353 2523 525 2591 contendit
548 2522 727 2616 :plerique
751 2545 854 2591 novas
873 2521 936 2590 sihi
957 2547 996 2589 ex
1017 2520 1090 2590 loco
1113 2520 1289 2615 religiones

242 2640 389 2734 fingunt,
407 2645 580 2734 Cottaeque
597 2643 768 2710 et'Titurii
787 2639 1025 2729 calamitatem,
1043 2642 1101 2734 qui
1120 2642 1154 2708 in
1173 2641 1288 2708 eodem

242 2758 426 2828 occiderint
443 2759 593 2847 castello,
609 2775 685 2830 ante
698 2759 813 2830 oculos
835 2775 977 2854 ponunt.
995 2758 1068 2827 Tali
1082 2761 1202 2827 timore
1215 2784 1287 2827 om·

242 2880 340 2950 nibus
370 2880 573 2974 perterritis,
599 2881 816 2950 confirmatur
845 2880 960 2974 opinio
989 2879 1156 2966 barbaris,
1185 2893 1222 2948 ut
1250 2905 1288 2948 ex

241 2999 374 3094 captivo
401 2997 596 3088 audierant,
619 2997 749 3069 nullum
772 3024 841 3068 esse
869 3001 958 3068 intus
983 2997 1183 3093 praesidium.
1207 3004 1288 3069 Per·

242 3143 397 3216 rumpere
407 3123 578 3210 nituntur,
590 3146 690 3215 seque
702 3121 763 3215 ipsi
776 3121 1011 3208 adhortantur,
1026 3145 1068 3189 ne
1080 3134 1204 3190 tantam
1221 3121 1288 3192 for·

241 3256 359 3310 tunam
377 3267 417 3310 ex
435 3243 588 3311 manibus
607 3241 788 3310 dimittant.
1203 3329 1206 3335 Ι

289 3365 480 3433 XXXVIII.
506 3368 586 3434 Erat
605 3389 691 3458 aeger
711 3364 745 3430 in
768 3362 919 3455 praesidio
940 3361 1076 3432 relictus
1095 3367 1133 3431 P.
1156 3364 1288 3433 Sextius

244 3481 398 3571 Baculus,
413 3486 471 3578 qui
489 3485 636 3577 primum
653 3480 759 3577 pilum
776 3483 818 3551 ad
835 3485 1000 3552 Cesarem
1018 3483 1173 3569 duxerat,
1193 3484 1288 3576 cujus

242 3607 446 3674 mentionem
473 3605 701 3698 superioribus
726 3603 851 3698 proeliis
874 3603 1025 3690 fecimus,
1048 3629 1087 3672 ac
1109 3602 1197 3670 diem
1218 3601 1287 3695 jam

243 3726 398 3818 quintum
416 3725 491 3794 cibo
510 3739 671 3795 caruerat.
691 3725 768 3812 Hic,
786 3724 914 3794 diffisus
931 3749 998 3793 suae
1018 3739 1119 3816 atque
1138 3722 1288 3792 omnium

242 3843 357 3936 saluti,
380 3848 517 3916 inermis
539 3871 580 3916 ex
604 3844 820 3914 tabernaculo
842 3844 981 3939 prodit:
1003 3843 1093 3912 videt
1116 3843 1290 3912 imminere

243 3965 369 4057 hostes,
384 3982 483 4062 atque
499 3970 535 4036 in
551 3991 682 4036 summo
698 3991 768 4037 esse
783 3990 854 4036 rem
869 3966 1078 4036 discrimine:
1094 3965 1182 4059 capit
1198 3985 1290 4032 arma
