3088 4766
504 365 559 420 ua
583 364 704 420 sumo
724 367 839 422 mvnr
858 369 929 428 ma.
949 372 971 423 1.
1186 447 1187 452 p
1226 393 1258 447 η

233 489 488 586 regionibusque
502 490 657 576 Grreciae,
671 490 706 557 in
718 503 915 584 potestatem
935 491 1083 584 baberet,
1104 511 1202 590 atque
1218 525 1258 569 ex

234 625 374 702 utraque
402 622 496 701 parte
516 605 640 676 bellum
673 608 899 679 administrare
928 627 1052 704 posset,
1080 637 1124 682 an
1146 617 1259 710 iuopia

232 731 366 798 navium
397 727 442 795 ibi
463 723 672 820 restitisset);
699 728 901 822 veritusque,
921 739 964 799 ue
981 729 1109 802 Italiam
1136 733 1190 803 ille
1210 735 1259 805 di·

233 846 427 917 mittendam
448 869 516 914 non
535 846 750 936 existimaret,
769 849 876 917 exitus
891 849 1257 949 administrationesque

231 965 416 1036 brundisini
437 978 552 1058 portus
580 964 739 1059 impedire
757 967 930 1037 instituit:
956 993 1098 1062 quorum
1118 998 1255 1067 operum

229 1087 299 1155 bec
320 1100 389 1154 erat
411 1085 506 1152 ratio.
530 1084 607 1173 Qua
626 1083 735 1154 fauces
751 1101 846 1179 erant
864 1090 1100 1182 angustissima
1123 1108 1255 1185 portus,

228 1203 331 1274 moles
349 1217 448 1296 atque
465 1227 616 1298 aggerem
643 1203 685 1272 ab
705 1218 844 1297 utraque
863 1220 958 1299 parte
979 1205 1083 1278 litoris
1099 1211 1253 1303 jaciebat,

227 1323 316 1419 quod
335 1325 386 1392 his
400 1321 479 1392 locis
498 1337 570 1390 erat
582 1320 740 1391 vadosum
759 1347 859 1392 marc.
878 1328 1026 1420 longius
1039 1353 1253 1423 progressus,
1319 1324 1325 1335 '

228 1467 330 1538 quum
363 1465 463 1537 agger
486 1439 601 1510 altiore
624 1464 709 1535 aqua
736 1445 896 1532 contineri
925 1469 994 1514 uon
1022 1463 1142 1541 posset,
1167 1465 1252 1520 rates

227 1561 387 1657 duplices,
418 1583 666 1653 quoquoversus
694 1559 814 1653 pedum
840 1587 922 1650 xxx,
953 1589 972 1632 e
997 1569 1131 1660 regione
1157 1569 1252 1639 molis

225 1679 435 1750 collocabat:
459 1680 518 1747 has
544 1679 713 1770 quaternis
737 1680 867 1748 ancoris
891 1705 931 1749 ex
954 1689 1108 1774 quatuor‘
1121 1687 1251 1780 augulis

225 1797 426 1884 destinabat,
448 1820 489 1866 ne
506 1795 659 1864 fluctibus
679 1811 899 1868 moverentur.
928 1800 987 1868 llis
1008 1801 1159 1894 perfectis
1183 1804 1264 1874 cols

225 1915 419 2008 locatisque,
438 1913 523 1984 alias
532 1913 685 2008 deinceps
701 1917 774 2009 pari
792 1917 1020 2011 magnitudine
1039 1923 1251 2017 ratesjunge-

223 2034 281 2104 bat
297 2059 306 2103 ε
321 2033 380 2102 bas
400 2047 487 2103 terra
506 2049 604 2127 atque
622 2057 741 2128 aggere
762 2035 943 2130 integebat,
961 2063 1004 2108 ue
1023 2039 1131 2108 aditus
1150 2056 1249 2136 atque
1301 2053 1305 2062 '

223 2155 373 2223 incursus
394 2153 436 2222 ad
458 2151 700 2222 defendendum
717 2153 932 2248 impediretur
952 2179 961 2223 t
986 2158 1131 2229 afronte
1150 2174 1249 2256 atque

222 2272 264 2342 ab
284 2286 426 2366 utroque
455 2268 558 2340 latere
581 2271 725 2341 cratibus
748 2294 786 2339 ac
811 2271 931 2366 pluteis
956 2277 1184 2370 protegebat:
1212 2283 1246 2349 in

221 2406 340 2486 quarta
354 2415 485 2484 quaque
498 2415 613 2459 earum
625 2406 733 2460 turres
749 2390 903 2460 binorum
921 2393 1143 2466 tabulatorum
1160 2401 1247 2468 exci-

220 2511 331 2598 tabat,
348 2534 415 2603 quo
433 2509 638 2578 commodius
658 2509 701 2578 ab
720 2509 846 2602 impetu
864 2513 999 2581 navium
1022 2514 1246 2610 incendiisque

219 2626 417 2700 defenderet.

267 2749 392 2818 xxvl.
416 2747 541 2814 Contra
566 2745 635 2812 hac
663 2745 839 2836 Pompeius
857 2771 956 2816 naves
980 2773 1114 2844 magnas
1130 2775 1245 2821 onera-

219 2869 306 2956 rias,
323 2888 406 2961 quas
423 2863 457 2932 in
480 2875 579 2956 portu
602 2860 798 2931 brundisino
813 2841 1089 2974 deprehenderat,
1106 2869 1242 2938 adorna·

218 2985 285 3056 bat.
308 2984 360 3054 Ibi
381 2997 488 3051 turres
510 3005 586 3052 cum
611 2982 712 3050 ternis
737 2980 891 3050 tabulatis
917 2985 1082 3079 erigebat,
1103 3011 1242 3080 easque,

219 3102 331 3173 multis
346 3102 517 3173 tormentis
534 3116 567 3169 et
579 3101 671 3169 omui
690 3123 809 3194 genere
829 3100 968 3170 telorum
986 3101 1182 3198 completas,
1199 3108 1244 3195 ad

218 3249 320 3319 opera
338 3223 476 3297 Caesaris
494 3219 700 3315 appellebat,
718 3235 756 3289 ut
775 3235 861 3290 rates
879 3237 1124 3318 perrumperet,
1142 3239 1242 3321 atque

217 3367 316 3440 opera
329 3343 538 3414 disturbaret.
556 3342 610 3410 Sic
628 3339 776 3432 quotidie
795 3341 950 3432 utrinque
964 3344 1094 3412 uinus
1112 3342 1240 3434 fundis,

217 3463 360 3558 sagittis,
387 3460 587 3554 reliquisque
614 3455 686 3527 telis
715 3459 937 3552 pugnabatur.
967 3463 1076 3554 Atque
1098 3461 1169 3532 hese
1194 3466 1240 3532 ita

217 3585 326 3652 Caesar
350 3579 617 3661 administrabat,
635 3591 674 3646 ut
690 3576 897 3646 conditiones
919 3579 1009 3671 pacis
1030 3578 1241 3652 dimittendas

192 3724 286 3770 nou
310 3700 519 3770 existimaret
547 3701 597 3768 Ac
617 3698 747 3766 tametsi
773 3719 973 3791 magnopere
998 3695 1239 3788 admirabatur,

217 3818 382 3910 Magium,
400 3841 499 3910 quem
525 3815 568 3886 ad
592 3816 786 3909 Pompeium
807 3839 885 3884 cum
902 3813 1064 3883 mandeba
1088 3815 1238 3898 miserat,

218 3931 260 4002 ad
275 3957 309 4004 se
323 3959 390 4004 uon
406 3936 550 4024 remitti,
576 3947 677 4029 atque
692 3957 730 4004 ea
747 3957 798 4004 res
813 3957 897 4027 saepe
913 3946 1039 4004 tentata
1054 3936 1114 4003 etsi
1132 3935 1237 4028 impe-

360 4077 395 4121 ιι.
1085 4079 1104 4122 a
