3038 4766
480 413 531 470 DII
553 409 673 469 nouo
692 411 810 468 ctvtLt
831 409 901 468 Lttt.
922 411 974 468 nt.
1188 433 1242 487 ¹⁰7

211 539 359 611 deductis
380 541 577 632 Pergamum
605 551 705 629 atque
728 538 763 606 in
787 533 1059 630 locupletissimas
1084 537 1182 608 urbes
1207 539 1242 608 iu

210 659 348 728 hiberna
369 656 571 752 legionibus,
582 658 743 726 maximas
761 652 955 751 largitiones
967 655 1043 725 lecit
1054 709 1062 743 ‚
1073 671 1107 726 et
1124 657 1244 728 conllr-

209 779 409 848 mandorum
425 775 568 846 militum
584 802 684 848 causa
698 775 904 870 diripiendas
921 778 961 845 iis
975 777 1124 851 civitates
1142 778 1242 848 dedit.

257 901 400 968 XXXII.
422 898 561 967 Interim
581 897 790 966 acerbissime
812 899 979 992 imperatae
1003 897 1150 990 pecuniae
1174 911 1244 966 tota

209 1019 378 1114 provincia
404 995 650 1112 exigebantur:
678 1015 781 1089 multa
806 1031 965 1113 praeterea
991 1019 1174 1113 generatim
1198 1017 1242 1085 ad

208 1140 379 1208 avaritiam
406 1136 686 1230 excogitabantur.
713 1139 753 1204 In
779 1137 886 1229 capita
912 1133 1042 1230 singula
1070 1158 1241 1205 sorvorum

209 1283 248 1328 ao
262 1257 443 1328 liberorum
459 1243 621 1325 tributum
637 1255 889 1349 imponebatur:
904 1253 1124 1341 columnaria,
1141 1256 1242 1324 ostia·

208 1379 277 1464 ria,
304 1375 529 1462 frumentum,
556 1373 697 1462 milites,
724 1376 883 1468 remiges,
910 1399 1021 1462 arma,
1051 1357 1242 1460 tormenta,

207 1511 350 1567 vecturas
366 1495 614 1591 imperabantur
632 1523 640 1564 :
660 1497 754 1590 cujus
775 1495 864 1564 modi
887 1497 936 1564 rei
956 1519 1077 1564 nomen
1103 1497 1240 1589 reperiri

208 1632 354 1711 poterat,
370 1591 434 1685 hoc
452 1617 530 1690 satis
550 1641 619 1685 esse
636 1615 678 1684 ad
694 1613 858 1709 cogendus
879 1619 1035 1708 pecunias
1053 1615 1238 1685 videbatur.

209 1739 286 1807 Nou
305 1734 411 1806 solum
429 1736 586 1822 urbibus,
602 1735 659 1804 sed
679 1759 763 1829 pene
780 1735 861 1802 vicis
878 1733 1084 1828 castellisque
1104 1734 1242 1829 singulis

208 1881 284 1925 cum
305 1857 444 1949 imperio
467 1855 742 1950 praeficiebantur.
762 1828 831 1943 Qui
854 1855 973 1923 horum
995 1855 1076 1948 quid
1096 1855 1240 1924 acerbis·

142 1982 146 1990 '
208 1977 290 2045 sime
308 1973 600 2068 crudelissimeque
617 1974 756 2063 fecerat,
772 1977 798 2043 is
821 1989 855 2043 et
877 1973 928 2043 vir
947 1990 979 2042 et
996 1977 1077 2044 civis
1095 1977 1242 2068 optimus
1287 1988 1292 1997 '

207 2094 400 2162 habebatur.
414 2097 493 2163 Erat
507 2093 603 2186 plena
615 2092 768 2163 lictorum
780 2110 814 2164 et
826 2097 1041 2189 imperiorum
1055 2095 1241 2188 provincia3

207 2213 337 2282 differta
358 2213 518 2307 prefectis
537 2228 635 2308 atque
651 2216 880 2302 exactoribus,
901 2216 978 2308 qui,
998 2225 1124 2310 praeter·
1137 2217 1242 2308 impc-

207 2349 294 2402 ratas
309 2309 482 2428 pecunias,
495 2358 555 2404 suo
566 2335 664 2403 etiam
679 2334 808 2428 privato
822 2334 1018 2429 compendio
1032 2334 1219 2405 serviebant
1233 2359 1241 2402 :

207 2453 405 2522 dictitabant
421 2455 531 2540 enim,
552 2479 607 2540 se,
628 2452 728 2522 donno
746 2455 921 2547 patriaque
941 2452 1114 2547 expulsos,
1134 2455 1242 2521 omni-

205 2573 268 2641 bus
292 2575 481 2642 necessariis
509 2597 606 2666 egere
624 2573 745 2658 rebus,
769 2587 807 2654 ut
832 2573 978 2639 honesta·
992 2572 1241 2665 prescriptione

206 2715 277 2760 rem
296 2692 517 2783 turpissimam
534 2703 692 2783 tegerent.
711 2688 923 2758 Accedebant
941 2689 983 2758 ad
1000 2691 1070 2758 baec
1087 2691 1242 2783 gravissi·

206 2835 268 2879 mae
283 2834 405 2894 usurae,
420 2808 509 2900 quod
526 2811 560 2876 in
577 2805 665 2875 bello
681 2807 876 2901 plerumque
890 2807 1040 2877 accidere
1052 2810 1240 2892 consuevit,

206 2929 367 2998 universis
388 2927 555 3020 imperatis
573 2927 746 3018 pecuniis:
765 2928 884 3019 quibus
903 2928 937 2996 in
960 2927 1059 2996 rebus
1081 2924 1241 3020 prolatio·

206 3072 283 3116 nem
305 3047 369 3116 diei
390 3046 601 3115 donationem
625 3069 694 3114 esse
713 3045 877 3116 dicebant.
897 3049 1015 3140 Itaque
1034 3073 1077 3117 aes
1096 3045 1240 3117 alienum

205 3167 385 3260 provincia
408 3191 448 3234 eo
473 3164 609 3234 biennio
630 3163 885 3260 multiplicatum
912 3179 972 3235 est.
991 3149 1109 3260 Neque
1129 3169 1239 3237 minus

205 3286 250 3354 ob
269 3311 342 3354 eam
366 3290 498 3354 causam
517 3286 643 3354 civibus
659 3288 805 3354 romanis
827 3285 897 3378 ejus
915 3288 1111 3380 provinciae,
1128 3287 1185 3356 sed
1202 3290 1237 3357 in

206 3403 354 3501 singulos
372 3411 556 3475 conventus
575 3403 786 3500 singulasque
804 3406 953 3475 civitates
972 3421 1069 3475 certae
1089 3408 1239 3500 pecuniae

206 3524 475 3619 imperabantur,
498 3540 696 3619 mutuasque
727 3523 798 3593 illas
823 3549 864 3593 ex
882 3529 915 3595 S.
938 3529 976 3597 C.
990 3525 1082 3620 exigi
1108 3525 1263 3612 dictita-V

204 3643 284 3713 bant
298 3671 306 3713 :
321 3643 522 3739 pilblicanis,
538 3645 586 3714 uti
603 3643 637 3714 in
653 3645 747 3738 Syria
764 3643 926 3731 fecerant,
940 3644 1144 3739 insequentis
1155 3645 1238 3714 enni

205 3763 346 3860 vectigal
368 3778 595 3858 promutuum.

252 3885 410 3952 XXXIII.
427 3887 591 3954 Praeterea
605 3883 726 3979 Ephesi
742 3909 761 3954 a
777 3883 986 3955 fanotDiance
1001 3883 1168 3980 depositas
1184 3909 1241 3954 au·

152 4097 156 4108 .
207 4000 345 4093 tiquitus
368 4005 525 4096 pecunias
547 4004 658 4097 Scipio
683 4002 769 4074 tolli.
781 4005 939 4098 jubebat,
959 4017 1150 4099 ceterasque
1170 4005 1241 4098 ejus
