<?xml version="1.0" encoding="UTF-8"?>
<!DOCTYPE html PUBLIC "-//W3C//DTD XHTML 1.0 Transitional//EN"
    "http://www.w3.org/TR/xhtml1/DTD/xhtml1-transitional.dtd">
<html xmlns="http://www.w3.org/1999/xhtml" xml:lang="en" lang="en">
 <head>
  <title>
</title>
<meta http-equiv="Content-Type" content="text/html;charset=utf-8" />
  <meta name='ocr-system' content='tesseract 3.04.00' />
  <meta name='ocr-capabilities' content='ocr_page ocr_carea ocr_par ocr_line ocrx_word'/>
</head>
<body>
  <div class='ocr_page' id='page_1' title='image "./cjcaesarisopera00caesgoog_0322.png"; bbox 0 0 3020 4768; ppageno 0'>
   <div class='ocr_carea' id='block_1_1' title="bbox 271 333 1145 392">
    <p class='ocr_par' dir='ltr' id='par_1_1' title="bbox 271 333 1145 392">
     <span class='ocr_line' id='line_1_1' title="bbox 271 333 1145 392; baseline 0.001 -2"><span class='ocrx_word' id='word_1_1' title='bbox 271 333 305 391; x_wconf 82' lang='lat'>16</span> <span class='ocrx_word' id='word_1_2' title='bbox 427 333 457 390; x_wconf 72' lang='lat' dir='ltr'><strong>G</strong></span> <span class='ocrx_word' id='word_1_3' title='bbox 476 335 572 391; x_wconf 87' lang='lat' dir='ltr'>JULII</span> <span class='ocrx_word' id='word_1_4' title='bbox 593 333 758 390; x_wconf 79' lang='lat' dir='ltr'><strong>CAESARIS</strong></span> <span class='ocrx_word' id='word_1_5' title='bbox 780 333 1145 392; x_wconf 65' lang='lat' dir='ltr'>commutationum</span> 
     </span>
    </p>
   </div>
   <div class='ocr_carea' id='block_1_2' title="bbox 226 457 1402 3442">
    <p class='ocr_par' dir='ltr' id='par_1_2' title="bbox 256 457 1402 2722">
     <span class='ocr_line' id='line_1_2' title="bbox 270 457 1304 553; baseline 0.004 -23"><span class='ocrx_word' id='word_1_6' title='bbox 270 460 387 530; x_wconf 87' lang='lat' dir='ltr'>finium</span> <span class='ocrx_word' id='word_1_7' title='bbox 406 475 649 544; x_wconf 88' lang='lat' dir='ltr'>commoratus,</span> <span class='ocrx_word' id='word_1_8' title='bbox 667 475 700 528; x_wconf 90' lang='lat' dir='ltr'>et</span> <span class='ocrx_word' id='word_1_9' title='bbox 721 483 780 553; x_wconf 88' lang='lat' dir='ltr'>per</span> <span class='ocrx_word' id='word_1_10' title='bbox 797 457 878 528; x_wconf 85' lang='lat' dir='ltr'>fines</span> <span class='ocrx_word' id='word_1_11' title='bbox 893 463 1180 552; x_wconf 85' lang='lat' dir='ltr'>Marrucinorum,</span> <span class='ocrx_word' id='word_1_12' title='bbox 1201 468 1304 534; x_wconf 84' lang='lat' dir='ltr'>Fren-</span> 
     </span>
     <span class='ocr_line' id='line_1_3' title="bbox 268 578 1093 676; baseline 0.001 -27"><span class='ocrx_word' id='word_1_13' title='bbox 268 597 439 668; x_wconf 90' lang='lat' dir='ltr'>tanorum,</span> <span class='ocrx_word' id='word_1_14' title='bbox 457 581 683 669; x_wconf 77' lang='lat' dir='ltr'><strong>Larinatium,</strong></span> <span class='ocrx_word' id='word_1_15' title='bbox 704 581 738 648; x_wconf 92' lang='lat' dir='ltr'>in</span> <span class='ocrx_word' id='word_1_16' title='bbox 757 578 915 676; x_wconf 85' lang='lat' dir='ltr'>Apuliam</span> <span class='ocrx_word' id='word_1_17' title='bbox 932 584 1093 676; x_wconf 84' lang='lat' dir='ltr'>pervenit.</span> 
     </span>
     <span class='ocr_line' id='line_1_4' title="bbox 258 702 1304 798; baseline 0.007 -29"><span class='ocrx_word' id='word_1_18' title='bbox 258 762 261 768; x_wconf 80' lang='grc'>,</span> <span class='ocrx_word' id='word_1_19' title='bbox 315 704 438 778; x_wconf 84' lang='lat' dir='ltr'>XXIV.</span> <span class='ocrx_word' id='word_1_20' title='bbox 456 703 650 795; x_wconf 88' lang='lat' dir='ltr'>Pompeius,</span> <span class='ocrx_word' id='word_1_21' title='bbox 676 702 714 771; x_wconf 92' lang='lat' dir='ltr'>iis</span> <span class='ocrx_word' id='word_1_22' title='bbox 743 702 841 772; x_wconf 89' lang='lat' dir='ltr'>rebus</span> <span class='ocrx_word' id='word_1_23' title='bbox 860 704 1019 797; x_wconf 84' lang='lat' dir='ltr'>cognitis,</span> <span class='ocrx_word' id='word_1_24' title='bbox 1044 729 1117 798; x_wconf 80' lang='lat' dir='ltr'>quae</span> <span class='ocrx_word' id='word_1_25' title='bbox 1141 721 1236 775; x_wconf 87' lang='lat' dir='ltr'>erant</span> <span class='ocrx_word' id='word_1_26' title='bbox 1260 708 1304 776; x_wconf 89' lang='lat' dir='ltr'>ad</span> 
     </span>
     <span class='ocr_line' id='line_1_5' title="bbox 265 823 1303 924; baseline 0.004 -32"><span class='ocrx_word' id='word_1_27' title='bbox 265 823 456 892; x_wconf 86' lang='lat' dir='ltr'>Corfinium</span> <span class='ocrx_word' id='word_1_28' title='bbox 470 837 586 916; x_wconf 71' lang='lat' dir='ltr'>geste,</span> <span class='ocrx_word' id='word_1_29' title='bbox 599 823 740 891; x_wconf 81' lang='lat' dir='ltr'>Luceria</span> <span class='ocrx_word' id='word_1_30' title='bbox 757 823 979 917; x_wconf 85' lang='lat' dir='ltr'>proficiscitur</span> <span class='ocrx_word' id='word_1_31' title='bbox 988 825 1185 924; x_wconf 81' lang='lat' dir='ltr'>Canusium,</span> <span class='ocrx_word' id='word_1_32' title='bbox 1203 823 1303 920; x_wconf 88' lang='lat' dir='ltr'>atque</span> 
     </span>
     <span class='ocr_line' id='line_1_6' title="bbox 267 927 1303 1036; baseline 0.005 -25"><span class='ocrx_word' id='word_1_33' title='bbox 267 944 345 1013; x_wconf 91' lang='lat' dir='ltr'>inde</span> <span class='ocrx_word' id='word_1_34' title='bbox 366 943 592 1016; x_wconf 81' lang='lat' dir='ltr'>Brundisium.</span> <span class='ocrx_word' id='word_1_35' title='bbox 613 944 736 1036; x_wconf 88' lang='lat' dir='ltr'>Copias</span> <span class='ocrx_word' id='word_1_36' title='bbox 749 942 1022 1036; x_wconf 86' lang='lat' dir='ltr'>undiqueomues</span> <span class='ocrx_word' id='word_1_37' title='bbox 1044 968 1082 1012; x_wconf 86' lang='lat' dir='ltr'>ex</span> <span class='ocrx_word' id='word_1_38' title='bbox 1102 927 1303 1016; x_wconf 81' lang='lat' dir='ltr'>novisdeie-</span> 
     </span>
     <span class='ocr_line' id='line_1_7' title="bbox 265 1061 1302 1160; baseline 0.003 -28"><span class='ocrx_word' id='word_1_39' title='bbox 265 1061 374 1137; x_wconf 79' lang='lat' dir='ltr'>ctibus</span> <span class='ocrx_word' id='word_1_40' title='bbox 397 1064 440 1132; x_wconf 89' lang='lat' dir='ltr'>ab</span> <span class='ocrx_word' id='word_1_41' title='bbox 460 1088 494 1133; x_wconf 94' lang='lat' dir='ltr'>se</span> <span class='ocrx_word' id='word_1_42' title='bbox 516 1064 589 1156; x_wconf 90' lang='lat' dir='ltr'>cogi</span> <span class='ocrx_word' id='word_1_43' title='bbox 604 1062 718 1154; x_wconf 81' lang='lat' dir='ltr'>jubet3</span> <span class='ocrx_word' id='word_1_44' title='bbox 738 1087 865 1150; x_wconf 91' lang='lat' dir='ltr'>servos,</span> <span class='ocrx_word' id='word_1_45' title='bbox 883 1078 1033 1158; x_wconf 87' lang='lat' dir='ltr'>pastores</span> <span class='ocrx_word' id='word_1_46' title='bbox 1053 1080 1176 1152; x_wconf 68' lang='lat' dir='ltr'>mmet,</span> <span class='ocrx_word' id='word_1_47' title='bbox 1201 1082 1302 1160; x_wconf 86' lang='lat' dir='ltr'>atque</span> 
     </span>
     <span class='ocr_line' id='line_1_8' title="bbox 265 1184 1300 1278; baseline 0.004 -26"><span class='ocrx_word' id='word_1_48' title='bbox 265 1185 317 1252; x_wconf 90' lang='lat' dir='ltr'>his</span> <span class='ocrx_word' id='word_1_49' title='bbox 336 1209 438 1276; x_wconf 89' lang='lat' dir='ltr'>equos</span> <span class='ocrx_word' id='word_1_50' title='bbox 457 1184 637 1254; x_wconf 88' lang='lat' dir='ltr'>attribuit:</span> <span class='ocrx_word' id='word_1_51' title='bbox 657 1209 695 1252; x_wconf 84' lang='lat' dir='ltr'>ex</span> <span class='ocrx_word' id='word_1_52' title='bbox 714 1185 753 1252; x_wconf 89' lang='lat' dir='ltr'>iis</span> <span class='ocrx_word' id='word_1_53' title='bbox 772 1185 902 1252; x_wconf 88' lang='lat' dir='ltr'>circiter</span> <span class='ocrx_word' id='word_1_54' title='bbox 925 1207 986 1254; x_wconf 84' lang='lat' dir='ltr'>ccc</span> <span class='ocrx_word' id='word_1_55' title='bbox 1004 1187 1133 1278; x_wconf 84' lang='lat' dir='ltr'>equites</span> <span class='ocrx_word' id='word_1_56' title='bbox 1154 1188 1300 1274; x_wconf 84' lang='lat' dir='ltr'>conficit.</span> 
     </span>
     <span class='ocr_line' id='line_1_9' title="bbox 266 1286 1402 1401; baseline 0.003 -30"><span class='ocrx_word' id='word_1_57' title='bbox 266 1307 304 1371; x_wconf 84' lang='lat' dir='ltr'>L.</span> <span class='ocrx_word' id='word_1_58' title='bbox 332 1304 479 1373; x_wconf 87' lang='lat' dir='ltr'>Manlius</span> <span class='ocrx_word' id='word_1_59' title='bbox 497 1319 619 1399; x_wconf 83' lang='lat' dir='ltr'>praetor</span> <span class='ocrx_word' id='word_1_60' title='bbox 639 1303 723 1374; x_wconf 86' lang='lat' dir='ltr'>Alba</span> <span class='ocrx_word' id='word_1_61' title='bbox 746 1329 823 1373; x_wconf 90' lang='lat' dir='ltr'>curn</span> <span class='ocrx_word' id='word_1_62' title='bbox 842 1303 1034 1372; x_wconf 87' lang='lat' dir='ltr'>cohortibus</span> <span class='ocrx_word' id='word_1_63' title='bbox 1056 1329 1112 1373; x_wconf 87' lang='lat' dir='ltr'>sex</span> <span class='ocrx_word' id='word_1_64' title='bbox 1137 1307 1300 1401; x_wconf 81' lang='lat' dir='ltr'>profugit3</span> <span class='ocrx_word' id='word_1_65' title='bbox 1399 1286 1402 1290; x_wconf 85' lang='lat'>.</span> 
     </span>
     <span class='ocr_line' id='line_1_10' title="bbox 267 1423 1298 1520; baseline 0.004 -28"><span class='ocrx_word' id='word_1_66' title='bbox 267 1423 412 1493; x_wconf 86' lang='lat' dir='ltr'>Rutilius</span> <span class='ocrx_word' id='word_1_67' title='bbox 436 1429 551 1520; x_wconf 86' lang='lat' dir='ltr'>Lupus</span> <span class='ocrx_word' id='word_1_68' title='bbox 568 1441 693 1520; x_wconf 81' lang='lat' dir='ltr'>praetor</span> <span class='ocrx_word' id='word_1_69' title='bbox 708 1427 888 1495; x_wconf 87' lang='lat' dir='ltr'>Tarracina</span> <span class='ocrx_word' id='word_1_70' title='bbox 903 1449 980 1493; x_wconf 90' lang='lat' dir='ltr'>cum</span> <span class='ocrx_word' id='word_1_71' title='bbox 1001 1446 1041 1494; x_wconf 92' lang='grc' dir='ltr'>ιιι</span> <span class='ocrx_word' id='word_1_72' title='bbox 1061 1451 1068 1494; x_wconf 91' lang='lat'><strong>:</strong></span> <span class='ocrx_word' id='word_1_73' title='bbox 1087 1451 1164 1518; x_wconf 72' lang='lat' dir='ltr'>quae</span> <span class='ocrx_word' id='word_1_74' title='bbox 1183 1426 1298 1520; x_wconf 85' lang='lat' dir='ltr'>procui</span> 
     </span>
     <span class='ocr_line' id='line_1_11' title="bbox 264 1535 1299 1641; baseline 0.004 -29"><span class='ocrx_word' id='word_1_75' title='bbox 264 1546 449 1638; x_wconf 80' lang='lat' dir='ltr'>equitatum</span> <span class='ocrx_word' id='word_1_76' title='bbox 469 1546 608 1615; x_wconf 72' lang='lat' dir='ltr'>Cesaris</span> <span class='ocrx_word' id='word_1_77' title='bbox 617 1535 840 1641; x_wconf 70' lang='lat' dir='ltr'>conspicatae,</span> <span class='ocrx_word' id='word_1_78' title='bbox 867 1546 921 1614; x_wconf 91' lang='lat' dir='ltr'>oui</span> <span class='ocrx_word' id='word_1_79' title='bbox 941 1560 1081 1638; x_wconf 84' lang='lat' dir='ltr'>praeerat</span> <span class='ocrx_word' id='word_1_80' title='bbox 1101 1548 1214 1616; x_wconf 81' lang='lat' dir='ltr'>Bivius</span> <span class='ocrx_word' id='word_1_81' title='bbox 1233 1549 1299 1617; x_wconf 91' lang='lat' dir='ltr'>Cu·</span> 
     </span>
     <span class='ocr_line' id='line_1_12' title="bbox 264 1665 1298 1762; baseline 0 -27"><span class='ocrx_word' id='word_1_82' title='bbox 264 1669 350 1755; x_wconf 89' lang='lat' dir='ltr'>rius,</span> <span class='ocrx_word' id='word_1_83' title='bbox 361 1665 477 1737; x_wconf 89' lang='lat' dir='ltr'>relicto</span> <span class='ocrx_word' id='word_1_84' title='bbox 486 1682 644 1761; x_wconf 85' lang='lat' dir='ltr'>praetore,</span> <span class='ocrx_word' id='word_1_85' title='bbox 655 1669 750 1762; x_wconf 90' lang='lat' dir='ltr'>signa</span> <span class='ocrx_word' id='word_1_86' title='bbox 762 1665 804 1736; x_wconf 90' lang='lat' dir='ltr'>ad</span> <span class='ocrx_word' id='word_1_87' title='bbox 815 1668 955 1736; x_wconf 87' lang='lat' dir='ltr'>Curium</span> <span class='ocrx_word' id='word_1_88' title='bbox 963 1665 1184 1755; x_wconf 83' lang='lat' dir='ltr'>transferunt,</span> <span class='ocrx_word' id='word_1_89' title='bbox 1199 1682 1298 1760; x_wconf 87' lang='lat' dir='ltr'>atque</span> 
     </span>
     <span class='ocr_line' id='line_1_13' title="bbox 264 1786 1296 1881; baseline 0 -25"><span class='ocrx_word' id='word_1_90' title='bbox 264 1787 306 1856; x_wconf 90' lang='lat' dir='ltr'>ad</span> <span class='ocrx_word' id='word_1_91' title='bbox 323 1813 398 1858; x_wconf 91' lang='lat' dir='ltr'>eum</span> <span class='ocrx_word' id='word_1_92' title='bbox 414 1802 597 1857; x_wconf 89' lang='lat' dir='ltr'>transeunt.</span> <span class='ocrx_word' id='word_1_93' title='bbox 613 1790 699 1856; x_wconf 89' lang='lat' dir='ltr'>Item</span> <span class='ocrx_word' id='word_1_94' title='bbox 717 1786 854 1881; x_wconf 88' lang='lat' dir='ltr'>reliquis</span> <span class='ocrx_word' id='word_1_95' title='bbox 868 1788 1044 1856; x_wconf 87' lang='lat' dir='ltr'>itineribus</span> <span class='ocrx_word' id='word_1_96' title='bbox 1058 1786 1226 1856; x_wconf 84' lang='lat' dir='ltr'>nonnullae</span> <span class='ocrx_word' id='word_1_97' title='bbox 1240 1813 1296 1856; x_wconf 90' lang='lat' dir='ltr'>co·</span> 
     </span>
     <span class='ocr_line' id='line_1_14' title="bbox 265 1907 1314 2002; baseline 0.001 -27"><span class='ocrx_word' id='word_1_98' title='bbox 265 1908 376 1977; x_wconf 81' lang='lat' dir='ltr'>hortas</span> <span class='ocrx_word' id='word_1_99' title='bbox 394 1909 428 1976; x_wconf 91' lang='lat' dir='ltr'>in</span> <span class='ocrx_word' id='word_1_100' title='bbox 447 1933 565 2002; x_wconf 83' lang='lat' dir='ltr'>agmen</span> <span class='ocrx_word' id='word_1_101' title='bbox 585 1909 742 1992; x_wconf 83' lang='lat' dir='ltr'>Caesaris,</span> <span class='ocrx_word' id='word_1_102' title='bbox 765 1907 834 1975; x_wconf 90' lang='lat' dir='ltr'>aliae</span> <span class='ocrx_word' id='word_1_103' title='bbox 851 1908 884 1976; x_wconf 91' lang='lat' dir='ltr'>in</span> <span class='ocrx_word' id='word_1_104' title='bbox 902 1909 1029 2001; x_wconf 87' lang='lat' dir='ltr'>equites</span> <span class='ocrx_word' id='word_1_105' title='bbox 1049 1908 1211 2002; x_wconf 89' lang='lat' dir='ltr'>incidunt.</span> <span class='ocrx_word' id='word_1_106' title='bbox 1231 1911 1314 2000; x_wconf 83' lang='lat' dir='ltr'>Re·¹</span> 
     </span>
     <span class='ocr_line' id='line_1_15' title="bbox 263 2026 1294 2122; baseline 0.002 -28"><span class='ocrx_word' id='word_1_107' title='bbox 263 2026 398 2096; x_wconf 90' lang='lat' dir='ltr'>ducitur</span> <span class='ocrx_word' id='word_1_108' title='bbox 423 2027 464 2095; x_wconf 89' lang='lat' dir='ltr'>ad</span> <span class='ocrx_word' id='word_1_109' title='bbox 497 2051 573 2096; x_wconf 90' lang='lat' dir='ltr'>eum</span> <span class='ocrx_word' id='word_1_110' title='bbox 604 2026 826 2120; x_wconf 90' lang='lat' dir='ltr'>deprehensus</span> <span class='ocrx_word' id='word_1_111' title='bbox 846 2051 892 2095; x_wconf 89' lang='lat' dir='ltr'>ex</span> <span class='ocrx_word' id='word_1_112' title='bbox 919 2028 1035 2096; x_wconf 89' lang='lat' dir='ltr'>itinere</span> <span class='ocrx_word' id='word_1_113' title='bbox 1060 2030 1122 2097; x_wconf 88' lang='lat' dir='ltr'>Cu.</span> <span class='ocrx_word' id='word_1_114' title='bbox 1141 2030 1294 2122; x_wconf 83' lang='lat' dir='ltr'>Magius,</span> 
     </span>
     <span class='ocr_line' id='line_1_16' title="bbox 264 2145 1314 2241; baseline 0.001 -25"><span class='ocrx_word' id='word_1_115' title='bbox 264 2149 443 2231; x_wconf 88' lang='lat' dir='ltr'>Cremona,</span> <span class='ocrx_word' id='word_1_116' title='bbox 460 2145 636 2240; x_wconf 67' lang='lat' dir='ltr'>prefectus</span> <span class='ocrx_word' id='word_1_117' title='bbox 655 2146 785 2214; x_wconf 86' lang='lat' dir='ltr'>fabrum</span> <span class='ocrx_word' id='word_1_118' title='bbox 804 2149 866 2215; x_wconf 90' lang='lat' dir='ltr'>Cn.</span> <span class='ocrx_word' id='word_1_119' title='bbox 884 2149 1049 2240; x_wconf 88' lang='lat' dir='ltr'>Pompeii;</span> <span class='ocrx_word' id='word_1_120' title='bbox 1068 2173 1167 2241; x_wconf 92' lang='lat' dir='ltr'>quern</span> <span class='ocrx_word' id='word_1_121' title='bbox 1187 2152 1314 2218; x_wconf 48' lang='lat' dir='ltr'>Caesar¹</span> 
     </span>
     <span class='ocr_line' id='line_1_17' title="bbox 262 2253 1297 2364; baseline 0.004 -30"><span class='ocrx_word' id='word_1_122' title='bbox 262 2265 306 2334; x_wconf 86' lang='lat' dir='ltr'>ad</span> <span class='ocrx_word' id='word_1_123' title='bbox 322 2253 398 2335; x_wconf 90' lang='lat' dir='ltr'>eum</span> <span class='ocrx_word' id='word_1_124' title='bbox 414 2267 554 2335; x_wconf 89' lang='lat' dir='ltr'>remittit</span> <span class='ocrx_word' id='word_1_125' title='bbox 566 2292 641 2334; x_wconf 89' lang='lat' dir='ltr'>cum</span> <span class='ocrx_word' id='word_1_126' title='bbox 657 2265 820 2335; x_wconf 90' lang='lat' dir='ltr'>mandatis</span> <span class='ocrx_word' id='word_1_127' title='bbox 836 2291 846 2334; x_wconf 78' lang='lat' dir='ltr'>t</span> <span class='ocrx_word' id='word_1_128' title='bbox 863 2295 880 2330; x_wconf 78' lang='lat' dir='ltr'>u</span> <span class='ocrx_word' id='word_1_129' title='bbox 894 2291 960 2359; x_wconf 93' lang='lat' dir='ltr'>quo</span> <span class='ocrx_word' id='word_1_130' title='bbox 987 2269 1050 2335; x_wconf 87' lang='lat' dir='ltr'>&#39;am</span> <span class='ocrx_word' id='word_1_131' title='bbox 1080 2267 1102 2335; x_wconf 94' lang='lat' dir='ltr'>d</span> <span class='ocrx_word' id='word_1_132' title='bbox 1119 2268 1153 2336; x_wconf 93' lang='lat' dir='ltr'>id</span> <span class='ocrx_word' id='word_1_133' title='bbox 1166 2283 1297 2364; x_wconf 89' lang='lat' dir='ltr'>tempus</span> 
     </span>
     <span class='ocr_line' id='line_1_18' title="bbox 264 2384 1297 2480; baseline 0 -25"><span class='ocrx_word' id='word_1_134' title='bbox 264 2384 400 2455; x_wconf 87' lang='lat' dir='ltr'>facultas</span> <span class='ocrx_word' id='word_1_135' title='bbox 417 2384 626 2480; x_wconf 89' lang='lat' dir='ltr'>colloquendi</span> <span class='ocrx_word' id='word_1_136' title='bbox 643 2411 710 2454; x_wconf 90' lang='lat' dir='ltr'>uon</span> <span class='ocrx_word' id='word_1_137' title='bbox 729 2385 844 2471; x_wconf 86' lang='lat' dir='ltr'>fuerit,</span> <span class='ocrx_word' id='word_1_138' title='bbox 859 2399 958 2479; x_wconf 90' lang='lat' dir='ltr'>atque</span> <span class='ocrx_word' id='word_1_139' title='bbox 1085 2388 1297 2457; x_wconf 89' lang='lat' dir='ltr'>Brundisium</span> 
     </span>
     <span class='ocr_line' id='line_1_19' title="bbox 264 2506 1296 2600; baseline -0.001 -23"><span class='ocrx_word' id='word_1_140' title='bbox 264 2509 306 2577; x_wconf 89' lang='lat' dir='ltr'>sit</span> <span class='ocrx_word' id='word_1_141' title='bbox 324 2522 499 2582; x_wconf 82' lang='lat' dir='ltr'>venturus,</span> <span class='ocrx_word' id='word_1_142' title='bbox 522 2508 677 2575; x_wconf 87' lang='lat' dir='ltr'>interesse</span> <span class='ocrx_word' id='word_1_143' title='bbox 700 2506 886 2600; x_wconf 84' lang='lat' dir='ltr'>reipublicae</span> <span class='ocrx_word' id='word_1_144' title='bbox 904 2522 937 2576; x_wconf 91' lang='lat' dir='ltr'>et</span> <span class='ocrx_word' id='word_1_145' title='bbox 957 2511 1141 2576; x_wconf 87' lang='lat' dir='ltr'>communis</span> <span class='ocrx_word' id='word_1_146' title='bbox 1167 2508 1296 2594; x_wconf 89' lang='lat' dir='ltr'>salutis,</span> 
     </span>
     <span class='ocr_line' id='line_1_20' title="bbox 256 2626 1297 2722; baseline -0.004 -22"><span class='ocrx_word' id='word_1_147' title='bbox 256 2654 298 2701; x_wconf 82' lang='lat' dir='ltr'>se</span> <span class='ocrx_word' id='word_1_148' title='bbox 309 2653 385 2698; x_wconf 89' lang='lat' dir='ltr'>cum</span> <span class='ocrx_word' id='word_1_149' title='bbox 398 2628 558 2721; x_wconf 88' lang='lat' dir='ltr'>Pompeio</span> <span class='ocrx_word' id='word_1_150' title='bbox 574 2626 737 2720; x_wconf 83' lang='lat' dir='ltr'>colloqui3</span> <span class='ocrx_word' id='word_1_151' title='bbox 751 2651 856 2721; x_wconf 89' lang='lat' dir='ltr'>neque</span> <span class='ocrx_word' id='word_1_152' title='bbox 873 2652 951 2696; x_wconf 90' lang='lat' dir='ltr'>vero</span> <span class='ocrx_word' id='word_1_153' title='bbox 965 2627 1052 2697; x_wconf 91' lang='lat' dir='ltr'>idem</span> <span class='ocrx_word' id='word_1_154' title='bbox 1065 2627 1181 2722; x_wconf 89' lang='lat' dir='ltr'>profici</span> <span class='ocrx_word' id='word_1_155' title='bbox 1195 2627 1297 2722; x_wconf 84' lang='lat' dir='ltr'>longo</span> 
     </span>
    </p>

    <p class='ocr_par' dir='ltr' id='par_1_3' title="bbox 226 2743 1297 2963">
     <span class='ocr_line' id='line_1_21' title="bbox 226 2743 1297 2843; baseline -0.004 -25"><span class='ocrx_word' id='word_1_156' title='bbox 226 2743 228 2747; x_wconf 60' lang='grc'><strong>’</strong></span> <span class='ocrx_word' id='word_1_157' title='bbox 262 2751 389 2818; x_wconf 87' lang='lat' dir='ltr'>itineris</span> <span class='ocrx_word' id='word_1_158' title='bbox 409 2751 535 2843; x_wconf 90' lang='lat' dir='ltr'>spatio,</span> <span class='ocrx_word' id='word_1_159' title='bbox 556 2773 660 2842; x_wconf 91' lang='lat' dir='ltr'>quum</span> <span class='ocrx_word' id='word_1_160' title='bbox 680 2772 740 2842; x_wconf 88' lang='lat' dir='ltr'>per</span> <span class='ocrx_word' id='word_1_161' title='bbox 757 2747 838 2817; x_wconf 90' lang='lat' dir='ltr'>alios</span> <span class='ocrx_word' id='word_1_162' title='bbox 852 2747 1059 2818; x_wconf 90' lang='lat' dir='ltr'>conditiones</span> <span class='ocrx_word' id='word_1_163' title='bbox 1081 2748 1244 2833; x_wconf 88' lang='lat' dir='ltr'>ferantur,</span> <span class='ocrx_word' id='word_1_164' title='bbox 1258 2771 1297 2814; x_wconf 90' lang='lat' dir='ltr'>ac</span> 
     </span>
     <span class='ocr_line' id='line_1_22' title="bbox 262 2868 1175 2963; baseline -0.008 -24"><span class='ocrx_word' id='word_1_165' title='bbox 262 2872 288 2939; x_wconf 93' lang='lat' dir='ltr'>si</span> <span class='ocrx_word' id='word_1_166' title='bbox 312 2895 424 2942; x_wconf 89' lang='lat' dir='ltr'>coram</span> <span class='ocrx_word' id='word_1_167' title='bbox 443 2869 484 2938; x_wconf 91' lang='lat' dir='ltr'>de</span> <span class='ocrx_word' id='word_1_168' title='bbox 498 2869 652 2938; x_wconf 90' lang='lat' dir='ltr'>omnibus</span> <span class='ocrx_word' id='word_1_169' title='bbox 670 2868 915 2938; x_wconf 89' lang='lat' dir='ltr'>conditionibus</span> <span class='ocrx_word' id='word_1_170' title='bbox 932 2869 1138 2963; x_wconf 87' lang='lat' dir='ltr'>disceptetur.</span> <span class='ocrx_word' id='word_1_171' title='bbox 1158 2897 1175 2932; x_wconf 74' lang='lat' dir='ltr'>a</span> 
     </span>
    </p>

    <p class='ocr_par' dir='ltr' id='par_1_4' title="bbox 309 2986 1295 3081">
     <span class='ocr_line' id='line_1_23' title="bbox 309 2986 1295 3081; baseline -0.005 -23"><span class='ocrx_word' id='word_1_172' title='bbox 309 2993 418 3065; x_wconf 84' lang='lat' dir='ltr'>XXV.</span> <span class='ocrx_word' id='word_1_173' title='bbox 444 2991 503 3057; x_wconf 87' lang='lat' dir='ltr'>His</span> <span class='ocrx_word' id='word_1_174' title='bbox 522 2989 607 3058; x_wconf 89' lang='lat' dir='ltr'>da&#39;tis</span> <span class='ocrx_word' id='word_1_175' title='bbox 628 2987 807 3073; x_wconf 91' lang='lat' dir='ltr'>mandatis,</span> <span class='ocrx_word' id='word_1_176' title='bbox 833 2987 1046 3057; x_wconf 89' lang='lat' dir='ltr'>Brundisium</span> <span class='ocrx_word' id='word_1_177' title='bbox 1064 3013 1140 3057; x_wconf 91' lang='lat' dir='ltr'>curn</span> <span class='ocrx_word' id='word_1_178' title='bbox 1158 2986 1295 3081; x_wconf 90' lang='lat' dir='ltr'>legioni·</span> 
     </span>
    </p>

    <p class='ocr_par' dir='ltr' id='par_1_5' title="bbox 262 3106 1297 3442">
     <span class='ocr_line' id='line_1_24' title="bbox 262 3106 1296 3204; baseline -0.003 -26"><span class='ocrx_word' id='word_1_179' title='bbox 262 3113 324 3178; x_wconf 85' lang='lat' dir='ltr'>hus</span> <span class='ocrx_word' id='word_1_180' title='bbox 349 3133 385 3178; x_wconf 86' lang='lat' dir='ltr'>vr</span> <span class='ocrx_word' id='word_1_181' title='bbox 411 3111 580 3204; x_wconf 86' lang='lat' dir='ltr'>pervenit,</span> <span class='ocrx_word' id='word_1_182' title='bbox 605 3109 768 3177; x_wconf 90' lang='lat' dir='ltr'>veteranis</span> <span class='ocrx_word' id='word_1_183' title='bbox 794 3131 851 3194; x_wconf 84' lang='grc' dir='ltr'>ιιι,</span> <span class='ocrx_word' id='word_1_184' title='bbox 876 3106 1024 3199; x_wconf 88' lang='lat' dir='ltr'>rebquis,</span> <span class='ocrx_word' id='word_1_185' title='bbox 1050 3131 1130 3200; x_wconf 80' lang='lat' dir='ltr'>quas</span> <span class='ocrx_word' id='word_1_186' title='bbox 1151 3135 1190 3177; x_wconf 85' lang='lat' dir='ltr'>ex</span> <span class='ocrx_word' id='word_1_187' title='bbox 1210 3131 1296 3176; x_wconf 90' lang='lat' dir='ltr'>novo</span> 
     </span>
     <span class='ocr_line' id='line_1_25' title="bbox 263 3224 1297 3320; baseline -0.007 -20"><span class='ocrx_word' id='word_1_188' title='bbox 263 3229 392 3300; x_wconf 90' lang='lat' dir='ltr'>delectu</span> <span class='ocrx_word' id='word_1_189' title='bbox 404 3228 606 3316; x_wconf 85' lang='lat' dir='ltr'>confecerat,</span> <span class='ocrx_word' id='word_1_190' title='bbox 624 3243 721 3320; x_wconf 77' lang='lat' dir='ltr'>atque</span> <span class='ocrx_word' id='word_1_191' title='bbox 738 3229 771 3295; x_wconf 92' lang='lat' dir='ltr'>in</span> <span class='ocrx_word' id='word_1_192' title='bbox 788 3227 906 3295; x_wconf 90' lang='lat' dir='ltr'>itinere</span> <span class='ocrx_word' id='word_1_193' title='bbox 919 3224 1141 3318; x_wconf 89' lang='lat' dir='ltr'>compleverat</span> <span class='ocrx_word' id='word_1_194' title='bbox 1159 3253 1167 3294; x_wconf 75' lang='grc' dir='ltr'><strong><em>ε</em></strong></span> <span class='ocrx_word' id='word_1_195' title='bbox 1185 3228 1297 3296; x_wconf 88' lang='lat' dir='ltr'>Domi·</span> 
     </span>
     <span class='ocr_line' id='line_1_26' title="bbox 263 3343 1296 3442; baseline -0.01 -22"><span class='ocrx_word' id='word_1_196' title='bbox 263 3353 368 3420; x_wconf 87' lang='lat' dir='ltr'>tiauas</span> <span class='ocrx_word' id='word_1_197' title='bbox 381 3350 469 3417; x_wconf 84' lang='lat' dir='ltr'>enim</span> <span class='ocrx_word' id='word_1_198' title='bbox 485 3347 636 3416; x_wconf 92' lang='lat' dir='ltr'>cohortes</span> <span class='ocrx_word' id='word_1_199' title='bbox 654 3348 805 3442; x_wconf 89' lang='lat' dir='ltr'>protinus</span> <span class='ocrx_word' id='word_1_200' title='bbox 819 3371 840 3414; x_wconf 90' lang='lat' dir='ltr'>a</span> <span class='ocrx_word' id='word_1_201' title='bbox 855 3344 1002 3414; x_wconf 88' lang='lat' dir='ltr'>Corfinio</span> <span class='ocrx_word' id='word_1_202' title='bbox 1021 3345 1055 3411; x_wconf 94' lang='lat' dir='ltr'>in</span> <span class='ocrx_word' id='word_1_203' title='bbox 1071 3343 1214 3412; x_wconf 89' lang='lat' dir='ltr'>Siciliam</span> <span class='ocrx_word' id='word_1_204' title='bbox 1232 3347 1296 3411; x_wconf 92' lang='lat' dir='ltr'>mi-</span> 
     </span>
    </p>
   </div>
   <div class='ocr_carea' id='block_1_3' title="bbox 262 3463 1505 3563">
    <p class='ocr_par' dir='ltr' id='par_1_6' title="bbox 262 3463 1505 3563">
     <span class='ocr_line' id='line_1_27' title="bbox 262 3463 1505 3563; baseline -0.019 -21"><span class='ocrx_word' id='word_1_205' title='bbox 262 3485 358 3542; x_wconf 86' lang='lat' dir='ltr'>serat.</span> <span class='ocrx_word' id='word_1_206' title='bbox 397 3469 553 3563; x_wconf 89' lang='lat' dir='ltr'>Reperit,</span> <span class='ocrx_word' id='word_1_207' title='bbox 587 3467 738 3536; x_wconf 85' lang='lat' dir='ltr'>consules</span> <span class='ocrx_word' id='word_1_208' title='bbox 767 3465 985 3558; x_wconf 76' lang='lat' dir='ltr'>Dyrrachium</span> <span class='ocrx_word' id='word_1_209' title='bbox 1023 3463 1186 3558; x_wconf 86' lang='lat' dir='ltr'>profectos</span> <span class='ocrx_word' id='word_1_210' title='bbox 1219 3487 1295 3530; x_wconf 91' lang='lat' dir='ltr'>cum</span> <span class='ocrx_word' id='word_1_211' title='bbox 1391 3532 1395 3540; x_wconf 53' lang='grc'><strong>,</strong></span> <span class='ocrx_word' id='word_1_212' title='bbox 1504 3465 1505 3488; x_wconf 66' lang='lat'>¹</span> 
     </span>
    </p>
   </div>
   <div class='ocr_carea' id='block_1_4' title="bbox 261 3581 1296 4037">
    <p class='ocr_par' dir='ltr' id='par_1_7' title="bbox 261 3581 1296 4037">
     <span class='ocr_line' id='line_1_28' title="bbox 261 3581 1295 3687; baseline -0.013 -25"><span class='ocrx_word' id='word_1_213' title='bbox 261 3616 381 3687; x_wconf 84' lang='lat' dir='ltr'>magna</span> <span class='ocrx_word' id='word_1_214' title='bbox 402 3604 494 3684; x_wconf 89' lang='lat' dir='ltr'>parte</span> <span class='ocrx_word' id='word_1_215' title='bbox 518 3589 696 3674; x_wconf 87' lang='lat' dir='ltr'>exercitus,</span> <span class='ocrx_word' id='word_1_216' title='bbox 715 3587 910 3678; x_wconf 88' lang='lat' dir='ltr'>Pompeium</span> <span class='ocrx_word' id='word_1_217' title='bbox 937 3607 1107 3652; x_wconf 86' lang='lat' dir='ltr'>remanere</span> <span class='ocrx_word' id='word_1_218' title='bbox 1129 3581 1295 3652; x_wconf 89' lang='lat' dir='ltr'>Brundisii</span> 
     </span>
     <span class='ocr_line' id='line_1_29' title="bbox 262 3703 1295 3801; baseline -0.01 -21"><span class='ocrx_word' id='word_1_219' title='bbox 262 3737 338 3780; x_wconf 89' lang='lat' dir='ltr'>cum</span> <span class='ocrx_word' id='word_1_220' title='bbox 358 3711 550 3782; x_wconf 89' lang='lat' dir='ltr'>cohortibus</span> <span class='ocrx_word' id='word_1_221' title='bbox 570 3707 688 3801; x_wconf 88' lang='lat' dir='ltr'>viginti</span> <span class='ocrx_word' id='word_1_222' title='bbox 703 3704 827 3795; x_wconf 89' lang='lat' dir='ltr'>(neque</span> <span class='ocrx_word' id='word_1_223' title='bbox 842 3716 970 3771; x_wconf 88' lang='lat' dir='ltr'>certum</span> <span class='ocrx_word' id='word_1_224' title='bbox 991 3703 1130 3771; x_wconf 90' lang='lat' dir='ltr'>inveniri</span> <span class='ocrx_word' id='word_1_225' title='bbox 1151 3717 1295 3796; x_wconf 88' lang='lat' dir='ltr'>poterat,</span> 
     </span>
     <span class='ocr_line' id='line_1_30' title="bbox 262 3822 1296 3915; baseline -0.011 -14"><span class='ocrx_word' id='word_1_226' title='bbox 262 3832 476 3901; x_wconf 89' lang='lat' dir='ltr'>obtinendine</span> <span class='ocrx_word' id='word_1_227' title='bbox 493 3827 672 3899; x_wconf 81' lang='lat' dir='ltr'>Brundisii</span> <span class='ocrx_word' id='word_1_228' title='bbox 693 3847 790 3893; x_wconf 90' lang='lat' dir='ltr'>causa</span> <span class='ocrx_word' id='word_1_229' title='bbox 809 3823 854 3892; x_wconf 91' lang='lat' dir='ltr'>ibi</span> <span class='ocrx_word' id='word_1_230' title='bbox 873 3825 1093 3910; x_wconf 89' lang='lat' dir='ltr'>remansisset,</span> <span class='ocrx_word' id='word_1_231' title='bbox 1122 3847 1188 3915; x_wconf 92' lang='lat' dir='ltr'>quo</span> <span class='ocrx_word' id='word_1_232' title='bbox 1215 3822 1296 3892; x_wconf 86' lang='lat' dir='ltr'>faci-</span> 
     </span>
     <span class='ocr_line' id='line_1_31' title="bbox 263 3941 1294 4037; baseline -0.011 -17"><span class='ocrx_word' id='word_1_233' title='bbox 263 3951 325 4020; x_wconf 87' lang='lat' dir='ltr'>lius</span> <span class='ocrx_word' id='word_1_234' title='bbox 346 3973 444 4018; x_wconf 90' lang='lat' dir='ltr'>omne</span> <span class='ocrx_word' id='word_1_235' title='bbox 470 3948 674 4018; x_wconf 86' lang='lat' dir='ltr'>Adriaticum</span> <span class='ocrx_word' id='word_1_236' title='bbox 703 3968 813 4030; x_wconf 88' lang='lat' dir='ltr'>mare,</span> <span class='ocrx_word' id='word_1_237' title='bbox 843 3945 996 4012; x_wconf 87' lang='lat' dir='ltr'>extremis</span> <span class='ocrx_word' id='word_1_238' title='bbox 1015 3941 1119 4012; x_wconf 80' lang='lat' dir='ltr'>Italiae</span> <span class='ocrx_word' id='word_1_239' title='bbox 1145 3944 1294 4037; x_wconf 91' lang='lat' dir='ltr'>partibus</span> 
     </span>
    </p>
   </div>
   <div class='ocr_carea' id='block_1_5' title="bbox 0 0 1514 4768">
    <p class='ocr_par' dir='ltr' id='par_1_8' title="bbox 0 0 1514 4768">
     <span class='ocr_line' id='line_1_32' title="bbox 0 0 1514 4768; baseline 0 0"><span class='ocrx_word' id='word_1_240' title='bbox 0 0 1514 4768; x_wconf 95' lang='lat' dir='ltr'> </span> 
     </span>
    </p>
   </div>
  </div>
 </body>
</html>
