3026 4768
270 367 326 424 108
425 368 456 424 C.
478 367 574 424 rum
595 367 759 426 CAESARIS
778 367 1149 426 COMMENTARIORUM

234 489 236 494 ’
270 490 413 558 maxime
437 489 480 558 ad
505 493 721 562 Germaniam
743 507 870 586 spectat
895 519 903 559 :
933 493 1011 562 huic
1031 492 1135 562 millia
1153 516 1308 586 passuum

270 629 357 682 neoc
373 609 408 677 in
429 608 669 705 longitudinem
688 637 757 680 esse
773 613 989 681 existimatur.
1009 615 1059 680 Ita
1077 612 1184 680 omnis
1203 610 1310 681 insula

270 741 321 798 est
340 729 538 799 incircuitu
556 731 659 800 vicies
677 747 815 801 centum
828 730 1153 825 milliumpassuum.

318 851 410 919 XIV.
436 853 486 918 Ex
508 849 558 919 his
583 851 738 920 omnibus
763 849 861 946 longe
884 866 961 920 sunt
983 851 1226 936 humanissimi,
1251 851 1309 942 qui

271 969 430 1039 Cantium
453 967 622 1052 incolunt,
648 970 828 1064 quaeregio
850 985 900 1040 est
923 971 1090 1038 maritima
1108 971 1235 1054 omnis,
1255 993 1311 1038 ue-

275 1111 339 1178 que
356 1086 500 1156 multum
516 1113 535 1156 a
551 1087 680 1158 Gallica
693 1087 852 1158 differunt
868 1087 1116 1158 consuetudine.
1130 1087 1310 1155 Interiores

274 1203 426 1300 plerique
439 1206 606 1278 liumeuta
619 1233 687 1276 non
703 1223 833 1295 serunt,
847 1208 904 1278 sed
920 1205 1055 1277 lacteet
1065 1229 1165 1274 carue
1178 1207 1310 1292 vivunt,

273 1322 481 1420 pellibusque
492 1341 569 1396 sunt
585 1329 705 1398 restiti.
718 1331 937 1398 Omnesrero
950 1352 984 1396 se
999 1327 1149 1397 Britanni
1161 1326 1249 1394 vitro
1263 1327 1312 1394 in·

273 1444 408 1531 ficiunt,
421 1445 512 1539 quod
528 1445 703 1516 caeruleum
716 1447 819 1518 efficit
834 1446 994 1523 colorem:
1012 1460 1110 1539 atque
1126 1445 1190 1514 hoc
1203 1445 1311 1513 horri-

274 1561 367 1633 diore
381 1579 459 1632 sunt
475 1567 510 1633 in
526 1589 639 1660 pugna
653 1582 787 1661 aspectu
805 1593 812 1634 ε
830 1563 1016 1661 capilloque
1033 1578 1110 1634 sunt
1126 1564 1310 1659 promisso,

275 1684 478 1775 atqueomni
496 1699 591 1778 parte
606 1685 754 1780 corporis
769 1710 856 1776 rasa,
873 1699 993 1780 praeter
1009 1697 1110 1777 caput
1130 1697 1165 1751 et
1179 1680 1310 1751 labrum

275 1803 435 1894 superius.
455 1805 584 1874 Uxores
603 1804 728 1873 habent
743 1805 818 1874 deni
838 1803 1049 1898 duodenique
1065 1805 1154 1874 inter
1170 1829 1204 1872 se
1219 1828 1311 1872 com·

276 1945 408 2010 munes,
431 1937 464 1992 et
489 1926 632 1993 maxime
654 1923 770 1992 fratres
794 1950 869 1993 curn
894 1924 1066 2011 fratribus,
1093 1938 1311 2018 parentesque

275 2063 353 2108 cum
365 2038 495 2130 liberis3
507 2044 580 2132 sed,
595 2045 620 2113 si
634 2045 692 2137 qui
706 2059 783 2114 suut
799 2068 839 2112 ex
852 2044 904 2112 his
920 2045 1007 2130 nati,
1021 2067 1137 2112 eorum
1146 2043 1312 2112 habentur

278 2157 389 2248 liberi,
405 2185 472 2255 quo
485 2164 630 2255 primum
646 2164 740 2260 virgo
753 2187 891 2257 qumque
907 2162 1049 2233 deducta
1064 2176 1122 2231 est.

325 2283 399 2350 XV.
414 2282 554 2375 'Equites
570 2282 714 2352 hostium
730 2281 949 2376 essedariique
966 2283 1086 2370 acriter
1102 2279 1218 2376 proelio
1234 2306 1311 2350 cum

276 2401 427 2493 equitatu
447 2417 561 2471 nostro
578 2404 612 2470 in
627 2403 747 2472 itinero
765 2404 1001 2488 conflixerunt,
1020 2417 1133 2471 tamen
1150 2414 1187 2469 ut
1205 2403 1311 2469 nostri

276 2519 431 2588 omnibus
447 2519 597 2613 partibus
613 2523 797 2615 superiores
812 2523 953 2610 fuerint,
971 2536 1071 2615 atque
1086 2545 1143 2589 eos
1158 2521 1194 2588 in
1213 2518 1311 2588 silvas

275 2636 441 2734 collesque
452 2637 674 2733 compulerint
689 2667 697 2710 ε
715 2640 789 2725 sed,
803 2639 1029 2736 compluribus
1043 2639 1237 2726 interfectis,
1252 2663 1311 2707 cu-

278 2756 386 2850 pidius
403 2759 558 2848 insecuti,
577 2757 753 2828 nonnullos
768 2784 809 2828 ex
828 2761 895 2828 suis
911 2759 1103 2828 amiserunt.
1123 2762 1166 2828 Ar
1182 2756 1245 2846 illi,
1262 2760 1313 2826 in-

278 2878 427 2946 termisso
449 2880 574 2973 spatio,
591 2877 856 2972 imprudentibus
877 2880 999 2948 nostris
1018 2892 1117 2970 atque
1142 2877 1312 2970 occupatis

277 2997 311 3063 in
335 2999 518 3066 munitione
540 3010 741 3084 castrorum,
765 2995 874 3067 subito
895 3023 929 3066 se
952 3022 991 3065 ex
1016 2995 1107 3066 silvis
1131 2997 1311 3090 ejecerunt,

278 3115 470 3208 impetuque
487 3119 521 3185 in
539 3141 595 3185 eos
612 3116 713 3204 lacto,
730 3119 895 3210 quierant
912 3117 946 3184 in
963 3115 1105 3184 statione
1121 3141 1183 3211 pro
1197 3118 1312 3186 castris

278 3231 572 3319 collocati‚acriter
582 3236 1037 3330 pugnaveruntzdnahusque
1047 3236 1156 3306 missis
1167 3235 1312 3305 subsidio

276 3353 468 3424 cohortibus
481 3357 654 3438 aCaesare‚
668 3369 768 3448 atque
780 3355 831 3422 his
844 3354 960 3449 primis
970 3353 1138 3451 legionum
1147 3354 1311 3442 duarum,

277 3497 380 3568 quum
397 3474 462 3556 hae,
478 3475 657 3568 perexiguo
671 3476 856 3542 intermisso
868 3472 932 3542 loci
947 3477 1054 3570 spatio
1071 3475 1157 3544 inter
1171 3501 1219 3558 se,
1234 3498 1313 3544 con·
1363 3517 1367 3524 ·

278 3596 453 3681 stitissent,
466 3617 553 3662 novo
569 3616 689 3687 genere
701 3618 820 3688 pugnae
830 3597 1015 3686 perterritis
1025 3597 1162 3680 nostris,
1173 3619 1233 3690 per
1245 3619 1313 3664 me·

277 3713 348 3784 dios
357 3713 571 3784 audacissime
584 3725 824 3806 proruperunt,
839 3736 937 3806 seque
946 3713 1023 3780 inde
1033 3712 1217 3784 incolumes
1226 3739 1313 3784 rece-

278 3831 1040 3924 perunt.EodieQ.LuberiusDurus,tribuuus
1048 3831 1314 3921 militum‚inter-

277 3947 395 4015 licitur.
416 3946 485 4032 Illi,
507 3947 658 4043 pluribus
676 3951 844 4021 submissis
866 3954 1071 4044 cohortibus,
1086 3953 1311 4048 repelluntur.
