3050 4772
243 379 297 436 ιε,
397 380 429 435 c.
451 378 546 435 tutu
567 377 732 435 ausurus
753 375 1124 450 conunnrsaronuu

240 518 340 597 atqua
365 501 407 569 ad
427 524 519 571 arma
538 501 770 587 descenderet,
791 515 891 594 atque
911 525 951 569 ea
971 525 1062 595 pars,
1082 524 1156 594 quae
1177 502 1288 570 miuus

241 625 302 694 sibi
318 621 515 726 confideret,
532 621 653 691 auxilia
668 647 688 690 a
703 621 978 716 Vercingetorige
994 634 1192 706 arcesseret,
1209 621 1288 690 huic

239 744 288 811 rei
317 741 582 834 praevertendum
609 743 824 827 existimavit3
849 756 883 810 et
901 741 991 835 quod
1016 740 1144 836 legibus
1166 740 1289 809 AEduo-

239 885 316 930 rum
330 862 386 948 iis,
401 863 459 955 qui
472 885 640 930 summum
656 863 886 955 magistratum
904 862 1112 946 obtinerent,
1131 859 1289 929 excedere

187 1029 191 1036 -
241 1007 281 1049 ex
298 981 419 1050 linibus
435 1006 504 1050 uon
522 980 652 1067 liceret,
668 981 803 1075 nequid
816 981 861 1050 de
875 983 950 1075 jure
964 995 1022 1049 aut
1033 980 1075 1048 de
1093 978 1220 1074 legibus
1237 1004 1291 1049 eo·

243 1125 319 1169 rum
336 1101 537 1170 deminuisse
557 1099 741 1188 videretur,
761 1103 830 1196 ipse
850 1103 884 1169 iu
902 1101 1026 1170 AEduos
1043 1101 1207 1195 proficisci
1228 1115 1291 1169 sta-

243 1225 322 1308 tuit,
339 1239 558 1316 senatumque
571 1247 721 1310 omnem,
738 1238 772 1292 et
786 1247 871 1317 quos
887 1225 974 1292 inter
993 1224 1220 1292 controversia
1243 1247 1291 1291 es·

244 1357 310 1429 set,
323 1341 365 1412 ad
378 1368 413 1411 se
423 1345 598 1424 Decetiam
615 1346 774 1412 evocavit.
792 1345 908 1432 Quum
925 1367 1030 1437 prope
1047 1343 1155 1412 omnis
1175 1343 1291 1411 civitas

246 1485 285 1532 eo
310 1465 533 1552 convenisset,
557 1465 811 1556 docereturque,
836 1465 950 1556 paucis
974 1460 1058 1532 clam
1083 1463 1290 1550 convocatis,

246 1583 311 1652 alio
329 1583 417 1670 loco,
437 1583 503 1653 alio
523 1601 690 1678 tempore,
708 1599 807 1678 atque
823 1586 1026 1677 oportuerit,
1045 1584 1179 1654 fratrem
1197 1609 1215 1653 a
1231 1584 1293 1653 fra·

248 1717 298 1770 tre
316 1705 564 1791 renuntiatum,
586 1727 690 1798 quum
711 1702 798 1797 leges
819 1703 887 1772 duo
907 1728 949 1772 ex
970 1729 1037 1774 una
1055 1703 1194 1791 familia,
1215 1705 1292 1772 vivo

248 1837 410 1916 utroque,
437 1849 506 1892 non
534 1821 641 1894 solum
667 1827 879 1918 magistratus
910 1826 1015 1894 creari
1041 1838 1207 1909 veterent,
1236 1824 1293 1892 sed

248 1945 349 2012 etiam
367 1944 401 2010 iu
421 1957 537 2012 senatu
559 1967 628 2013 esse
647 1944 876 2037 prohiberent,
897 1945 1022 2013 Cotum
1042 1945 1221 2037 imperium
1237 1942 1294 2010 de-

250 2087 375 2156 ponere
383 2065 508 2157 coegit3
521 2063 835 2152 Conuictolitauem,
846 2065 903 2157 qui
912 2089 973 2157 per
984 2062 1186 2151 sacerdotes,
1201 2087 1294 2131 more

250 2183 408 2271 civitatis,
422 2184 618 2254 intermissis
637 2184 899 2279 magistratibus,
917 2199 1001 2252 esset
1020 2195 1165 2270 creatus,
1184 2198 1294 2276 potes-

251 2317 354 2371 tatem
370 2304 526 2378 obtiuere
538 2305 647 2397 jussit.

299 2425 455 2493 XXXIV.
474 2427 547 2491 Hoc
559 2422 691 2491 decreto
710 2423 922 2517 interposito,
939 2423 1131 2493 cohortatus
1151 2421 1295 2510 AEduos,

254 2557 293 2610 nt
308 2542 609 2620 controversiarum
626 2567 665 2610 ac
681 2542 924 2612 dissensionum
944 2541 1235 2628 obliviscerentur,
1249 2557 1298 2610 at·

252 2687 333 2758 que,
356 2663 511 2732 omnibus
536 2664 665 2731 omissis
689 2663 741 2732 his
765 2664 878 2752 rebus,
904 2662 983 2732 huic
1005 2661 1096 2732 bello
1119 2665 1296 2748 servirent,

253 2807 371 2876 eaque,
396 2769 469 2878 quae
490 2784 702 2871 meruissent,
723 2785 858 2877 praemia
882 2785 923 2854 sb
945 2809 996 2871 se,
1017 2784 1148 2852 devicta
1171 2782 1297 2869 Gallia,

255 2916 499 2993 exspectarent,
514 2904 766 2997 equitatumque
781 2929 933 2994 omnem,
950 2919 983 2973 et
997 2905 1146 2998 peditum
1161 2902 1263 2972 millia
1276 2929 1298 2971 x

258 3018 318 3087 sibi
347 3001 498 3092 celeriter
525 3024 716 3110 mitterent,
744 3048 818 3117 quae
841 3025 875 3092 iu
901 3024 1061 3117 presidiis
1084 3025 1133 3093 rei
1154 3023 1299 3092 frumen·

256 3137 347 3205 tariae
363 3163 459 3210 eausa
477 3141 681 3235 disponeret,
695 3145 876 3211 exercitum
895 3145 929 3210 iu
946 3141 1028 3210 duas
1043 3157 1153 3236 partes
1171 3141 1298 3212 divisit:

257 3279 292 3326 ιν
305 3254 450 3350 legiones
468 3261 503 3328 in
517 3263 663 3331 Senones
678 3264 884 3355 Parisiosque
899 3262 1048 3330 Labieno
1065 3261 1233 3332 ducendas
1247 3263 1301 3332 de·

258 3377 323 3462 dit;
343 3401 377 3446 vr
393 3378 464 3470 ipse
483 3377 517 3444 in
543 3383 707 3449 Arvernos
726 3381 767 3449 ad
784 3382 945 3476 oppidum
963 3383 1165 3476 Gergoviam
1183 3408 1300 3452 secun·

258 3499 338 3567 dum
359 3499 482 3567 llumeu
501 3498 620 3570 Elaver
642 3500 738 3571 duxit
761 3505 954 3596 :equitatus
979 3519 1108 3597 partem
1132 3501 1181 3570 illi
1209 3504 1302 3571 attri-

259 3620 345 3707 buit,
366 3634 494 3715 partem
513 3621 575 3689 sibi
596 3620 738 3716 reliquit.
759 3624 838 3711 Qua
859 3625 1061 3717 recognita,
1082 3625 1300 3718 Vercingeto-

260 3740 324 3824 rix,
336 3741 491 3809 omnibus
505 3741 699 3835 interruptis
712 3743 782 3835 ejus
792 3741 938 3810 fluminis
950 3743 1124 3835 pontibus,
1140 3743 1182 3812 ab
1199 3740 1302 3826 altera

259 3859 405 3928 Elaveris
419 3875 514 3954 parte
531 3861 593 3930 iter
607 3861 714 3932 facere
730 3862 840 3955 coepit.

308 3983 448 4050 XXXV.
464 3983 577 4070 Quum
593 3996 732 4076 uterque
747 3984 880 4076 utrique
897 3999 981 4054 esset
998 3983 1161 4058 exercitus
1177 3987 1211 4051 in
1228 4007 1303 4052 con·
