3038 4766
278 407 331 444 rao
432 390 461 443 C.
480 388 577 443 JULll
599 387 762 444 CAESARIS
782 382 1142 444 commilitonum

276 530 403 584 noctem
418 539 488 582 rem
509 513 679 582 duxerant.
698 515 768 602 Ita,
785 515 968 582 necessario
989 526 1086 606 atque
1104 535 1143 579 ex
1158 523 1309 602 tempore

274 649 370 729 capto
387 633 538 714 consilio,
552 634 727 726 Pompeius
743 631 907 700 tumulum
926 629 1102 724 quemdam
1117 629 1306 723 occupavit,

273 756 331 846 qui
360 768 486 822 tantum
505 753 617 821 aberat
636 777 655 820 a
677 765 789 821 nostro
814 749 961 834 castello,
984 765 1021 818 ut
1040 748 1142 818 telum
1163 763 1308 816 tormen·

275 889 385 943 tumve
404 875 539 942 missum
557 873 645 967 adigi
664 898 731 941 non
749 885 868 965 posset.
889 874 960 940 Hoc
985 868 1133 939 consedit
1158 867 1246 957 loco,
1262 882 1307 936 at-

273 1018 337 1086 que
352 1017 429 1060 eum
445 993 657 1079 communiit,
673 1015 852 1083 omnesque
870 990 915 1057 ibi
933 989 1044 1082 copias
1059 989 1232 1058 continuit.

322 1115 393 1182 Lll.
420 1111 544 1180 Eodem
569 1126 718 1204 tempore
747 1107 874 1178 dnobus
899 1123 1057 1201 praeterea
1074 1106 1153 1177 locis
1181 1130 1308 1200 pugna-

273 1247 342 1298 tum
355 1245 405 1298 est
433 1257 441 1298 ε
475 1255 549 1299 nam
570 1229 665 1323 plura
694 1227 826 1298 castella
843 1229 1018 1322 Pompeius
1048 1230 1185 1320 pariter,
1217 1226 1307 1295 disti

273 1347 390 1418 nendee
408 1373 524 1417 manns
547 1372 664 1434 cansa,
685 1361 881 1433 tentaverat,
899 1371 940 1416 ne
958 1371 998 1417 ex
1016 1347 1174 1442 proximis
1191 1349 1306 1442 praesi·

273 1468 336 1535 diis
363 1468 510 1536 succurri
530 1481 648 1562 posset.
674 1469 752 1537 Uno
777 1465 850 1534 loco
875 1463 1045 1536 Volcatius
1066 1464 1181 1536 Tullus
1199 1468 1306 1560 impe·

274 1603 344 1656 tum
364 1585 501 1682 legionis
522 1587 675 1655 sustinuit
688 1585 879 1655 cohortibus
892 1585 1013 1672 tribus,
1027 1600 1126 1679 atque
1143 1609 1215 1656 eam
1231 1585 1307 1656 loco

245 1703 417 1799 ,depulit3
444 1703 549 1774 altero
578 1707 752 1792 Germani,
778 1705 978 1773 munitiones
1007 1719 1134 1774 nostras
1166 1707 1306 1800 egressi,

273 1824 495 1919 compluribus
516 1825 711 1912 interfectis,
732 1849 800 1893 sese
828 1823 870 1892 ad
893 1848 969 1893 suos
1000 1822 1180 1894 incolumes
1211 1849 1304 1894 rece·

274 1960 402 2036 perant
1207 2013 1209 2016 .

320 2065 408 2132 LlIl.
435 2067 485 2134 lta
508 2091 574 2134 uno
595 2065 647 2135 die
672 2089 726 2133 sex
748 2063 871 2158 proeliis
887 2064 995 2152 sactis,
1021 2066 1126 2134 tribus
1152 2064 1195 2134 ad
1215 2069 1303 2159 Dyr·

272 2181 440 2269 rachium,
466 2186 570 2253 tribus
590 2185 631 2252 ad
660 2185 873 2272 munitiones,
894 2209 998 2278 quum
1016 2184 1135 2252 horum
1155 2187 1303 2253 omnium

274 2302 357 2371 ratio
374 2301 574 2392 haberetur,
591 2304 633 2372 ad
655 2305 797 2374 duorum
819 2303 957 2373 millium
975 2329 1111 2374 numero
1138 2329 1179 2372 ex
1205 2308 1302 2373 Pom·

274 2420 398 2512 peianis
412 2422 564 2491 cecidisse
580 2424 843 2517 reperiebamus,
863 2437 1013 2492 evocatos
1030 2426 1302 2520 centurionesque

273 2537 466 2632 complures.
480 2542 517 2607 ln
530 2564 568 2608 eo
580 2541 642 2610 luit
651 2566 788 2610 numero
797 2546 836 2612 L.
845 2540 994 2612 Valerius
1005 2543 1154 2630 Flaccus,
1166 2545 1203 2612 L.
1215 2542 1302 2612 filius

272 2659 343 2750 ejus
370 2658 426 2748 qui
448 2672 567 2750 pretor
595 2663 705 2729 Asiam
729 2661 932 2750 obtinuerat3
965 2663 1121 2757 signaque
1149 2677 1226 2731 sunt
1249 2687 1303 2730 sex

272 2773 425 2844 militaria
457 2776 567 2846 relata.
594 2780 706 2848 Nostri
731 2806 798 2851 non
830 2779 972 2877 amplius
1004 2783 1120 2877 viginti
1149 2781 1302 2851 omnibus

273 2908 350 2961 sunt
378 2893 501 2987 proeliis
524 2894 704 2966 desiderati.
729 2898 794 2967 Sed
814 2903 849 2969 in
871 2899 1002 2970 castello
1027 2925 1124 2970 nemo
1146 2902 1207 2972 fuit
1230 2921 1313 2968 oms

273 3015 352 3081 nino
374 3013 534 3100 militnm,
561 3017 641 3107 quin
667 3015 912 3107 vulneraretur3
941 3034 1148 3113 quatuorque
1170 3045 1210 3090 er
1235 3043 1299 3088 una

206 3125 213 3138 ⁶
272 3131 408 3199 cohorte
423 3133 631 3201 centuriones
647 3134 759 3204 oculos
779 3137 970 3206 amiserunt.
988 3141 1030 3208 Et
1056 3162 1159 3230 quum
1181 3138 1302 3208 laboris

272 3251 322 3318 sui
336 3247 539 3343 periculique
552 3254 773 3322 testimonium
790 3253 908 3324 afferre
927 3253 1064 3342 vellent,
1084 3255 1186 3324 millia
1203 3259 1302 3350 sagit-

271 3383 380 3436 tarum
396 3371 526 3438 circiter
540 3395 630 3456 xxx,
649 3371 685 3438 in
702 3371 869 3442 castellum
885 3375 1049 3466 conjecta,
1067 3374 1186 3442 cesari
1206 3395 1301 3439 renu-

270 3502 481 3558 meraverunt
505 3470 525 3557 ει
545 3505 704 3584 scutoque
722 3491 764 3558 ad
782 3515 855 3558 eum
874 3490 977 3561 relato
996 3495 1113 3561 Scoevoe
1139 3491 1299 3558 centurio·

270 3609 341 3696 nis,
371 3609 502 3678 inventa
530 3624 608 3678 sunt
637 3611 671 3678 in
688 3635 725 3678 eo
745 3609 904 3678 foramina
929 3633 1008 3679 cxx.
1035 3611 1144 3696 Quem
1170 3613 1297 3696 Caesar,

269 3741 386 3796 uterat
401 3728 442 3797 de
458 3753 492 3798 se
507 3731 642 3799 meritus
659 3744 692 3797 et
710 3729 750 3796 de
770 3725 956 3818 republica,
972 3727 1129 3798 donatum
1153 3727 1297 3799 millibus

269 3843 434 3933 ducentis,
456 3867 555 3945 atque
575 3851 616 3918 ab
633 3849 754 3916 octavis
777 3845 946 3916 ordinibus
968 3846 1010 3916 ad
1032 3851 1174 3943 primum
1193 3850 1297 3946 pilum

269 3989 303 4032 se
324 3966 531 4038 transducere
548 3968 773 4062 pronuntiavit
794 3993 801 4035 :
822 3967 892 4058 ejus
907 3968 994 4040 enim
1008 3993 1107 4063 opera
1126 3971 1294 4041 castellum
