3026 4768
463 329 515 386 nn
534 329 656 386 necno
677 329 838 398 cmmco
857 331 927 388 cm.
948 333 980 386 r.
1189 349 1242 404 ιη

199 457 413 528 Trevirorum
443 458 547 551 copiae
577 457 758 543 venissent,
783 457 909 526 veritus
936 481 996 542 ne,
1021 457 1050 526 si
1071 481 1110 526 ex
1130 456 1242 528 biber·

200 577 252 650 uis
274 577 360 671 luge
379 574 522 646 similem
543 574 784 670 prosectionem
803 575 952 664 fecisset,
975 576 1122 646 hostium
1140 580 1244 672 impe·

201 711 273 766 tum
292 697 456 767 sustinere
476 713 543 766 nou
562 711 689 789 posset,
704 697 888 790 presertim
902 721 985 790 quos
1001 699 1127 768 recenti
1145 700 1245 770 victo

201 819 252 886 ria
263 815 374 886 efferri
385 817 500 905 sciret,
515 815 641 885 litteras
654 818 776 886 Caesari
793 817 949 907 remittit,
961 831 1088 911 quanto
1101 843 1178 890 cum
1188 843 1245 915 pe-

200 935 308 1008 riculo
323 934 487 1032 legionem
502 961 543 1006 ex
555 935 704 1006 hibernis
717 935 898 1006 educturus
913 951 1000 1008 esset
1015 963 1023 1006 ε
1036 961 1108 1008 rem
1119 955 1245 1034 gestam

202 1057 238 1126 iu
254 1056 467 1127 Eburonibus
485 1055 660 1151 perscribit
677 1079 686 1123 ε
707 1054 821 1143 docet,
836 1081 954 1128 omnes
969 1059 1136 1152 equitatus
1154 1061 1247 1154 pedi-

204 1192 357 1271 tatusque
369 1177 480 1270 copias
493 1176 707 1246 Trevirorum
721 1177 786 1245 tria
799 1175 903 1246 millia
916 1201 1074 1272 passuum
1089 1178 1189 1275 longe
1204 1181 1246 1250 ab

203 1300 270 1368 suis
281 1297 397 1366 castris
409 1296 605 1366 consedisse.
1200 1289 1204 1292 ’

251 1418 405 1487 XLVIII.
423 1419 547 1502 Caesar,
566 1414 704 1486 consilio
724 1417 795 1510 ejus
813 1417 970 1510 probato,
987 1419 1068 1506 etsi,
1088 1421 1246 1514 opinione

206 1537 307 1606 trium
323 1533 491 1631 legionum
506 1534 667 1630 dejectus,
680 1535 723 1606 ed
739 1534 820 1606 duas
836 1535 996 1626 redierat,
1014 1551 1125 1608 tamen
1140 1563 1246 1610 unum

205 1657 392 1726 communis
412 1653 527 1724 salutis
546 1653 706 1724 auxilium
727 1656 762 1725 in
781 1653 949 1726 celeritate
968 1658 1122 1750 ponebat.
1145 1661 1248 1730 Venit

207 1775 1249 1874 maguisitineribusinNerviorumlineslbiexcnptiriscogno·
1328 1755 1331 1760 ¹

207 1897 269 1966 scit
281 1887 451 1989 quaeapud
461 1895 656 1964 Ciceronem
666 1910 839 1990 gerantur,
848 1911 1041 1990 quantoque
1054 1898 1089 1966 in
1099 1897 1247 1992 periculo

206 2040 258 2084 rec
274 2015 326 2084 sit.
344 2019 432 2084 Tum
451 2011 585 2084 cuidam
598 2039 637 2084 ex
654 2015 821 2110 equitibus
836 2015 943 2087 Gallis
959 2019 1087 2113 magnis
1104 2022 1248 2114 premiis

207 2135 399 2230 persuadet,
428 2137 477 2204 uti
505 2135 548 2204 ad
574 2136 771 2206 Ciceronem
793 2134 966 2230 epistolam
991 2136 1127 2226 deferat.
1154 2145 1248 2212 Hanc

207 2258 324 2353 grecis
351 2257 574 2351 conscriptam
601 2255 719 2325 litteris
748 2257 864 2344 mittit,
891 2281 947 2342 ne,
973 2257 1156 2352 intercepta
1181 2263 1249 2355 epi·

208 2375 309 2465 stola,
326 2391 440 2446 nostra
455 2377 497 2446 ab
513 2377 664 2445 hostibus
681 2373 818 2445 consilia
831 2391 1083 2471 cognoscantur.
1102 2381 1137 2448 Si
1157 2379 1249 2450 adire

208 2522 275 2566 non
295 2500 418 2591 possit,
438 2511 568 2584 monet,
585 2510 624 2564 ut
639 2491 803 2589 tragulam
820 2517 897 2564 cum
913 2495 1067 2590 epistola,
1081 2497 1124 2567 ad
1139 2523 1251 2566 amen·

208 2632 279 2687 tum
296 2616 454 2712 deligata,
469 2618 558 2687 intra
574 2616 777 2685 munitiones
794 2629 979 2684 castrorum
992 2617 1134 2709 abjiciat
1148 2619 1186 2682 In
1199 2615 1251 2684 lit·

209 2739 288 2805 teris
311 2737 442 2820 scribit,
463 2761 496 2804 se
515 2760 590 2804 curn
612 2733 798 2828 legionibus
820 2734 1008 2827 profectum
1028 2732 1180 2802 celeriter
1202 2737 1249 2804 as·

208 2855 281 2924 sore
302 2881 310 2923 ε
333 2854 501 2941 hortatur,
522 2867 560 2921 ut
577 2855 751 2947 pristinam
769 2853 928 2922 virtutem
947 2853 1097 2922 retineat.
1116 2853 1249 2944 Gallus,

208 2971 396 3068 periculum
417 2973 555 3058 veritus,
572 2987 611 3042 ut
626 2988 697 3043 crat
711 2986 932 3067 preceptum,
953 2971 1116 3068 tragulam
1136 2977 1249 3047 mittit.

208 3097 288 3162 Ilaec
308 3115 386 3177 casu
410 3091 453 3162 ad
478 3093 597 3160 turrim
626 3092 778 3182 adhesit,
803 3116 911 3186 neque
935 3093 977 3162 ab
1003 3096 1124 3164 nostris
1148 3097 1251 3167 biduo

209 3212 456 3302 animadversa,
480 3213 580 3282 tertio
604 3212 658 3284 die
683 3233 702 3280 a
726 3213 871 3308 quodam
896 3212 1000 3284 milite
1021 3217 1249 3311 conspicitur:

210 3332 346 3428 dempta
368 3333 411 3404 ad
434 3335 630 3403 Ciceronem
650 3332 809 3403 defertur.
833 3333 893 3404 Ille
911 3334 1089 3431 perlectam
1111 3339 1146 3405 in
1172 3361 1253 3408 con·
1306 3425 1310 3434 1

211 3470 312 3526 ventu
332 3454 477 3524 militum
496 3455 629 3543 recitet,
648 3456 857 3550 maximaque
877 3481 991 3528 omnes
1008 3455 1121 3526 letitia
1139 3456 1251 3528 afficit.

210 3577 297 3644 Tum
310 3574 393 3644 fumi
411 3573 641 3644 incendiorum
652 3574 770 3668 procul
787 3575 986 3646 videbantur
1003 3601 1011 3644 ε
1031 3600 1105 3670 quae
1117 3601 1169 3646 res
1186 3598 1254 3646 em·
1307 3597 1310 3604 ·

213 3717 290 3763 nem
304 3693 547 3763 dubitationem
563 3694 726 3766 adventus
739 3694 909 3792 legionum
922 3695 1059 3791 expulit.

259 3815 380 3914 XLIX.
397 3811 503 3904 Galli,
518 3839 555 3884 re
568 3817 700 3910 cognita
717 3839 777 3912 per
793 3816 1037 3911 exploratores,
1048 3813 1253 3886 obsidionem

213 3933 420 4027 relinquunt,
447 3934 490 4003 ad
513 3936 678 4006 Caesarem
704 3939 857 4008 omnibus
882 3939 986 4032 copiis
1015 3937 1253 4008 contendunt:
