3038 4766
466 357 517 414 ΒΕ
537 355 660 414 BELLO
681 333 795 412 clvthl
815 357 885 412 Lm.
905 359 954 414 111.
1167 376 1221 432 ¹⁰9
1239 331 1242 336 Ι

190 485 398 578 Pompeianis
417 481 514 550 rehus
530 479 708 550 studebat:
727 481 893 568 Petreius,
913 505 1049 552 summe
1066 479 1221 552 nohilita-

192 607 233 675 tis
257 602 466 688 adolescens,
490 602 556 670 suis
581 624 619 687 aq
641 623 778 670 suorum
802 600 921 693 opibus
940 601 1100 670 Caesarem
1127 602 1222 670 enixe

194 724 335 796 'urebat

187 752 201 822 J
241 845 399 914 XXXVI.
427 841 618 936 Eodemque
644 857 793 935 tempore
818 842 986 911 Domitius
1012 843 1047 910 in
1066 841 1223 912 Macedo·

195 966 285 1034 niam
303 963 393 1032 venit
406 986 415 1028 ε
428 975 462 1030 et
475 985 580 1054 quum
592 960 727 1030 adeum
746 960 932 1054 frequentes
948 963 1120 1030 civitatum
1134 959 1223 1057 lega-
1317 1021 1326 1042 ,

194 1085 300 1154 tiones
312 1081 490 1151 convenire
502 1081 690 1173 acepissent,
701 1070 891 1150 nuntiatum
907 1094 956 1148 est
970 1079 1083 1162 adesse
1095 1081 1225 1175 Scipio·

195 1225 269 1272 nem
279 1226 356 1271 eum
366 1198 566 1298 legionibus,
576 1223 695 1294 magna
705 1178 946 1294 etopinioneet
956 1199 1222 1270 famaomnium:

194 1346 271 1392 uam
288 1319 481 1416 plerumque
495 1321 531 1388 in
548 1319 693 1388 novitate
708 1318 797 1388 fama
807 1317 983 1390 antmedit.
998 1309 1060 1389 llic
1076 1318 1170 1390 nullo
1188 1322 1223 1388 in

194 1441 268 1512 loco
286 1437 490 1510 Macedoniae
511 1453 679 1523 moratus,
700 1463 821 1532 magno
842 1440 967 1533 impetu
987 1439 1158 1510 contendit
1181 1437 1224 1516 ad

194 1561 395 1646 Domitium,
408 1573 442 1627 et
458 1581 561 1652 quum
580 1557 622 1626 ab
637 1581 677 1626 eo
694 1554 800 1626 millia
817 1581 972 1651 passuum
985 1583 1032 1628 xx
1049 1558 1224 1644 abfuisset,

195 1680 304 1750 subito
317 1701 351 1748 se
366 1677 408 1746 ad
424 1679 574 1748 Cassium
583 1679 774 1771 Longinum
788 1677 822 1745 in
834 1675 1037 1746 Thessaliam
1050 1679 1223 1746 convertit.

196 1803 269 1868 Hoc
285 1797 368 1867 adeo
385 1794 534 1866 celeriter
550 1793 646 1882 fecit,
662 1811 699 1864 ut
717 1794 813 1866 simul
829 1795 942 1865 adesse
961 1810 994 1864 et
1011 1795 1123 1864 venire
1140 1819 1226 1864 nuu-

196 1919 354 1988 tiaretnr:
370 1929 484 2010 atquo
501 1916 564 1984 iter
575 1914 759 2010 expeditius
771 1914 908 2003 faceret,
922 1907 969 1984 ML
985 1915 1168 1985 Favonium
1183 1913 1226 1982 ad

198 2035 320 2105 flumen
335 2033 597 2122 Haliacmonem,
611 2033 700 2127 quod
716 2032 947 2110 Macedoniam
962 2059 981 2102 a
994 2031 1161 2104 Thessalia
1177 2033 1227 2104 di-

199 2155 298 2239 vidit,
314 2177 391 2227 cum
407 2153 598 2257 cohortibus
613 2177 678 2222 vm
696 2153 848 2247 presidio
864 2153 1109 2250 inpedimentis
1127 2151 1227 2248 legio-

199 2299 279 2342 num
307 2272 460 2367 reliquit,
487 2271 724 2367 castellumque
752 2273 797 2341 ibi
824 2275 946 2342 muniri
964 2275 1074 2368 jussit.
1103 2273 1228 2344 Eodem

199 2408 348 2487 tempore
360 2394 525 2487 equitatus
539 2393 628 2487 regis
639 2395 744 2486 Cotys
758 2391 800 2460 ad
812 2407 918 2462 castra
931 2393 1034 2462 Cassii
1046 2391 1228 2478 advolavit,

199 2514 256 2608 qui
277 2513 404 2582 circum
428 2509 630 2582 Thessaliam
653 2535 722 2580 esse
747 2526 970 2580 consueverat
996 2515 1082 2581 Tum
1108 2513 1229 2580 timore

199 2633 394 2725 perterritus
411 2631 557 2715 Cassius,
574 2629 707 2722 cognito
724 2630 887 2722 Scipionis
906 2629 1070 2717 adventu,
1085 2631 1228 2724 visisque

200 2751 384 2843 equitibus,
403 2772 486 2841 quos
508 2747 670 2839 Scipionis
691 2769 760 2816 esse
782 2747 1080 2836 arbitrabatur,·ad
1101 2763 1229 2818 montes

202 2894 237 2938 se
254 2867 416 2938 convertit
436 2867 493 2959 qui
509 2863 711 2935 Thessaliam
730 2865 886 2960 cingunt,
901 2881 1000 2961 atque
1019 2891 1058 2937 ex
1078 2868 1129 2936 his
1150 2866 1231 2937 locis

201 2989 409 3060 Ambraciam
426 3010 540 3055 versus
556 2986 618 3056 iter
631 2984 738 3056 facere
753 2988 864 3080 coepit
879 2991 925 3056 At
940 2988 1143 3080 Scipionem,
1156 3011 1232 3082 pro·

142 3191 145 3196 ¹
203 3119 373 3202 perantem
393 3105 507 3199 sequi,
526 3103 640 3174 litterae
660 3119 738 3174 sunt
755 3120 937 3176 consecuto
955 3131 975 3176 a
992 3109 1041 3177 M.
1063 3107 1230 3194 Favonio,

203 3202 389 3296 Domitium
408 3251 485 3295 cum
502 3225 685 3320 legionibus
703 3225 833 3314 adesse,
850 3251 957 3322 neque
972 3251 1007 3297 se
1024 3227 1232 3322 praesidium,

98 3359 102 3366 '
203 3346 260 3415 uhi
274 3345 472 3423 constitutus
485 3360 586 3432 essct,
601 3346 672 3416 sine
686 3344 809 3416 auxilio
823 3347 985 3440 Scipionis
1001 3363 1112 3416 tenere
1124 3371 1230 3444 posse.

203 3466 336 3555 Quibus
355 3463 471 3536 litteris
490 3465 652 3560 acceptis,
671 3464 846 3536 consilium
865 3467 977 3561 Scipio
998 3467 1126 3559 iterque
1141 3490 1233 3535 com·

204 3599 329 3672 mutat3
352 3587 501 3656 Cassium
529 3587 622 3680 sequi
642 3585 786 3674 desistit,
804 3587 951 3656 Favonio
970 3585 1128 3657 auxilium
1149 3585 1233 3654 ferre

204 3705 384 3775 contendit.
410 3710 546 3800 ltaque,
566 3703 619 3774 die
644 3730 682 3775 ac
703 3720 799 3778 noete
820 3707 1013 3775 continuato
1037 3705 1173 3791 itinere,
1193 3703 1235 3773 ad

205 3847 281 3892 eum
300 3829 462 3919 pervenit,
477 3843 544 3896 tam
561 3841 751 3921 opportuno
769 3842 929 3922 tempore,
947 3841 985 3894 ut
1001 3822 1098 3894 simul
1116 3825 1235 3895 Domi-

204 3943 285 4011 tiani
303 3949 465 4018 exercitus
482 3945 589 4043 pulvis
609 3961 812 4035 cerneretur,
833 3957 867 4016 et
886 3947 984 4043 primi
1003 3959 1234 4016 antecursores
