3026 4768
284 346 336 405 rab*
438 349 468 403 C.
489 347 584 404 IULII
604 349 768 406 cesaris
790 346 1160 410 comannorum

279 470 519 544 mittebantur:
533 497 677 567 quorum
694 495 771 568 pars
786 473 990 568 deprehensa
1005 477 1038 543 in
1051 492 1230 572 conspectu
1244 500 1320 547 uos-

278 611 406 664 trorum
425 593 569 662 militum
591 615 667 663 curn
684 596 833 662 cruciatu
850 587 1040 663 necabatur.
1062 597 1143 666 Erat
1160 621 1247 666 unus
1267 599 1319 666 in·

278 731 331 785 tus
346 715 510 803 Nervius,
530 713 665 782 nomine
676 715 825 798 Vertico,
842 712 918 782 loco
938 729 1036 784 natus
1054 715 1210 803 honesto,
1225 719 1283 811 qui
1300 743 1319 786 a

279 835 385 928 prima
404 833 577 902 obsidione
602 831 645 900 ad
663 833 858 902 Ciceronem
881 832 1086 927 perfugerat,
1110 853 1270 930 suamque
1288 839 1317 904 ei

279 953 377 1023 fidem
405 953 610 1046 prestiterat.
636 953 700 1020 llic
727 975 822 1020 servo
849 977 906 1046 spe
934 950 1095 1022 libertatis
1124 958 1319 1051 magnisque

277 1073 452 1167 persuadet
471 1073 629 1166 premiis,
649 1086 688 1139 ut
709 1070 834 1141 litteras
851 1071 893 1140 ad
910 1075 1075 1142 Caesarem
1090 1073 1227 1144 deferat.
1250 1081 1317 1147 Has

278 1191 332 1260 ille
351 1193 386 1258 in
403 1189 515 1284 jaculo
532 1189 672 1286 illigatas
691 1190 807 1277 effert3
824 1204 858 1259 et
873 1188 990 1260 Gallus
1006 1193 1094 1262 inter
1110 1193 1227 1262 Gallos
1245 1197 1317 1264 siue

277 1309 345 1379 ulla
358 1311 544 1404 suspicione
559 1325 726 1398 versatus,
741 1309 784 1379 ad
797 1315 959 1382 Caesarem
974 1312 1135 1405 pervenit.
1152 1313 1203 1382 Ab
1219 1337 1258 1382 eo
1275 1314 1315 1383 'de

277 1428 432 1524 periculis
448 1432 618 1500 Ciceronis
632 1429 837 1525 legionisque
853 1432 1075 1524 cognoscitur.

323 1551 444 1619 XLVI.
463 1552 587 1637 Caesar,
604 1551 748 1642 acceptis
764 1548 883 1618 litteris
895 1550 978 1619 hora
993 1552 1126 1620 circiter
1141 1552 1315 1622 undecima

276 1669 356 1759 diei,
373 1671 484 1738 statim
501 1669 656 1738 nuntium
673 1669 707 1736 in
720 1663 912 1738 Bellovacos
925 1669 968 1738 ad
980 1673 1028 1739 Μ.
1040 1673 1198 1746 Crassum
1212 1698 1315 1766 quaes·

267 1805 381 1860 torem
402 1789 526 1888 mittit,
549 1789 643 1882 cujus
668 1787 806 1858 hiberna
825 1789 966 1858 aberant
984 1790 1027 1858 ab
1049 1815 1089 1860 eo
1114 1791 1218 1861 millia
1242 1817 1313 1886 pas-

276 1933 468 1995 suumxxv.
486 1909 584 1978 Iubet
604 1907 711 1977 media
731 1921 829 1977 nocte
848 1907 1012 2004 legionem
1033 1912 1212 2004 proficisci,
1231 1911 1321 1981 cele--

276 2033 424 2124 riterque
445 2025 487 2098 ad
507 2054 542 2098 se
561 2030 684 2098 venire.
705 2029 795 2097 Exiit
815 2053 893 2097 cum
917 2031 1036 2099 nuntio
1056 2034 1204 2101 Crassus.
1226 2031 1315 2102 Alte-

277 2175 352 2220 rum
375 2150 417 2218 ad
442 2153 480 2220 C.
501 2149 639 2218 Fabium
667 2147 811 2243 legatum
839 2151 958 2236 mittit;
984 2153 1080 2219 utin
1104 2152 1312 2221 Atrebatium

276 2271 358 2340 fines
373 2268 537 2366 legionem
554 2267 711 2356 adducat,
726 2293 792 2362 qua
811 2268 872 2336 sibi
892 2269 956 2337 iter
971 2268 1161 2339 faciendum
1177 2272 1311 2341 sciebat.

169 2453 175 2466 .
279 2391 401 2462 Scribit
419 2390 586 2474 Labieno,
604 2390 631 2458 si
652 2386 840 2483 reipublicae
857 2389 1035 2458 commodo
1059 2390 1165 2460 iacere
1186 2407 1312 2485 posset,

276 2537 353 2582 cum
369 2510 498 2606 legione
519 2509 562 2577 ad
581 2509 662 2576 fines
681 2511 884 2578 Nerviorum
899 2511 1034 2579 veniat:
1055 2508 1214 2604 reliquam
1235 2538 1312 2606 par·

275 2647 341 2701 tem
366 2630 543 2718 exercitus,
565 2627 655 2723 quod
677 2628 777 2722 paulo
804 2631 917 2698 aberat
943 2628 1092 2724 longius,
1119 2655 1186 2699 non
1216 2647 1312 2726 putat

274 2751 548 2848 exspectandam
566 2750 692 2842 equites
713 2750 844 2817 circiter
865 2771 911 2820 cn
930 2775 970 2818 ex
987 2753 1144 2844 proximis
1164 2751 1312 2821 hibernis

273 2873 369 2964 cogit.
440 2891 442 2896 ’

321 2992 459 3058 XLVII.
484 2995 574 3060 Hora
602 2991 738 3057 circiter
761 2987 879 3075 tertia,
907 2987 947 3055 ab
977 2989 1245 3057 antecursoribus
1270 2987 1311 3055 de

274 3108 384 3176 Crassi
403 3108 546 3177 adventu
564 3109 687 3177 certior
701 3107 822 3190 factus,
839 3129 879 3174 eo
900 3105 953 3173 dic
972 3107 1075 3176 millia
1092 3132 1248 3202 passuum
1265 3109 1312 3174 vi·

275 3229 359 3324 ginti
374 3228 594 3322 progreditur.
613 3231 769 3298 Crassum
785 3225 1021 3296 Samarobriva
1041 3227 1191 3319 praelicit,
1209 3228 1310 3323 legio-

275 3372 419 3442 nemque
428 3349 458 3416 ei
468 3348 635 3435 attribuit,
650 3347 739 3441 quod
754 3348 799 3414 ibi
811 3345 1042 3440 impedimenta
1058 3349 1235 3436 exercitus,
1249 3349 1311 3416 ob·

272 3469 358 3539 sides
376 3470 564 3554 civitatum,
582 3466 706 3536 litteras
723 3464 889 3560 publicas,
907 3466 1177 3562 frumentumque
1197 3493 1310 3554 omne,

272 3589 361 3685 quod
378 3613 418 3657 eo
433 3585 611 3657 toleranda
629 3587 747 3654 hiemis
762 3607 860 3655 causa
877 3581 1071 3676 devexerat,
1088 3588 1307 3682 relinquebat.

270 3711 410 3798 Fabius,
428 3725 466 3777 ut
486 3709 685 3801 imperatum
709 3722 799 3792 erat,
824 3709 956 3775 nonita
981 3707 1122 3777 multum
1143 3724 1308 3797 moratus,

270 3830 303 3895 in
326 3831 445 3900 itinere
470 3848 545 3896 curn
570 3827 700 3923 legione
714 3828 870 3895 occurrit.
891 3827 1072 3914 Labienus,
1096 3830 1232 3898 interitu
1253 3831 1310 3898 Sa-

155 3938 159 3947 ’
263 3946 338 4015 bini
358 3961 392 4015 et
410 3947 498 4016 cade
519 3949 704 4016 cohortium
726 3948 874 4040 cognita,
903 3969 1006 4042 quum
1034 3970 1148 4016 omnes
1171 3949 1211 4016 ad
1233 3970 1308 4017 eum
