3060 4768
276 397 332 454 232
451 397 600 454 C.JUL11
621 397 791 454 CAESARIS
813 397 1014 456 COMMENT.
1037 400 1148 457 LIBER

275 525 398 594 adoriri
417 523 587 592 auderent.
613 526 775 592 Praeterea
798 525 901 615 ipsius
928 548 1049 595 nomen
1076 530 1322 622 auctoritasque

275 669 396 740 magna
416 669 455 712 ex
480 659 573 737 parte
592 667 706 711 eorum
727 645 889 713 exereitus
913 646 1083 715 minuebat
1108 645 1278 718 audaciam
1309 676 1319 716 :

276 780 346 834 tum
362 766 501 860 egregia
518 764 718 832 munitiones
733 779 938 851 castrorum,
951 779 984 833 et
997 764 1073 837 valli
1087 765 1319 862 fossarumque

240 886 434 972 ',altitudo-,
455 900 488 954 et
506 882 742 952 extravallum
762 882 837 978 styli
856 887 949 970 caeci,
970 884 1154 956 mirabilem
1180 889 1215 956 in
1247 915 1317 958 mo-

275 1007 354 1076 dum
373 1006 514 1090 consiti,
530 1002 584 1072 vel
601 1005 670 1072 sine
697 1002 941 1074 defensionibus
967 1005 1093 1075 aditum
1122 1007 1318 1080 adversariis

276 1127 507 1222 prohibebant.
528 1125 766 1218 scorpionum,
786 1124 1044 1218 catapultarum,
1066 1143 1319 1224 ceterorumque

274 1245 432 1329 telorum,
451 1270 523 1337 quae
549 1244 590 1312 ad
616 1243 858 1312 defendendum
885 1242 991 1314 solent
1010 1249 1135 1340 parari,
1163 1273 1316 1343 magnam

275 1367 406 1463 copiam¹
424 1364 577 1432 habebat.
605 1367 713 1456 Atque
734 1365 803 1433 haec
823 1379 961 1459 propter
979 1368 1145 1436 exercitus
1162 1371 1212 1438 sui
1233 1394 1316 1462 prae-

274 1487 376 1554 sentis
394 1485 592 1577 paucitatem
609 1497 642 1552 et
656 1482 843 1552 tirocinium
859 1500 1117 1578 preparaverat3
1143 1512 1227 1576 non,
1252 1489 1314 1558 ho·

275 1607 376 1674 stium
395 1606 426 1672 vi
450 1619 483 1671 et
501 1618 593 1672 metu
619 1617 822 1688 commotus,
846 1605 1024 1696 patientem
1043 1629 1078 1674 se
1097 1607 1315 1701 timidumque

274 1725 419 1794 hostium
436 1725 586 1820 opinioni
604 1722 912 1816 praebebat.'Neque
927 1722 1053 1794 idcirco
1067 1707 1192 1820 copias,
1214 1752 1316 1820 quan·

275 1837 375 1940 quam
391 1861 485 1914 erant
501 1865 612 1938 pauca
628 1845 857 1936 tironumque,
877 1869 945 1912 non
961 1844 1121 1914 educebat
1140 1847 1174 1916 in
1195 1848 1313 1933 aciem,

276 1965 366 2056 quod
383 1966 533 2062 'victorie
554 1989 690 2033 snorum
708 1962 891 2049 diffiderem
913 1964 970 2032 sed
990 1963 1112 2045 referre
1130 1966 1313 2036 arbitraba·

277 2102 350 2168 tur,
371 2084 556 2179 cujusmodi
586 2084 725 2152 victoria
736 2097 828 2164 'esset
854 2084 992 2154 futura:
1019 2098 1116 2178 turpe
1142 2087 1231 2156 enim
1254 2087 1314 2157 sibi

276 2206 499 2296 existimabat,
524 2219 574 2272 tot
593 2204 690 2272 rebus
709 2207 829 2297 gestis,
848 2205 1012 2296 tantisque
1039 2208 1238 2279 exercitibus
1256 2206 1312 2276 de·

277 2327 390 2409 victis,
410 2340 461 2394 tot
480 2339 545 2392 tam
565 2322 660 2392 claris
684 2324 830 2392 victoriis
850 2325 969 2416 partis,
997 2323 1040 2401 ab
1058 2323 1192 2418 reliquis
1212 2317 1313 2421 copiis
1355 2335 1370 2370 ³

267 2444 541 2516 ‚adversariorum
561 2469 718 2528 suorum,
739 2469 780 2512 ex
797 2443 875 2537 fuga
893 2440 1058 2531 collectis,
1086 2469 1120 2513 se
1146 2462 1313 2516 cruentam

275 2555 431 2659 adeptum
449 2565 628 2646 existimari
649 2564 832 2644 victoriam.
852 2567 969 2657 Itaque
991 2567 1222 2653 constituerat,
1244 2566 1314 2662 glo·

276 2689 358 2754 riam
377 2684 693 2778 exsultationemque
711 2707 825 2752 eorum
845 2687 929 2778 pati,
947 2683 1051 2752 donec
1070 2685 1132 2753 sibi
1151 2703 1315 2756 veterana·

276 2829 350 2874 rum
370 2798 537 2900 legionum
559 2829 635 2898 pars
652 2801 764 2897 aliqua
781 2805 815 2872 in
835 2803 979 2886 secundo
997 2820 1184 2876 commeatu
1200 2832 1315 2876 occur·
1424 2865 1429 2874 .

277 2927 382 2996 risset.

323 3049 467 3115 XXXII.
493 3047 605 3138 Scipio
625 3047 777 3132 interim,
798 3044 979 3140 paulisper,
1005 3062 1042 3117 ut
1071 3063 1148 3118 ante
1174 3049 1256 3134 dixi,
1281 3051 1317 3118 in

276 3191 315 3233 eo
333 3164 406 3234 loco
426 3179 663 3252 commoratus,
680 3179 717 3233 ut
734 3167 827 3258 qnasi
844 3165 1028 3261 despexisse
1046 3169 1207 3240 Caesarem
1227 3168 1318 3240 vide-

277 3299 386 3370 retur,
412 3282 570 3378 paulatim
587 3283 718 3354 reducit
736 3309 810 3364 suas
826 3288 937 3380 copias
955 3289 989 3356 in
1012 3302 1138 3377 castra,
1160 3303 1213 3374 et,
1239 3313 1318 3358 oon·

277 3406 373 3474 cione
390 3403 570 3493 advocata,
604 3404 644 3474 de
664 3420 788 3474 terrore
807 3431 872 3484 suo¹
888 3406 1179 3502 desperationeque
1197 3410 1321 3478 exerci-

278 3541 332 3595 tus
349 3527 488 3594 Caesaris
512 3525 611 3596 verba
638 3526 730 3612 facim
752 3541 785 3604 et
811 3526 1001 3596 cohortatus
1030 3553 1122 3614 suos,
1147 3530 1320 3600 victoriana

278 3651 448 3741 propriam
472 3671 506 3715 se
526 3648 571 3715 eis
601 3647 694 3716 brevi
715 3646 870 3715 daturum
891 3644 1075 3741 pollicetur.
1096 3651 1206 3718 Caesar
1223 3649 1321 3742 jubet

279 3767 400 3836 milites
419 3792 535 3837 rursus
553 3767 596 3835 ad
615 3792 701 3862 opus¹
717 3767 840 3854 redire,
863 3780 896 3835 et
918 3791 978 3861 per
1001 3793 1135 3844 causam
1159 3771 1319 3840 munitio·

279 3913 359 3956 num
377 3889 500 3958 tirones
526 3890 559 3956 in
581 3887 693 3956 labore
713 3886 892 3980 defatigare
917 3913 985 3970 non
1002 3891 1201 3960 intermittit.
1230 3893 1321 3959 Inte·

279 4010 342 4076 rim
376 4007 530 4080 Numida
564 4006 751 4100 Gaetulique
775 4006 936 4104 diffugere
963 4009 1111 4105 quotidie
1137 4036 1178 4082 ex
1205 4009 1325 4080 castris
