3014 4780
509 431 703 490 bussuto
725 431 930 488 Armcsuo.
1177 427 1234 483 233

196 564 376 660 Scipionis,
405 575 439 630 et
467 560 588 654 partim
617 560 651 627 in
680 581 818 650 regnum
840 580 874 624 se
901 529 1070 642 conferre,
1096 553 1234 646 partim,

195 683 285 778 quod
300 684 361 777 ipsi
382 681 589 773 majoresque
607 701 721 748 eorum
739 675 898 746 beneficio
917 677 954 744 C.
974 673 1074 742 Marii
1087 673 1137 740 usi
1156 671 1236 741 fuis·

196 818 285 888 sent,
310 807 538 894 Caesaremque
554 800 625 892 ejus
644 796 777 867 affinem
796 821 865 865 esse
891 793 1083 882 audiebant,
1103 793 1137 861 in
1163 793 1235 887 ejus

197 939 303 992 castra
325 921 499 1017 perfugere
523 919 714 989 catervatim
737 942 803 987 non
824 917 1059 985 intermittunt.
1079 915 1233 1000 Quorum

196 1070 237 1112 ex
256 1067 397 1113 numero
413 1039 523 1111 electis
543 1041 732 1111 hominibus
762 1036 994 1106 illustrioribus
1019 1030 1178 1120 Gaetulis,
1202 1047 1237 1101 et

196 1163 314 1233 litteris
332 1163 374 1232 ad
393 1185 470 1231 suos
488 1163 574 1231 cives
594 1158 699 1247 datis,
719 1158 935 1244 cohortatus,
963 1155 1012 1225 uti
1030 1178 1130 1223 manu
1148 1151 1234 1224 lacta

196 1308 231 1354 se
249 1307 391 1376 suosque
409 1280 642 1368 defenderent,
662 1293 695 1348 et
715 1302 757 1348 ne
777 1278 843 1346 suis
863 1276 1004 1346 inimicis
1023 1272 1235 1344 adversariis·

197 1428 261 1498 que
278 1403 367 1473 dicto
384 1402 554 1471 audientes
572 1414 697 1488 essent,
716 1399 827 1467 mittit.

245 1539 403 1605 XXXIII.
439 1539 529 1604 Dum
559 1533 629 1604 haec
657 1532 699 1601 ad
730 1533 913 1626 Ruspinam
944 1531 1049 1618 fiunt,
1069 1529 1168 1626 legati
1195 1555 1235 1598 ex

197 1655 342 1742 Achilla,
362 1657 497 1724 civitate
517 1653 638 1741 libera,
657 1655 756 1721 etiam
776 1651 922 1745 undique
936 1649 979 1720 ad
995 1655 1157 1721 Caesarem
1175 1673 1232 1718 ve·

197 1777 307 1859 nium,
325 1799 425 1867 seque
443 1787 591 1868 paratos,
612 1795 817 1866 quaecuuque
841 1773 1048 1865 imperasset,
1069 1784 1102 1838 et
1119 1767 1233 1838 libenti

196 1899 308 1966 animo
326 1895 469 1964 facturos
487 1891 685 1986 pollicentur
704 1917 713 1961 ε
733 1907 862 1961 tantum
885 1915 980 1960 orare
1003 1906 1035 1959 et
1056 1905 1167 1984 petere
1192 1889 1233 1958 ab

197 2041 256 2102 eo,
277 2029 313 2084 ut
330 2014 391 2082 sibi
409 2012 597 2108 praesidium
618 2013 730 2098 daret,
750 2035 818 2106 quo
835 2012 938 2080 tutius
950 2010 983 2079 id
1001 2024 1033 2079 et
1050 2011 1119 2080 sine
1144 2011 1233 2105 peri·

198 2133 274 2204 culo
291 2133 399 2203 Iacere
416 2148 573 2228 possent:
592 2157 627 2202 se
638 2148 670 2202 et
685 2131 888 2202 frumentum
899 2183 908 2220 ,
918 2145 950 2200 et
965 2153 1170 2225 quaecunque
1182 2154 1234 2200 res

198 2257 244 2323 eis
259 2269 466 2348 suppeteret,
481 2253 666 2324 communis
676 2251 791 2322 salutis
800 2253 904 2347 gratia
915 2251 1232 2322 subministraturus.

197 2376 328 2465 Quibus
353 2375 449 2444 rebus
475 2373 570 2444 facile
597 2399 615 2443 a
636 2376 765 2443 Caesare
792 2373 993 2468 impetratis,
1017 2372 1234 2466 praesidioque

198 2495 289 2578 dato,
312 2498 349 2565 C.
360 2497 534 2576 Messium,
550 2492 683 2563 oedilitia
703 2492 854 2561 functum
874 2507 1050 2585 potestate,
1069 2489 1232 2561 Achillam

195 2615 290 2709 jubet
302 2613 614 2710 proficisciQuibus
627 2612 725 2680 rebus
734 2612 892 2706 cognitis,
903 2611 1078 2681 Considius
1087 2615 1235 2706 longus,

197 2737 253 2828 qui
273 2735 446 2804 Adrumeti
470 2757 545 2802 cum
565 2755 589 2800 rr
616 2729 798 2825 legionibus
818 2745 851 2798 et
875 2731 1041 2823 equitibus
1063 2755 1130 2802 noc
1153 2729 1246 2826 prae·¹

202 2868 289 2940 erat,
307 2851 471 2938 celeriter,
486 2851 530 2919 ibi
547 2865 639 2945 parte
658 2849 799 2944 praesidii
811 2849 944 2938 relicta,
961 2875 1036 2920 curn
1047 2875 1109 2920 vm
1120 2850 1237 2919 cohor·

202 2973 291 3043 tibus
303 2972 346 3042 ad
358 2969 520 3041 Achillam
533 2970 581 3040 ire
597 2970 776 3040 contendit.
792 2973 950 3058 Messius,
965 2969 1102 3040 celerius
1119 2971 1236 3041 itinere
1311 3057 1320 3068 ⁹

77 3175 80 3182 ⁴
197 3091 366 3178 confecto,
389 3093 480 3184 prior
500 3089 661 3161 Achillam
673 3115 749 3160 cum
766 3090 958 3160 cohortibus
969 3093 1127 3184 pervenit.
1144 3093 1234 3162 Con·

198 3209 301 3280 sidius
320 3212 472 3299 interim,
492 3235 594 3304 quum
613 3209 655 3279 ad
677 3212 793 3279 urbem
812 3235 889 3281 cum
907 3212 1009 3305 copiis
1028 3214 1235 3300 accessisset,

197 3345 230 3400 et
247 3331 531 3400 animadvertisset
550 3329 739 3425 praesidium
757 3333 894 3402 Caesaris
920 3331 964 3399 ibi
982 3357 1066 3422 esse,
1083 3357 1150 3402 nou
1176 3359 1236 3403 au·

197 3479 252 3522 sus
269 3451 452 3546 periculum
469 3477 605 3522 suorum
627 3451 750 3537 lacere,
769 3448 859 3522 nulla
877 3477 913 3522 re
934 3469 1025 3548 gesta
1043 3479 1105 3548 pro
1121 3452 1236 3524 multi-

197 3575 314 3644 tudine
331 3575 523 3659 hominum,
539 3599 653 3644 rursus
667 3573 885 3644 Adrumetum
900 3577 1061 3669 serecipit
1078 3601 1086 3643 ε
1104 3575 1237 3659 deinde,

199 3695 313 3787 paucis
331 3711 405 3788 post
425 3685 554 3780 diebus,
572 3693 779 3789 equestribus
801 3695 905 3788 copiis
925 3719 944 3764 a
961 3695 1109 3764 Labieno
1132 3694 1237 3765 addu-

197 3813 276 3898 ctis,
295 3838 410 3884 rucsus
423 3814 652 3902 Achillitauos‚
673 3817 788 3886 castris
809 3817 942 3908 positis,
960 3815 1111 3885 obsidere
1128 3819 1236 3911 coepit.

245 3933 401 4003 XXXIV.
425 3939 488 4005 Per
504 3936 537 4003 id
555 3951 686 4030 tempus
704 3939 742 4006 C.
768 3935 943 4006 Sallustius
961 3938 1117 4031 Crispus,
1138 3963 1237 4032 quem

199 4051 311 4144 paucis
326 4069 402 4120 ante
416 4053 531 4123 diebus
550 4057 687 4124 missum
703 4081 721 4124 a
739 4061 867 4126 caesare
888 4081 964 4126 cum
982 4057 1084 4128 classe
1100 4059 1237 4130 demon·
