3048 4770
259 342 309 412 dt⁴
416 345 447 396 C.
469 343 568 399 JULll
589 339 751 398 CAEsnnts
773 343 1146 402 commentorium

259 491 333 538 sum
348 469 499 556 mittunt,
514 471 540 538 si
556 466 636 535 velit
649 493 725 537 suos
741 457 903 564 recipere,
914 470 1049 540 obsides
1065 471 1129 541 sihi
1143 471 1301 540 remittat

307 591 378 658 IX:
391 590 524 679 Quibus
547 589 588 657 de
608 589 707 658 rebus
728 591 839 658 Caesar
856 615 875 660 a
898 593 1019 660 Crasso
1039 592 1161 660 certior
1179 589 1302 675 faetus,

260 709 350 804 quod
367 712 436 804 ipse
448 711 562 779 aberat
578 707 726 805 longius,
743 733 842 778 naves
861 710 996 780 interim
1017 709 1134 806 longas
1151 708 1302 778 aedilicari

261 831 296 899 in
319 830 457 900 flumine
480 831 606 923 ligeri,
631 829 722 922 quod
747 830 859 900 influit
884 835 1072 916 Oceanum,
1100 831 1241 921 remiges
1265 852 1304 894 ex

259 953 433 1021 Provincia
465 952 614 1037 institui,
642 966 760 1020 nautas
787 951 1090 1044 gubernatoresque
1117 949 1303 1042 comparari

256 1072 362 1164 jubet.
384 1073 442 1140 His
457 1072 556 1142 rebus
576 1070 729 1140 celeri-ter
743 1065 995 1157 administratis,
1009 1070 1094 1162 ipse,
1108 1091 1213 1162 quum
1235 1070 1304 1162 pri·

259 1215 353 1259 mum
374 1215 432 1284 per
453 1194 532 1262 anni
553 1206 684 1286 tempus
707 1192 833 1286 potuit,
852 1191 894 1260 ad
916 1190 1098 1258 exereitum
1119 1189 1302 1258 contendit.

260 1313 398 1397 Veneti,
422 1309 622 1406 reliquaeque
640 1313 721 1381 item
743 1313 909 1397 civitaten,
934 1312 1068 1406 cognito
1086 1311 1224 1380 Caesaris
1244 1309 1302 1377 ad·

260 1445 377 1519 ventu,
398 1427 496 1500 simul
518 1431 623 1526 quod,
644 1447 808 1526 quantum
831 1433 865 1500 in
883 1457 918 1500 se
938 1432 1064 1501 facinus
1079 1430 1304 1520 admisissent,

262 1549 494 1647 intelligebant
509 1552 774 1647 (legatos,quod
788 1577 910 1622 nomen
924 1553 1014 1648 apud
1027 1577 1142 1621 omnes
1152 1554 1305 1624 nationes

262 1687 414 1742 sanctum
441 1670 703 1766 inviolatumque
724 1697 853 1768 semper
876 1673 1007 1760 fuisset,
1033 1688 1180 1743 retentos
1203 1675 1244 1742 ab
1272 1699 1305 1742 se

262 1794 346 1862 etin
373 1790 507 1863 vincula
531 1793 733 1889 conjectos),
750 1818 811 1887 pro
831 1793 1060 1889 magnitudine
1078 1791 1217 1886 periculi
1239 1792 1307 1861 bel-

262 1911 332 1982 lnm
349 1938 484 2006 parare,
504 1929 538 1983 et
557 1899 762 1998 maximeea,
783 1938 856 2006 quae
871 1914 915 1981 ad
932 1938 1031 1982 usum
1048 1914 1185 1982 navium
1204 1914 1307 2007 perti·

261 2048 358 2120 nent,
384 2032 559 2127 providere
578 2033 773 2119 instituunt,
792 2034 857 2102 hoc
874 2034 1001 2126 majore
1017 2057 1095 2126 spe,
1112 2031 1202 2124 quod
1220 2033 1307 2103 mul·

263 2169 334 2221 tum
356 2167 476 2221 natura
493 2149 558 2222 loci
574 2151 794 2221 confidebant.
816 2151 986 2221 Pedestria
1007 2177 1077 2222 esse
1093 2153 1213 2221 itinera
1227 2176 1306 2220 con·

262 2273 330 2342 cisa
346 2272 521 2360 aestuariis,
538 2272 783 2367 nauigationem
802 2271 996 2366 impeditam
1012 2287 1148 2366 propter
1164 2272 1306 2341 inscien-

263 2395 343 2464 tiam
367 2390 518 2461 locorum
540 2394 806 2486 paucitatemque
825 2407 984 2486 portuum
1005 2393 1177 2462 sciebant:
1199 2417 1307 2485 neque

265 2527 394 2584 nostros
407 2514 570 2581 exercitus
584 2527 720 2607 propter
737 2509 895 2582 frumenti
911 2514 1059 2607 inopiam
1076 2513 1201 2582 diutius
1218 2503 1306 2607 apud

183 2641 184 2646 ’
265 2661 300 2706 se
319 2633 443 2704 morari
461 2657 571 2726 posse,
593 2631 804 2702 confidebant
821 2659 828 2701 :
844 2659 884 2702 ae
900 2635 986 2727 jam,
1007 2649 1044 2719 ut
1064 2635 1175 2704 omnia
1191 2649 1307 2704 contra

264 2756 458 2849 opinionem
469 2751 671 2840 acciderent,
680 2767 791 2824 tamen
805 2777 839 2822 se
847 2753 1031 2848 plurimum
1045 2755 1185 2824 navibus
1196 2780 1308 2848 posse,

265 2879 435 2945 Romanos
455 2899 564 2970 neque
590 2873 691 2943 ullam
713 2873 904 2947 facultatem
927 2876 1048 2944 habere
1077 2877 1229 2960 navium,
1250 2900 1308 2944 ne·

266 3019 331 3088 que
355 3019 471 3062 eorum
496 2995 666 3081 locorum,
687 2995 743 3063 ubi
766 2993 891 3064 bellum
912 2997 1037 3089 gesturi
1061 3011 1185 3080 essent,
1210 2995 1308 3080 vada,

267 3129 400 3209 portus,
420 3113 609 3208 insulasque
625 3117 754 3183 novisse
772 3140 780 3182 τ
796 3140 834 3184 ac
859 3117 956 3209 longe
972 3113 1070 3182 aliam
1085 3139 1156 3183 esse
1173 3118 1309 3210 naviga·

267 3236 389 3304 tionem
404 3235 438 3301 in
449 3233 606 3302 concluso
620 3236 722 3323 mari,
738 3249 837 3328 atque
851 3237 885 3304 in
899 3236 1087 3304 vastissimo
1105 3248 1204 3326 atque
1217 3227 1309 3329 aper·

266 3357 392 3426 tissimo
419 3358 568 3441 Oceano,
595 3355 849 3448 perspiciebant.
871 3358 931 3425 His
952 3357 1044 3425 initis
1065 3353 1226 3441 consiliis,
1247 3382 1308 3450 op·

265 3475 344 3571 pida
359 3475 531 3562 muniunt,
544 3474 710 3544 frumenta
726 3500 766 3544 ex
785 3476 872 3572 agris
889 3479 923 3545 in
941 3476 1064 3573 oppida
1080 3491 1308 3570 comportant,

267 3621 364 3666 naves
386 3598 420 3665 in
444 3595 636 3684 Venetiam,
657 3597 716 3664 ubi
732 3598 896 3665 Caesarem
917 3598 1063 3690 primum
1087 3597 1213 3666 bellum
1236 3621 1309 3691 ges·

267 3737 381 3788 turum
402 3717 590 3805 constabat,
611 3742 712 3812 quam
731 3714 891 3812 plurimas
909 3733 1067 3810 possunt,
1090 3734 1225 3813 cogunt.
1248 3720 1308 3786 So-

266 3843 335 3912 cios
348 3839 410 3908 sibi
427 3838 469 3907 ad
491 3837 614 3908 bellum
632 3839 810 3926 Osismios,
826 3839 1006 3926 Lexouios,
1023 3841 1208 3926 Nannetcs,
1228 3846 1310 3908 Am·

269 3961 414 4038 biliatos‚
443 3960 613 4047 Morinos,
636 3959 843 4046 Diablintes,
868 3963 1061 4055 Menapios,
1091 3959 1303 4030 adsciscunt:
