3038 4766
269 382 340 452 ,108
438 383 468 438 C.
487 381 584 438 JULll
604 379 769 437 clusam
789 379 1151 436 cotttttttt'rttttoutttt

283 508 352 576 deae
376 519 508 577 statuas.
536 508 651 593 Quum
674 505 843 574 insanum
872 519 1006 576 ventum
1032 517 1134 588 esset,
1154 501 1315 570 adhibitis

282 625 509 721 compluribus
525 628 680 695 senatorii
697 626 839 710 ordinis,
853 647 937 718 quos
953 623 1169 693 advocaverat
1182 623 1315 716 Scipio,

282 746 399 816 litterae
419 745 658 822 eiredduntur
677 771 696 814 a
717 744 895 839 Pompeio,
917 767 1040 813 «mare
1060 743 1214 812 transisse
1237 763 1316 812 cum

282 865 467 962 legionibus
483 867 645 940 Caesarem
661 890 670 932 a
687 879 880 957 properaret
897 863 940 934 ad
955 885 989 934 se
1005 887 1080 932 cum
1098 864 1241 930 exercitu
1258 885 1315 929 ve·

247 1076 253 1088 ,
282 988 370 1074 nire,
385 985 562 1078 omniaque
578 984 800 1077 posthaberet.
815 1012 831 1048 a
846 985 906 1053 His
923 981 1040 1052 litteris
1057 983 1213 1076 acceptis,
1230 1005 1315 1075 quos

282 1105 520 1191 advocaverat,
539 1105 700 1174 dimittit:
720 1105 789 1198 ipse
808 1105 872 1172 iter
891 1105 925 1172 in
944 1103 1174 1172 Macedoniam
1196 1126 1316 1196 parare

283 1225 418 1317 incipit,
437 1227 616 1317 paucisque
642 1237 719 1317 post
747 1224 861 1292 diebus
888 1237 938 1291 est
957 1221 1133 1316 proiectus.
1159 1227 1237 1291 Haec
1263 1245 1315 1290 res

282 1342 423 1435 ephesiae
442 1343 588 1436 pecunie
606 1341 745 1414 salutem
763 1342 883 1411 attulit.

330 1464 488 1532 XXXIV.
504 1463 628 1549 Cesar,
643 1463 778 1532 Antonii
797 1463 939 1530 exercitu
961 1463 1157 1556 conjuncto,
1175 1461 1315 1531 deducta

283 1583 387 1653 Orico
403 1581 547 1676 legione,
562 1606 661 1676 quam
676 1583 806 1652 tuendae
819 1607 886 1652 01·ae
898 1575 1072 1654 maritimae
1086 1567 1184 1652 causa
1198 1605 1313 1676 posue·

282 1702 537 1790 1·at,tentandas
554 1703 615 1771 sibi
633 1703 819 1795 provincias
828 1739 843 1791 ,·
853 1701 1050 1797 longiusque
1069 1703 1312 1796 procedendum

283 1823 505 1908 existimabas
516 1837 549 1891 et
565 1847 669 1916 quum
684 1821 724 1890 ad
739 1846 815 1890 eum
834 1845 874 1890 ex
887 1821 1054 1892 Thessalia
1069 1821 1254 1915 AEtoliaque
1270 1820 1316 1889 le·

283 1943 350 2036 gati
369 1945 554 2029 venissent,
570 1943 626 2035 qui
643 1942 796 2034 praesidio
812 1944 912 2011 misso
932 1941 1181 2037 pollicerentur,
1200 1967 1311 2011 earum

283 2061 430 2154 gentium
450 2062 598 2129 civitates
615 2061 777 2155 imperata
794 2060 953 2147 lactucas,
971 2065 1010 2131 L.
1027 2064 1175 2132 Caesium
1194 2065 1314 2156 Longi·

284 2203 365 2248 num
383 2203 459 2248 cum
475 2177 607 2273 legione
622 2179 786 2268 tironum,
801 2204 874 2272 quae
890 2179 1121 2274 appellabatur
1135 2207 1248 2266 xxvii,
1265 2197 1315 2250 at·

283 2323 348 2391 que
365 2298 530 2391 equitibus
547 2321 588 2368 cc
608 2298 642 2366 in
658 2296 878 2384 Thessaliam
897 2303 933 2369 C.
953 2297 1133 2370 Calvisium
1154 2301 1311 2369 Sabinum

283 2444 359 2488 curn
374 2417 566 2487 cohortibus
578 2443 601 2484 v
612 2419 791 2513 paucisque
806 2419 974 2512 equitibus
986 2420 1019 2486 in
1034 2416 1186 2489 AEtnliam
1204 2421 1312 2487 misit:

283 2538 490 2633 maximeque
508 2563 582 2626 eos,
599 2538 689 2631 quod
706 2553 800 2608 erant
819 2541 1013 2633 propinqum
1033 2540 1201 2633 regiones,
1216 2537 1258 2606 de
1277 2563 1313 2605 re

256 2679 257 2682 ’
283 2660 550 2729 frumentariam
567 2658 793 2752 providerent,
809 2660 960 2728 hortatus
974 2672 1031 2727 est.
1048 2662 1110 2728 Cn.
1127 2659 1313 2728 Domitium

283 2779 459 2848 Calvinum
478 2803 554 2849 cum
573 2777 759 2870 legionibus
776 2778 922 2864 duabus,
942 2803 978 2847 xt
997 2793 1031 2846 et
1054 2803 1124 2866 ιιι,
1145 2793 1178 2847 et
1198 2778 1315 2872 equiti·

283 2899 344 2967 hus
363 2923 387 2968 n
406 2899 441 2967 in
459 2895 689 2966 Macedoniam
710 2897 870 2991 proficisci
887 2899 1003 2992 jubet:
1020 2899 1115 2990 cujus
1134 2897 1313 2993 provinciae

284 3018 324 3085 ab
342 3042 381 3085 ea
400 3031 515 3109 parte,
533 3039 606 3108 quas
620 3016 741 3084 Libera
760 3015 957 3110 appellatur,
973 3017 1205 3106 Menedemus,
1223 3016 1315 3111 prin·

283 3123 360 3229 ceps'
375 3160 487 3204 earum
507 3136 699 3228 regionum,
717 3138 835 3206 missus
849 3134 996 3230 legatus,
1014 3137 1163 3205 omnium
1180 3149 1314 3206 suorum

284 3253 446 3324 excellens
464 3248 613 3323 studium
631 3255 857 3348 profitebatur.

330 3375 471 3442 XXXV.
489 3377 539 3442 Ex
556 3373 606 3442 his
621 3374 799 3462 Calvisius,
814 3375 924 3468 primo
939 3374 1082 3444 adventu
1100 3398 1228 3442 summa
1246 3397 1315 3439 om-

283 3497 375 3564 nium
397 3491 582 3565 AEtolorum
602 3511 752 3591 receptus
776 3495 972 3582 voluntate,
986 3494 1143 3587 praesidiis
1163 3493 1315 3563 adversa·

285 3615 409 3685 riorum
425 3613 595 3708 Calydone
611 3630 645 3684 et
660 3617 833 3707 Naupacto
850 3613 993 3704 rejectis,
1010 3615 1101 3679 omni
1118 3611 1238 3681 AEtolia
1255 3638 1315 3707 po-

284 3738 364 3804 titus
383 3751 441 3804 est.
462 3737 595 3804 Cassius
619 3734 653 3803 in
677 3729 878 3801 Thessaliam
906 3754 982 3798 cum
1004 3729 1133 3824 legione
1155 3733 1314 3826 pervenit.

284 3856 347 3924 Hic
364 3869 597 3947 quum'essent
614 3853 771 3922 sactiones
787 3848 880 3937 duae,
900 3850 991 3918 varia
1013 3848 1183 3920 voluntate
1200 3853 1317 3922 civita·

284 3990 355 4044 tum
387 3971 549 4041 utebatur.
580 3977 820 4066 Hegesaretos,
850 3969 969 4038 veteris
999 3971 1099 4038 homo
1136 3973 1317 4065 potentiae,
