3042 4772
295 361 349 428 146
446 361 476 416 C.
493 363 591 418 Juur
612 361 776 420 efflatus
796 364 1163 421 COMMENTARIORUM

293 485 471 556 multitudo
487 489 734 581 sagittariorum
752 513 787 556 se
807 487 953 580 profudit
972 514 980 556 :
1001 513 1142 582 quorum
1161 490 1324 581 impetum

292 621 403 676 noster
419 609 583 700 equitatus
604 631 671 676 non
690 607 783 693 tulit,
804 607 861 677 sed
876 608 1011 702 paulum
1027 607 1102 678 loco
1126 624 1235 679 motus
1253 635 1324 678 ces·

292 728 334 810 sit
355 753 362 794 :
380 727 571 820 equitesque
584 729 774 822 Pompeiani
791 729 854 797 hoc
870 729 978 798 acrius
993 729 1131 812 instare,
1150 744 1183 798 et
1202 753 1236 798 se
1253 745 1323 799 tur·

292 848 404 916 matim
423 845 602 940 explicere,
621 849 790 940 aciemque
806 862 952 916 nostram
971 873 990 918 a
1011 847 1112 918 latere
1132 863 1247 942 aperto
1261 851 1323 919 cir·

268 1021 274 1032 .
292 967 382 1035 cuire
392 981 571 1060 coeperunt.
580 966 680 1055 Quod
690 967 746 1036 ubi
754 969 864 1038 Caesar
874 969 1019 1038 animum
1030 968 1323 1063 advertit,quartce

292 1085 392 1170 aciei,
412 1109 513 1178 quam
539 1087 725 1156 instituerat
741 1111 797 1155 sex
815 1087 1000 1156 cohortium
1022 1113 1175 1174 numero,
1191 1088 1322 1182 siguum

293 1201 393 1270 dedit.
422 1203 475 1272 llli
500 1203 651 1274 celeriter
676 1221 976 1299 procucurrerunt,
1005 1206 1197 1300 infestisque
1221 1209 1323 1302 signis

295 1303 383 1390 tanta
399 1323 431 1390 vi
450 1325 482 1390 in
495 1325 642 1416 Pompeii
661 1327 784 1418 equites
798 1327 954 1418 impetum
969 1325 1135 1414 fecerunt,
1153 1341 1191 1394 ut
1207 1351 1323 1396 eorum

293 1463 390 1509 nemo
418 1443 627 1530 consisteret,
644 1469 823 1538 omnesque
842 1447 1008 1527 conversi,
1030 1469 1097 1514 non
1122 1444 1228 1514 solum
1252 1446 1324 1514 loco

293 1561 500 1650 excederent,
518 1562 576 1632 sed
593 1565 742 1657 protinus
761 1566 886 1633 incitati
902 1565 980 1658 fuga
1004 1581 1132 1634 montes
1148 1565 1324 1634 altissimos

293 1695 452 1773 peterent.
470 1683 602 1770 Quibus
621 1685 797 1770 submotis,
817 1707 931 1753 omnes
946 1685 1105 1778 sagittarii
1127 1684 1325 1754 fitnditoces·

293 1823 358 1890 que
382 1800 553 1887 destituti,
574 1804 732 1888 inermes,
764 1803 834 1871 sine
859 1803 1024 1896 presidio,
1055 1803 1217 1874 interfecti
1236 1817 1322 1872 sunt.

293 1917 417 1986 Eodem
447 1922 573 2015 impetu
598 1921 749 1991 cohortes
769 1923 937 1993 sinistrum
961 1947 1081 2010 cornu,
1101 1921 1325 2017 pugnantibus

294 2038 392 2106 etiam
426 2054 496 2108 tum
518 2065 557 2108 ac
580 2043 807 2110 resistentibus
839 2043 875 2111 in
898 2045 967 2112 acie
1000 2043 1223 2136 Pompeianis,
1260 2028 1324 2110 cir-

294 2159 497 2243 cumierunt,
512 2183 632 2252 cosque
649 2185 669 2228 a
685 2175 779 2254 tergo
797 2176 874 2231 sunt
893 2161 1010 2230 adorti.

341 2279 593 2348 XCIV.Eodem
601 2294 747 2370 tempore
756 2281 887 2348 tertiam
896 2283 1121 2367 aciemCaesar,
1132 2305 1205 2374 quae
1214 2283 1325 2374 quieta
1368 2359 1375 2366 ,

294 2397 416 2484 fuerat,
425 2411 457 2465 et
471 2421 505 2466 se
514 2397 559 2468 ad
572 2398 605 2465 id
614 2413 741 2493 tempus
749 2396 823 2467 loco
834 2414 985 2468 tenuerat
996 2425 1209 2492 ,procurrere
1214 2402 1322 2492 jussit.

294 2522 359 2605 Ita,
376 2541 479 2610 quum
501 2533 648 2586 recentes
665 2533 765 2611 atque
784 2520 901 2612 integri
927 2518 1058 2587 defessis
1080 2521 1324 2600 successissent,

294 2635 349 2706 alii
364 2652 474 2706 autem
493 2661 513 2704 a
531 2652 624 2732 tergo
642 2637 864 2726 adorirentur,
876 2640 1037 2708 sustinere
1053 2631 1239 2733 Pompeiani
1256 2663 1324 2706 non

295 2759 745 2852 potuerunt,atqueuniversi
755 2771 1033 2852 tergaverterunt.
1044 2759 1159 2850 Neque
1168 2781 1246 2826 vero
1255 2760 1325 2828 Ce-

295 2903 400 2948 saram
413 2877 540 2964 fefellit,
559 2880 639 2972 quin
654 2879 696 2946 ab
710 2880 751 2947 iis
771 2879 980 2965 cohortibus,
1000 2903 1073 2971 quse
1099 2894 1213 2948 contra
1233 2881 1326 2971 equi·

295 3013 400 3067 tatum
421 3000 454 3066 in
473 3015 591 3091 quarta
609 3002 678 3067 acie
698 2996 866 3066 collocatas
883 3013 1009 3085 essent,
1029 2999 1162 3068 initium
1181 2999 1325 3067 victoriae

294 3117 457 3203 oriretur,
475 3121 591 3212 utipse
601 3120 633 3189 in
647 3117 860 3186 cohortandis
873 3117 1031 3187 militibus
1047 3121 1325 3210 pronuntiaverat.

296 3237 346 3306 Ab
367 3237 418 3305 bis
438 3240 526 3306 enim
545 3240 689 3331 primum
710 3239 880 3331 equitatus
903 3253 952 3306 est
974 3236 1087 3330 pulsus
1114 3265 1122 3305 t
1149 3239 1191 3306 ab
1213 3238 1326 3306 iisdem

295 3355 388 3425 factu
405 3357 506 3426 caedes
522 3357 765 3450 sagittariorum
786 3373 884 3450 atque
901 3357 1106 3426 funditorum
1125 3382 1134 3424 :
1153 3357 1194 3424 ab
1212 3355 1324 3424 iisdem

296 3477 597 3571 aciesPompeiana
618 3501 637 3546 a
657 3479 786 3546 sinistra
809 3489 901 3570 parte
925 3489 994 3543 erat
1015 3475 1202 3559 circumita,
1228 3487 1327 3565 atque

297 3596 428 3664 initium
444 3597 528 3692 fugae
545 3597 678 3666 factum.
696 3595 760 3664 Sed
775 3595 966 3686 Pompeius,
982 3607 1019 3660 nt
1032 3593 1213 3683 equitatum
1229 3615 1326 3660 suum

296 3715 428 3809 pulsum
448 3716 550 3806 vidit,
569 3731 668 3810 atque
686 3739 758 3784 eam
779 3728 926 3807 partem,
950 3714 1002 3781 cui
1022 3713 1162 3780 maxime
1181 3711 1326 3781 confide·

297 3835 373 3922 bat,
390 3839 594 3931 perterritam
611 3835 756 3906 animum
771 3833 928 3920 advertit,
946 3832 1017 3902 aliis
1031 3831 1177 3917 diffisus,
1195 3835 1263 3916 acie
1278 3857 1329 3902 ex·

297 3956 409 4043 cessit,
425 3959 640 4050 protinusque
655 3979 688 4025 se
703 3955 735 4023 in
751 3969 858 4026 castra
873 3977 958 4048 equo
971 3951 1132 4036 contulit,
1148 3968 1182 4022 et
1198 3954 1236 4022 iis
1253 3979 1329 4023 cen-
