3038 4766
479 381 530 436 nn
550 380 673 436 nunno
695 381 808 438 crvun
831 381 902 436 nto.
924 383 961 436 u.
1203 381 1237 453 67

212 508 291 577 lum.
312 509 411 576 Ratio
431 520 541 574 autem
561 506 630 573 haec
649 518 720 574 erat
739 503 835 593 belli,
850 521 888 574 ut
907 529 942 573 se
957 529 1033 574 cum
1051 503 1181 576 duabus
1198 507 1241 577 le·
1353 605 1358 612 Ι

210 627 362 721 gionibus
389 624 499 694 Gades
523 622 706 709 conferret,
727 648 827 693 naves
848 623 1115 719 frumentumque
1143 649 1241 695 omne

211 747 256 813 ibi
276 731 486 813 contineret:
506 744 712 812 Provinciam
731 744 819 812 enim
835 767 967 812 omnem
986 745 1124 812 Caesaris
1142 744 1241 812 rebus

210 864 317 934 flevere
329 877 539 958 cognoverat.
554 865 594 931 ln
608 860 734 950 insula,
752 862 919 931 frumento
934 862 1138 955 navibusque
1153 887 1243 930 com-

211 983 352 1078 paratis,
373 981 494 1051 bellum
523 982 599 1051 duci
628 1007 695 1050 non
724 980 855 1050 difficile
881 981 1095 1050 existimabat.
1120 986 1241 1067 Cesar,

211 1106 270 1172 etsi
292 1100 403 1173 multis
423 1104 677 1196 necessariisque
695 1103 792 1171 rebus
813 1104 847 1170 in
866 1100 996 1172 Italiam
1013 1101 1241 1189 revocabatur,
1308 1184 1312 1193 A

212 1237 321 1290 tamen
340 1223 555 1291 constituerat
572 1219 695 1290 nullam
715 1235 838 1316 partem
859 1219 934 1290 belli
952 1222 987 1289 in
1006 1222 1171 1316 Hispaniis
1188 1246 1241 1290 re·

212 1339 376 1434 linquere,
394 1340 482 1434 quod
499 1363 618 1436 magna
633 1365 701 1410 esse
715 1342 862 1436 Pompeii
878 1341 1037 1410 beneficia
1051 1356 1084 1409 et
1103 1366 1240 1437 magnas

211 1459 379 1530 clientelas
398 1462 433 1529 in
452 1462 613 1530 Citeriore
624 1461 796 1530 Provincia
812 1461 947 1532 sciebat.

257 1582 351 1648 xix.
383 1583 516 1672 ltaque,
536 1579 667 1648 duabus
691 1577 876 1672 legionibus
900 1581 1006 1649 missis
1034 1583 1068 1648 in
1093 1579 1239 1649 Ulterio-

211 1724 279 1768 rem
305 1701 496 1794 Hispaniam
520 1723 596 1768 cum
617 1699 661 1787 Q
691 1699 819 1786 Cassio,
855 1698 988 1766 tribuno
1015 1697 1139 1791 plebis,
1171 1701 1240 1791 ipse

212 1845 287 1888 curn
314 1842 357 1888 nc
380 1818 545 1910 equitibus
564 1819 690 1912 magnis
716 1817 888 1887 itineribus
915 1816 1141 1912 progreditur,
1168 1815 1238 1885 edi-

212 1959 369 2031 ctumque
396 1938 579 2032 praemittit,
600 1937 641 2005 ad
676 1961 775 2032 quam
799 1936 886 2005 diem
911 1938 1120 2031 magistratus
1149 1938 1240 2030 prin·
1312 1959 1315 1966 ’

211 2060 365 2153 cipesque
391 2059 542 2126 ‘omnium
563 2059 732 2127 civitatum
757 2056 818 2126 sibi
845 2081 914 2125 esse
936 2070 1056 2151 praesto
1077 2055 1240 2126 Cordubae

212 2175 317 2246 vellet.
339 2179 417 2268 Quo
435 2177 544 2246 edicto
563 2192 632 2247 tota
650 2179 820 2272 provincia
839 2173 1051 2272 pervulgato,
1074 2175 1163 2245 nulla
1177 2176 1241 2246 fuit

211 2299 340 2386 civitas,
368 2299 449 2391 quin
476 2297 519 2367 ad
547 2297 581 2367 id
598 2314 727 2393 tempus
742 2315 867 2393 partem
891 2313 1023 2368 senatus
1051 2295 1240 2367 Cordubam

213 2418 368 2507 mitteret,
388 2417 540 2488 nullusve
558 2421 638 2488 civis
656 2443 811 2487 mmanus
831 2417 929 2512 paulo
953 2419 1079 2501 notior,
1097 2417 1179 2508 quin
1197 2414 1238 2484 ad

213 2535 298 2604 diem
315 2541 516 2607 conveniret.
542 2535 647 2608 Simul
660 2541 729 2632 ipse
747 2536 910 2608 Cordubae
929 2550 1109 2605 conventus
1128 2559 1187 2627 per
1207 2559 1240 2602 se

213 2671 323 2750 portas
347 2658 491 2726 Varroni
518 2656 652 2742 clausit,
679 2655 843 2724 custodias
868 2655 1060 2748 vigiliasque
1079 2657 1113 2722 in
1143 2678 1239 2722 muro

213 2775 422 2868 turribusque
436 2775 605 2868 disposuit
621 2772 783 2843 Cohortes
801 2772 898 2856 duas,
914 2797 988 2866 quae
1001 2773 1166 2842 Colonime
1180 2797 1239 2867 ap·

212 2894 436 2989 pellabantur,
446 2917 550 2989 quum
560 2893 878 2979 eocasuvenissent,
889 2890 1002 2960 tuendi
1018 2891 1133 2985 oppidi
1142 2915 1241 2960 causa

212 3016 301 3110 apud
320 3041 354 3084 se
373 3015 518 3087 retinuit.
538 3013 659 3082 Iisdem
683 3010 798 3080 diebus
818 3016 1071 3097 Carmonenses,
1097 3035 1170 3104 quae
1192 3026 1241 3080 est

214 3134 312 3230 longe
322 3133 506 3202 firmissima
516 3134 618 3203 totius
637 3133 814 3226 provincie
832 3133 960 3220 civitas,
972 3130 1120 3204 deductis
1134 3131 1240 3202 tribus

214 3253 248 3320 in
264 3277 372 3322 arcem
386 3251 502 3348 oppidi
521 3251 714 3322 cohortibus
731 3273 750 3318 a
764 3253 916 3320 Varrone
932 3249 1100 3345 presidio,
1122 3275 1183 3346 per
1207 3273 1242 3318 se

214 3371 365 3442 cohortes
380 3373 490 3466 ejecit,
507 3386 681 3467 portasque
705 3367 877 3464 praeclusit.

262 3495 338 3562 XX.
357 3496 430 3562 Hoc
447 3517 526 3562 vero
543 3493 645 3587 magis
662 3513 838 3586 properare
853 3493 977 3578 Varro,
996 3505 1031 3559 nt
1051 3514 1126 3560 cum
1141 3490 1241 3584 legio·

216 3611 310 3684 nibus
328 3637 428 3707 quam
446 3613 592 3706 primum
609 3609 720 3680 Gades
738 3607 967 3697 contenderet,
988 3632 1029 3676 ne
1049 3610 1165 3678 itinere
1183 3620 1241 3675 aut

217 3734 353 3826 trajectu
378 3730 651 3801 intercluderetur
669 3756 677 3800 ε
699 3744 789 3798 tunm
806 3751 845 3797 ac
859 3742 927 3797 tam
955 3726 1100 3796 secunda
1115 3727 1150 3793 in
1168 3727 1239 3794 Cae·

216 3875 320 3920 sarem
354 3851 505 3922 voluntas
525 3853 705 3922 Provinciee
732 3849 968 3944 reperiebatur.
1001 3850 1176 3940 Progresso
1209 3846 1239 3913 ei

218 3968 315 4063 paulo
332 3969 460 4066 longios
478 3970 594 4040 litterae
611 3971 793 4041 aGadibua
810 3967 1010 4053 redduntur,
1029 3963 1125 4034 simul
1143 3978 1241 4056 atque

1080 4079 1111 4151 5.
