<?xml version="1.0" encoding="UTF-8"?>
<!DOCTYPE html PUBLIC "-//W3C//DTD XHTML 1.0 Transitional//EN"
    "http://www.w3.org/TR/xhtml1/DTD/xhtml1-transitional.dtd">
<html xmlns="http://www.w3.org/1999/xhtml" xml:lang="en" lang="en">
 <head>
  <title>
</title>
<meta http-equiv="Content-Type" content="text/html;charset=utf-8" />
  <meta name='ocr-system' content='tesseract 3.04.00' />
  <meta name='ocr-capabilities' content='ocr_page ocr_carea ocr_par ocr_line ocrx_word'/>
</head>
<body>
  <div class='ocr_page' id='page_1' title='image "./cjcaesarisopera00caesgoog_0351.png"; bbox 0 0 3088 4766; ppageno 0'>
   <div class='ocr_carea' id='block_1_1' title="bbox 528 357 1270 421">
    <p class='ocr_par' dir='ltr' id='par_1_1' title="bbox 528 357 1270 421">
     <span class='ocr_line' id='line_1_1' title="bbox 528 357 1270 421; baseline -0.003 -7"><span class='ocrx_word' id='word_1_1' title='bbox 528 361 578 414; x_wconf 89' lang='lat' dir='ltr'><strong>DE</strong></span> <span class='ocrx_word' id='word_1_2' title='bbox 599 359 722 414; x_wconf 88' lang='lat' dir='ltr'><strong>BELLO</strong></span> <span class='ocrx_word' id='word_1_3' title='bbox 744 357 858 413; x_wconf 85' lang='lat' dir='ltr'><strong>ClVlLI</strong></span> <span class='ocrx_word' id='word_1_4' title='bbox 879 357 948 412; x_wconf 76' lang='grc' dir='ltr'><strong>ΠΒ.</strong></span> <span class='ocrx_word' id='word_1_5' title='bbox 969 357 991 414; x_wconf 87' lang='lat'><strong>1.</strong></span> <span class='ocrx_word' id='word_1_6' title='bbox 1148 368 1153 375; x_wconf 84' lang='lat'>&#39;</span> <span class='ocrx_word' id='word_1_7' title='bbox 1235 357 1270 421; x_wconf 69' lang='grc'><strong>45</strong></span> 
     </span>
    </p>
   </div>
   <div class='ocr_carea' id='block_1_2' title="bbox 151 479 1314 4025">
    <p class='ocr_par' dir='ltr' id='par_1_2' title="bbox 151 479 1314 2452">
     <span class='ocr_line' id='line_1_2' title="bbox 247 479 1270 574; baseline -0.005 -23"><span class='ocrx_word' id='word_1_8' title='bbox 247 499 337 552; x_wconf 86' lang='lat' dir='ltr'><strong>turos</strong></span> <span class='ocrx_word' id='word_1_9' title='bbox 346 483 558 567; x_wconf 82' lang='lat' dir='ltr'><strong>confirmant3</strong></span> <span class='ocrx_word' id='word_1_10' title='bbox 569 480 757 574; x_wconf 76' lang='lat' dir='ltr'><strong>legatosque</strong></span> <span class='ocrx_word' id='word_1_11' title='bbox 770 480 811 548; x_wconf 90' lang='lat' dir='ltr'><strong>de</strong></span> <span class='ocrx_word' id='word_1_12' title='bbox 826 504 906 574; x_wconf 83' lang='lat' dir='ltr'><strong>pace</strong></span> <span class='ocrx_word' id='word_1_13' title='bbox 917 479 1099 572; x_wconf 90' lang='lat' dir='ltr'><strong>primorum</strong></span> <span class='ocrx_word' id='word_1_14' title='bbox 1117 480 1270 548; x_wconf 78' lang='lat' dir='ltr'>ordinum</span> 
     </span>
     <span class='ocr_line' id='line_1_3' title="bbox 151 597 1271 690; baseline -0.004 -20"><span class='ocrx_word' id='word_1_15' title='bbox 151 681 161 690; x_wconf 45' lang='grc'>,</span> <span class='ocrx_word' id='word_1_16' title='bbox 246 603 453 670; x_wconf 82' lang='lat' dir='ltr'><strong>centuriones</strong></span> <span class='ocrx_word' id='word_1_17' title='bbox 474 599 515 668; x_wconf 84' lang='lat' dir='ltr'><strong>ed</strong></span> <span class='ocrx_word' id='word_1_18' title='bbox 536 601 696 668; x_wconf 84' lang='lat' dir='ltr'><strong>Caesarem</strong></span> <span class='ocrx_word' id='word_1_19' title='bbox 722 601 869 668; x_wconf 85' lang='lat' dir='ltr'><strong>mittunt.</strong></span> <span class='ocrx_word' id='word_1_20' title='bbox 895 600 1032 666; x_wconf 83' lang='lat' dir='ltr'><strong>Interim</strong></span> <span class='ocrx_word' id='word_1_21' title='bbox 1057 597 1113 667; x_wconf 80' lang='lat' dir='ltr'><strong>olii</strong></span> <span class='ocrx_word' id='word_1_22' title='bbox 1137 623 1213 666; x_wconf 88' lang='lat' dir='ltr'><strong>suos</strong></span> <span class='ocrx_word' id='word_1_23' title='bbox 1237 600 1271 666; x_wconf 91' lang='lat' dir='ltr'><strong>in</strong></span> 
     </span>
     <span class='ocr_line' id='line_1_4' title="bbox 244 716 1273 806; baseline -0.004 -18"><span class='ocrx_word' id='word_1_24' title='bbox 244 734 367 806; x_wconf 78' lang='lat' dir='ltr'><strong>cestro,</strong></span> <span class='ocrx_word' id='word_1_25' title='bbox 389 717 549 788; x_wconf 74' lang='lat' dir='ltr'><strong>inuitandi</strong></span> <span class='ocrx_word' id='word_1_26' title='bbox 567 742 680 802; x_wconf 80' lang='lat' dir='ltr'><strong>censa,</strong></span> <span class='ocrx_word' id='word_1_27' title='bbox 699 716 881 804; x_wconf 84' lang='lat' dir='ltr'><strong>adducunt;</strong></span> <span class='ocrx_word' id='word_1_28' title='bbox 900 716 954 785; x_wconf 81' lang='lat' dir='ltr'><strong>alii</strong></span> <span class='ocrx_word' id='word_1_29' title='bbox 970 717 1011 786; x_wconf 85' lang='lat' dir='ltr'><strong>ab</strong></span> <span class='ocrx_word' id='word_1_30' title='bbox 1023 719 1090 786; x_wconf 86' lang='lat' dir='ltr'><strong>suis</strong></span> <span class='ocrx_word' id='word_1_31' title='bbox 1105 717 1273 786; x_wconf 84' lang='lat' dir='ltr'><strong>adducun-</strong></span> 
     </span>
     <span class='ocr_line' id='line_1_5' title="bbox 245 825 1271 930; baseline -0.003 -23"><span class='ocrx_word' id='word_1_32' title='bbox 245 853 313 926; x_wconf 89' lang='lat' dir='ltr'><strong>tnr,</strong></span> <span class='ocrx_word' id='word_1_33' title='bbox 340 838 422 906; x_wconf 83' lang='lat' dir='ltr'><strong>adeo</strong></span> <span class='ocrx_word' id='word_1_34' title='bbox 443 852 481 906; x_wconf 95' lang='lat' dir='ltr'><strong>nt</strong></span> <span class='ocrx_word' id='word_1_35' title='bbox 499 862 566 906; x_wconf 85' lang='lat' dir='ltr'><strong>una</strong></span> <span class='ocrx_word' id='word_1_36' title='bbox 585 855 689 906; x_wconf 80' lang='lat' dir='ltr'><strong>costra</strong></span> <span class='ocrx_word' id='word_1_37' title='bbox 707 838 776 930; x_wconf 82' lang='lat' dir='ltr'><strong>jam</strong></span> <span class='ocrx_word' id='word_1_38' title='bbox 800 837 884 906; x_wconf 81' lang='lat' dir='ltr'><strong>lacto</strong></span> <span class='ocrx_word' id='word_1_39' title='bbox 901 861 941 904; x_wconf 83' lang='lat' dir='ltr'><strong>ex</strong></span> <span class='ocrx_word' id='word_1_40' title='bbox 959 838 1044 906; x_wconf 91' lang='lat' dir='ltr'><strong>binis</strong></span> <span class='ocrx_word' id='word_1_41' title='bbox 1066 825 1271 922; x_wconf 72' lang='lat' dir='ltr'><strong>uiderentur3</strong></span> 
     </span>
     <span class='ocr_line' id='line_1_6' title="bbox 225 954 1271 1050; baseline -0.002 -25"><span class='ocrx_word' id='word_1_42' title='bbox 225 957 495 1050; x_wconf 83' lang='lat' dir='ltr'><strong>compluresque</strong></span> <span class='ocrx_word' id='word_1_43' title='bbox 519 957 642 1025; x_wconf 94' lang='lat' dir='ltr'><strong>tribuni</strong></span> <span class='ocrx_word' id='word_1_44' title='bbox 665 954 806 1024; x_wconf 88' lang='lat' dir='ltr'><strong>militum</strong></span> <span class='ocrx_word' id='word_1_45' title='bbox 826 970 859 1024; x_wconf 88' lang='lat' dir='ltr'><strong>et</strong></span> <span class='ocrx_word' id='word_1_46' title='bbox 875 957 1084 1025; x_wconf 76' lang='lat' dir='ltr'><strong>centuriones</strong></span> <span class='ocrx_word' id='word_1_47' title='bbox 1105 955 1146 1024; x_wconf 85' lang='lat' dir='ltr'><strong>ad</strong></span> <span class='ocrx_word' id='word_1_48' title='bbox 1165 957 1271 1024; x_wconf 84' lang='lat' dir='ltr'><strong>Caesa·</strong></span> 
     </span>
     <span class='ocr_line' id='line_1_7' title="bbox 245 1075 1273 1169; baseline -0.002 -25"><span class='ocrx_word' id='word_1_49' title='bbox 245 1101 311 1144; x_wconf 89' lang='lat' dir='ltr'><strong>rem</strong></span> <span class='ocrx_word' id='word_1_50' title='bbox 329 1076 477 1159; x_wconf 88' lang='lat' dir='ltr'><strong>veniunt,</strong></span> <span class='ocrx_word' id='word_1_51' title='bbox 490 1100 588 1169; x_wconf 88' lang='lat' dir='ltr'><strong>seque</strong></span> <span class='ocrx_word' id='word_1_52' title='bbox 603 1075 632 1143; x_wconf 93' lang='lat' dir='ltr'><strong>ei</strong></span> <span class='ocrx_word' id='word_1_53' title='bbox 650 1075 890 1144; x_wconf 85' lang='lat' dir='ltr'><strong>commendant.</strong></span> <span class='ocrx_word' id='word_1_54' title='bbox 909 1079 980 1144; x_wconf 85' lang='lat' dir='ltr'><strong>Hoc</strong></span> <span class='ocrx_word' id='word_1_55' title='bbox 994 1075 1078 1144; x_wconf 90' lang='lat' dir='ltr'><strong>idem</strong></span> <span class='ocrx_word' id='word_1_56' title='bbox 1098 1075 1167 1142; x_wconf 84' lang='lat' dir='ltr'><strong>fita</strong></span> <span class='ocrx_word' id='word_1_57' title='bbox 1183 1076 1273 1168; x_wconf 88' lang='lat' dir='ltr'><strong>prin·</strong></span> 
     </span>
     <span class='ocr_line' id='line_1_8' title="bbox 244 1192 1272 1292; baseline 0 -30"><span class='ocrx_word' id='word_1_58' title='bbox 244 1193 370 1287; x_wconf 89' lang='lat' dir='ltr'><strong>cipibus</strong></span> <span class='ocrx_word' id='word_1_59' title='bbox 381 1193 559 1287; x_wconf 73' lang='lat' dir='ltr'><strong>Hispaniae,</strong></span> <span class='ocrx_word' id='word_1_60' title='bbox 575 1218 662 1286; x_wconf 67' lang='lat' dir='ltr'><strong>quos*</strong></span> <span class='ocrx_word' id='word_1_61' title='bbox 675 1192 721 1262; x_wconf 96' lang='lat' dir='ltr'><strong>illi</strong></span> <span class='ocrx_word' id='word_1_62' title='bbox 730 1209 964 1282; x_wconf 79' lang='lat' dir='ltr'><strong>evocaverant,</strong></span> <span class='ocrx_word' id='word_1_63' title='bbox 980 1208 1013 1262; x_wconf 90' lang='lat' dir='ltr'><strong>et</strong></span> <span class='ocrx_word' id='word_1_64' title='bbox 1028 1219 1138 1263; x_wconf 88' lang='lat' dir='ltr'><strong>secum</strong></span> <span class='ocrx_word' id='word_1_65' title='bbox 1155 1195 1188 1292; x_wconf 89' lang='lat' dir='ltr'><strong>in</strong></span> <span class='ocrx_word' id='word_1_66' title='bbox 1202 1217 1272 1262; x_wconf 88' lang='lat' dir='ltr'><strong>cas·</strong></span> 
     </span>
     <span class='ocr_line' id='line_1_9' title="bbox 245 1311 1272 1407; baseline 0.001 -26"><span class='ocrx_word' id='word_1_67' title='bbox 245 1313 303 1381; x_wconf 88' lang='lat' dir='ltr'><strong>tris</strong></span> <span class='ocrx_word' id='word_1_68' title='bbox 321 1313 485 1382; x_wconf 83' lang='lat' dir='ltr'><strong>habehant</strong></span> <span class='ocrx_word' id='word_1_69' title='bbox 512 1313 663 1381; x_wconf 90' lang='lat' dir='ltr'><strong>obsidum</strong></span> <span class='ocrx_word' id='word_1_70' title='bbox 681 1311 764 1382; x_wconf 89' lang='lat' dir='ltr'><strong>loco.</strong></span> <span class='ocrx_word' id='word_1_71' title='bbox 785 1315 822 1382; x_wconf 94' lang='lat' dir='ltr'><strong>.li</strong></span> <span class='ocrx_word' id='word_1_72' title='bbox 850 1338 926 1382; x_wconf 91' lang='lat' dir='ltr'><strong>suos</strong></span> <span class='ocrx_word' id='word_1_73' title='bbox 945 1329 1040 1382; x_wconf 88' lang='lat' dir='ltr'><strong>notos</strong></span> <span class='ocrx_word' id='word_1_74' title='bbox 1061 1313 1272 1407; x_wconf 81' lang='lat' dir='ltr'><strong>hospitesque</strong></span> 
     </span>
     <span class='ocr_line' id='line_1_10' title="bbox 245 1432 1314 1526; baseline 0 -26"><span class='ocrx_word' id='word_1_75' title='bbox 245 1433 449 1525; x_wconf 73' lang='lat' dir='ltr'><strong>querebant,</strong></span> <span class='ocrx_word' id='word_1_76' title='bbox 463 1455 523 1525; x_wconf 90' lang='lat' dir='ltr'><strong>per</strong></span> <span class='ocrx_word' id='word_1_77' title='bbox 542 1457 640 1526; x_wconf 87' lang='lat' dir='ltr'><strong>quem</strong></span> <span class='ocrx_word' id='word_1_78' title='bbox 664 1435 802 1525; x_wconf 81' lang='lat' dir='ltr'><strong>quisque</strong></span> <span class='ocrx_word' id='word_1_79' title='bbox 820 1455 934 1501; x_wconf 89' lang='lat' dir='ltr'><strong>eornm</strong></span> <span class='ocrx_word' id='word_1_80' title='bbox 959 1432 1083 1502; x_wconf 83' lang='lat' dir='ltr'><strong>aditum</strong></span> <span class='ocrx_word' id='word_1_81' title='bbox 1109 1457 1273 1502; x_wconf 89' lang='lat' dir='ltr'><strong>commen·</strong></span> <span class='ocrx_word' id='word_1_82' title='bbox 1310 1461 1314 1472; x_wconf 93' lang='lat'><em>·</em></span> 
     </span>
     <span class='ocr_line' id='line_1_11' title="bbox 245 1550 1273 1652; baseline 0 -34"><span class='ocrx_word' id='word_1_83' title='bbox 245 1550 384 1620; x_wconf 81' lang='lat' dir='ltr'><strong>dationis</strong></span> <span class='ocrx_word' id='word_1_84' title='bbox 408 1552 546 1620; x_wconf 87' lang='lat' dir='ltr'><strong>haberet</strong></span> <span class='ocrx_word' id='word_1_85' title='bbox 574 1551 615 1620; x_wconf 84' lang='lat' dir='ltr'><strong>sd</strong></span> <span class='ocrx_word' id='word_1_86' title='bbox 634 1555 806 1621; x_wconf 64' lang='lat' dir='ltr'><strong>Caesarem.</strong></span> <span class='ocrx_word' id='word_1_87' title='bbox 825 1551 950 1620; x_wconf 78' lang='lat' dir='ltr'><strong>Afranii</strong></span> <span class='ocrx_word' id='word_1_88' title='bbox 967 1553 1066 1652; x_wconf 82' lang='lat' dir='ltr'><strong>etiam</strong></span> <span class='ocrx_word' id='word_1_89' title='bbox 1088 1550 1176 1620; x_wconf 86' lang='lat' dir='ltr'><strong>filius</strong></span> <span class='ocrx_word' id='word_1_90' title='bbox 1197 1551 1273 1619; x_wconf 84' lang='lat' dir='ltr'><strong>ado·</strong></span> 
     </span>
     <span class='ocr_line' id='line_1_12' title="bbox 245 1665 1272 1765; baseline 0.004 -31"><span class='ocrx_word' id='word_1_91' title='bbox 245 1665 366 1739; x_wconf 84' lang='lat' dir='ltr'><strong>lesoens</strong></span> <span class='ocrx_word' id='word_1_92' title='bbox 391 1671 432 1739; x_wconf 90' lang='lat' dir='ltr'><strong>‹le</strong></span> <span class='ocrx_word' id='word_1_93' title='bbox 460 1695 518 1739; x_wconf 84' lang='lat' dir='ltr'><strong>sua</strong></span> <span class='ocrx_word' id='word_1_94' title='bbox 546 1695 584 1739; x_wconf 83' lang='lat' dir='ltr'><strong>ao</strong></span> <span class='ocrx_word' id='word_1_95' title='bbox 605 1671 747 1765; x_wconf 85' lang='lat' dir='ltr'><strong>parentis</strong></span> <span class='ocrx_word' id='word_1_96' title='bbox 764 1672 814 1738; x_wconf 90' lang='lat' dir='ltr'><strong>sui</strong></span> <span class='ocrx_word' id='word_1_97' title='bbox 838 1669 941 1739; x_wconf 84' lang='lat' dir='ltr'><strong>salute</strong></span> <span class='ocrx_word' id='word_1_98' title='bbox 967 1695 1043 1740; x_wconf 91' lang='lat' dir='ltr'><strong>cum</strong></span> <span class='ocrx_word' id='word_1_99' title='bbox 1060 1673 1187 1739; x_wconf 70' lang='lat' dir='ltr'><strong>Cessare</strong></span> <span class='ocrx_word' id='word_1_100' title='bbox 1212 1694 1272 1761; x_wconf 90' lang='lat' dir='ltr'><strong>per</strong></span> 
     </span>
     <span class='ocr_line' id='line_1_13' title="bbox 245 1787 1272 1883; baseline 0.001 -27"><span class='ocrx_word' id='word_1_101' title='bbox 245 1787 425 1882; x_wconf 85' lang='lat' dir='ltr'><strong>Sulpicium</strong></span> <span class='ocrx_word' id='word_1_102' title='bbox 444 1787 588 1883; x_wconf 84' lang='lat' dir='ltr'><strong>legatum</strong></span> <span class='ocrx_word' id='word_1_103' title='bbox 610 1789 734 1883; x_wconf 83' lang='lat' dir='ltr'><strong>egebat.</strong></span> <span class='ocrx_word' id='word_1_104' title='bbox 753 1793 854 1858; x_wconf 87' lang='lat' dir='ltr'><strong>Erant</strong></span> <span class='ocrx_word' id='word_1_105' title='bbox 872 1787 969 1883; x_wconf 90' lang='lat' dir='ltr'><strong>plena</strong></span> <span class='ocrx_word' id='word_1_106' title='bbox 988 1788 1099 1858; x_wconf 75' lang='lat' dir='ltr'><strong>letitia</strong></span> <span class='ocrx_word' id='word_1_107' title='bbox 1116 1804 1149 1857; x_wconf 92' lang='lat' dir='ltr'><strong>et</strong></span> <span class='ocrx_word' id='word_1_108' title='bbox 1166 1804 1272 1882; x_wconf 79' lang='lat' dir='ltr'><strong>grutu-</strong></span> 
     </span>
     <span class='ocr_line' id='line_1_14' title="bbox 244 1906 1273 2002; baseline 0 -26"><span class='ocrx_word' id='word_1_109' title='bbox 244 1907 365 1977; x_wconf 82' lang='lat' dir='ltr'><strong>lutione</strong></span> <span class='ocrx_word' id='word_1_110' title='bbox 384 1910 514 1995; x_wconf 85' lang='lat' dir='ltr'><strong>omnia;</strong></span> <span class='ocrx_word' id='word_1_111' title='bbox 543 1931 675 1994; x_wconf 91' lang='lat' dir='ltr'><strong>eornm,</strong></span> <span class='ocrx_word' id='word_1_112' title='bbox 703 1910 761 2002; x_wconf 94' lang='lat' dir='ltr'><strong>qui</strong></span> <span class='ocrx_word' id='word_1_113' title='bbox 793 1922 882 1976; x_wconf 83' lang='lat' dir='ltr'><strong>tantu</strong></span> <span class='ocrx_word' id='word_1_114' title='bbox 910 1906 1055 2001; x_wconf 85' lang='lat' dir='ltr'><strong>pericula</strong></span> <span class='ocrx_word' id='word_1_115' title='bbox 1082 1909 1218 1994; x_wconf 84' lang='lat' dir='ltr'><strong>vitasse,</strong></span> <span class='ocrx_word' id='word_1_116' title='bbox 1237 1922 1273 1976; x_wconf 90' lang='lat' dir='ltr'><strong>et</strong></span> 
     </span>
     <span class='ocr_line' id='line_1_15' title="bbox 244 2025 1272 2120; baseline 0 -25"><span class='ocrx_word' id='word_1_117' title='bbox 244 2050 377 2110; x_wconf 89' lang='lat' dir='ltr'><strong>eorum,</strong></span> <span class='ocrx_word' id='word_1_118' title='bbox 397 2027 544 2120; x_wconf 85' lang='lat' dir='ltr'><strong>quisine</strong></span> <span class='ocrx_word' id='word_1_119' title='bbox 570 2025 704 2096; x_wconf 81' lang='lat' dir='ltr'><strong>vulnere</strong></span> <span class='ocrx_word' id='word_1_120' title='bbox 724 2041 832 2096; x_wconf 80' lang='lat' dir='ltr'><strong>tantos</strong></span> <span class='ocrx_word' id='word_1_121' title='bbox 853 2051 905 2095; x_wconf 88' lang='lat' dir='ltr'><strong>res</strong></span> <span class='ocrx_word' id='word_1_122' title='bbox 922 2028 1100 2096; x_wconf 84' lang='lat' dir='ltr'><strong>confecisse</strong></span> <span class='ocrx_word' id='word_1_123' title='bbox 1117 2025 1272 2095; x_wconf 78' lang='lat' dir='ltr'><strong>videbun·</strong></span> 
     </span>
     <span class='ocr_line' id='line_1_16' title="bbox 244 2131 1271 2240; baseline 0.001 -28"><span class='ocrx_word' id='word_1_124' title='bbox 244 2160 299 2214; x_wconf 88' lang='lat' dir='ltr'><strong>tur</strong></span> <span class='ocrx_word' id='word_1_125' title='bbox 311 2168 550 2238; x_wconf 77' lang='lat' dir='ltr'><strong>:magnumque</strong></span> <span class='ocrx_word' id='word_1_126' title='bbox 567 2144 711 2214; x_wconf 89' lang='lat' dir='ltr'><strong>fructum</strong></span> <span class='ocrx_word' id='word_1_127' title='bbox 724 2131 790 2214; x_wconf 79' lang='lat' dir='ltr'><strong>suae</strong></span> <span class='ocrx_word' id='word_1_128' title='bbox 801 2146 948 2240; x_wconf 78' lang='lat' dir='ltr'><strong>pristine</strong></span> <span class='ocrx_word' id='word_1_129' title='bbox 957 2144 1114 2230; x_wconf 76' lang='lat' dir='ltr'><strong>lenitatis,</strong></span> <span class='ocrx_word' id='word_1_130' title='bbox 1124 2148 1271 2214; x_wconf 88' lang='lat' dir='ltr'><strong>omnium</strong></span> 
     </span>
     <span class='ocr_line' id='line_1_17' title="bbox 241 2261 1272 2360; baseline 0.002 -28"><span class='ocrx_word' id='word_1_131' title='bbox 241 2261 383 2357; x_wconf 85' lang='lat' dir='ltr'><strong>jndicio,</strong></span> <span class='ocrx_word' id='word_1_132' title='bbox 397 2267 506 2334; x_wconf 78' lang='lat' dir='ltr'><strong>Cesar</strong></span> <span class='ocrx_word' id='word_1_133' title='bbox 522 2263 662 2352; x_wconf 85' lang='lat' dir='ltr'><strong>ferebat,</strong></span> <span class='ocrx_word' id='word_1_134' title='bbox 683 2264 922 2359; x_wconf 88' lang='lat' dir='ltr'><strong>consiliumque</strong></span> <span class='ocrx_word' id='word_1_135' title='bbox 938 2267 1008 2360; x_wconf 83' lang='lat' dir='ltr'><strong>ejus</strong></span> <span class='ocrx_word' id='word_1_136' title='bbox 1023 2289 1042 2333; x_wconf 86' lang='lat' dir='ltr'><strong>e</strong></span> <span class='ocrx_word' id='word_1_137' title='bbox 1055 2268 1181 2334; x_wconf 87' lang='lat' dir='ltr'><strong>cunetis</strong></span> <span class='ocrx_word' id='word_1_138' title='bbox 1192 2291 1272 2360; x_wconf 92' lang='lat' dir='ltr'><strong>pro·</strong></span> 
     </span>
     <span class='ocr_line' id='line_1_18' title="bbox 241 2381 596 2452; baseline 0.003 -1"><span class='ocrx_word' id='word_1_139' title='bbox 241 2383 390 2452; x_wconf 82' lang='lat' dir='ltr'><strong>babetur.</strong></span> <span class='ocrx_word' id='word_1_140' title='bbox 593 2381 596 2388; x_wconf 73' lang='grc'><strong>’</strong></span> 
     </span>
    </p>

    <p class='ocr_par' dir='ltr' id='par_1_3' title="bbox 239 2503 1272 4025">
     <span class='ocr_line' id='line_1_19' title="bbox 290 2503 1272 2593; baseline 0.005 -23"><span class='ocrx_word' id='word_1_141' title='bbox 290 2506 427 2573; x_wconf 83' lang='lat' dir='ltr'><strong>LXXV.</strong></span> <span class='ocrx_word' id='word_1_142' title='bbox 447 2503 577 2592; x_wconf 88' lang='lat' dir='ltr'><strong>Quibus</strong></span> <span class='ocrx_word' id='word_1_143' title='bbox 597 2507 693 2573; x_wconf 86' lang='lat' dir='ltr'><strong>rebus</strong></span> <span class='ocrx_word' id='word_1_144' title='bbox 712 2506 870 2574; x_wconf 80' lang='lat' dir='ltr'><strong>nuntiatis</strong></span> <span class='ocrx_word' id='word_1_145' title='bbox 887 2504 1043 2593; x_wconf 83' lang='lat' dir='ltr'><strong>Afranio,</strong></span> <span class='ocrx_word' id='word_1_146' title='bbox 1061 2504 1103 2573; x_wconf 83' lang='lat' dir='ltr'><strong>ab</strong></span> <span class='ocrx_word' id='word_1_147' title='bbox 1120 2505 1272 2575; x_wconf 89' lang='lat' dir='ltr'><strong>instituto</strong></span> 
     </span>
     <span class='ocr_line' id='line_1_20' title="bbox 242 2621 1272 2717; baseline 0.002 -27"><span class='ocrx_word' id='word_1_148' title='bbox 242 2645 339 2716; x_wconf 88' lang='lat' dir='ltr'><strong>opere</strong></span> <span class='ocrx_word' id='word_1_149' title='bbox 361 2621 520 2709; x_wconf 85' lang='lat' dir='ltr'><strong>discedit,</strong></span> <span class='ocrx_word' id='word_1_150' title='bbox 546 2647 645 2716; x_wconf 90' lang='lat' dir='ltr'><strong>seque</strong></span> <span class='ocrx_word' id='word_1_151' title='bbox 663 2625 696 2691; x_wconf 90' lang='lat' dir='ltr'><strong>in</strong></span> <span class='ocrx_word' id='word_1_152' title='bbox 712 2637 820 2691; x_wconf 82' lang='lat' dir='ltr'><strong>castra</strong></span> <span class='ocrx_word' id='word_1_153' title='bbox 836 2625 968 2716; x_wconf 85' lang='lat' dir='ltr'><strong>recipit,</strong></span> <span class='ocrx_word' id='word_1_154' title='bbox 995 2625 1041 2692; x_wconf 92' lang='lat' dir='ltr'><strong>sic</strong></span> <span class='ocrx_word' id='word_1_155' title='bbox 1064 2638 1213 2717; x_wconf 83' lang='lat' dir='ltr'><strong>paratus,</strong></span> <span class='ocrx_word' id='word_1_156' title='bbox 1235 2640 1272 2693; x_wconf 92' lang='lat' dir='ltr'><strong>ut</strong></span> 
     </span>
     <span class='ocr_line' id='line_1_21' title="bbox 243 2739 1271 2836; baseline 0.003 -28"><span class='ocrx_word' id='word_1_157' title='bbox 243 2740 431 2827; x_wconf 84' lang='lat' dir='ltr'><strong>ridebatur,</strong></span> <span class='ocrx_word' id='word_1_158' title='bbox 453 2755 506 2827; x_wconf 90' lang='lat' dir='ltr'><strong>ut,</strong></span> <span class='ocrx_word' id='word_1_159' title='bbox 524 2741 713 2833; x_wconf 88' lang='lat' dir='ltr'><strong>quicunque</strong></span> <span class='ocrx_word' id='word_1_160' title='bbox 729 2739 899 2808; x_wconf 85' lang='lat' dir='ltr'><strong>eooidiseet</strong></span> <span class='ocrx_word' id='word_1_161' title='bbox 915 2765 1024 2828; x_wconf 84' lang='lat' dir='ltr'><strong>casus,</strong></span> <span class='ocrx_word' id='word_1_162' title='bbox 1047 2743 1136 2810; x_wconf 90' lang='lat' dir='ltr'><strong>hunc</strong></span> <span class='ocrx_word' id='word_1_163' title='bbox 1159 2744 1271 2836; x_wconf 89' lang='lat' dir='ltr'><strong>quieto</strong></span> 
     </span>
     <span class='ocr_line' id='line_1_22' title="bbox 243 2858 1269 2951; baseline 0 -23"><span class='ocrx_word' id='word_1_164' title='bbox 243 2873 276 2928; x_wconf 92' lang='lat' dir='ltr'><strong>et</strong></span> <span class='ocrx_word' id='word_1_165' title='bbox 293 2883 387 2951; x_wconf 82' lang='lat' dir='ltr'><strong>aequo</strong></span> <span class='ocrx_word' id='word_1_166' title='bbox 404 2861 515 2927; x_wconf 82' lang='lat' dir='ltr'><strong>animo</strong></span> <span class='ocrx_word' id='word_1_167' title='bbox 531 2859 639 2927; x_wconf 85' lang='lat' dir='ltr'><strong>ferret.</strong></span> <span class='ocrx_word' id='word_1_168' title='bbox 667 2859 816 2927; x_wconf 88' lang='lat' dir='ltr'><strong>Petreius</strong></span> <span class='ocrx_word' id='word_1_169' title='bbox 837 2883 915 2926; x_wconf 85' lang='lat' dir='ltr'><strong>vero</strong></span> <span class='ocrx_word' id='word_1_170' title='bbox 937 2883 1005 2928; x_wconf 90' lang='lat' dir='ltr'><strong>non</strong></span> <span class='ocrx_word' id='word_1_171' title='bbox 1025 2858 1144 2928; x_wconf 89' lang='lat' dir='ltr'><strong>deserit</strong></span> <span class='ocrx_word' id='word_1_172' title='bbox 1170 2884 1239 2930; x_wconf 86' lang='lat' dir='ltr'><strong>sese</strong></span> <span class='ocrx_word' id='word_1_173' title='bbox 1261 2888 1269 2928; x_wconf 92' lang='lat'><strong>:</strong></span> 
     </span>
     <span class='ocr_line' id='line_1_23' title="bbox 243 2976 1271 3072; baseline 0.004 -28"><span class='ocrx_word' id='word_1_174' title='bbox 243 2993 349 3046; x_wconf 82' lang='lat' dir='ltr'><strong>armat</strong></span> <span class='ocrx_word' id='word_1_175' title='bbox 367 2976 523 3046; x_wconf 80' lang='lat' dir='ltr'><strong>familiam</strong></span> <span class='ocrx_word' id='word_1_176' title='bbox 545 3002 553 3044; x_wconf 75' lang='grc' dir='ltr'><strong><em>ε</em></strong></span> <span class='ocrx_word' id='word_1_177' title='bbox 576 3001 653 3046; x_wconf 92' lang='lat' dir='ltr'><strong>eum</strong></span> <span class='ocrx_word' id='word_1_178' title='bbox 676 2976 737 3046; x_wconf 84' lang='lat' dir='ltr'><strong>hac</strong></span> <span class='ocrx_word' id='word_1_179' title='bbox 755 2992 789 3047; x_wconf 91' lang='lat' dir='ltr'><strong>et</strong></span> <span class='ocrx_word' id='word_1_180' title='bbox 803 2979 956 3072; x_wconf 84' lang='lat' dir='ltr'><strong>pretoria</strong></span> <span class='ocrx_word' id='word_1_181' title='bbox 981 2978 1117 3047; x_wconf 86' lang='lat' dir='ltr'><strong>cohorte</strong></span> <span class='ocrx_word' id='word_1_182' title='bbox 1132 2993 1271 3048; x_wconf 85' lang='lat' dir='ltr'><strong>cetrato-</strong></span> 
     </span>
     <span class='ocr_line' id='line_1_24' title="bbox 243 3095 1269 3191; baseline 0.007 -29"><span class='ocrx_word' id='word_1_183' title='bbox 243 3119 332 3182; x_wconf 88' lang='lat' dir='ltr'><strong>rum,</strong></span> <span class='ocrx_word' id='word_1_184' title='bbox 359 3096 573 3190; x_wconf 79' lang='lat' dir='ltr'><strong>barbarisque</strong></span> <span class='ocrx_word' id='word_1_185' title='bbox 595 3095 760 3190; x_wconf 83' lang='lat' dir='ltr'><strong>equitibus</strong></span> <span class='ocrx_word' id='word_1_186' title='bbox 785 3098 917 3191; x_wconf 88' lang='lat' dir='ltr'><strong>paucis,</strong></span> <span class='ocrx_word' id='word_1_187' title='bbox 944 3097 1158 3167; x_wconf 84' lang='lat' dir='ltr'><strong>beneficiariis</strong></span> <span class='ocrx_word' id='word_1_188' title='bbox 1182 3101 1269 3186; x_wconf 88' lang='lat' dir='ltr'><strong>suis,</strong></span> 
     </span>
     <span class='ocr_line' id='line_1_25' title="bbox 243 3215 1271 3312; baseline 0.006 -30"><span class='ocrx_word' id='word_1_189' title='bbox 243 3239 325 3308; x_wconf 89' lang='lat' dir='ltr'><strong>quos</strong></span> <span class='ocrx_word' id='word_1_190' title='bbox 353 3239 419 3284; x_wconf 84' lang='lat' dir='ltr'><strong>suae</strong></span> <span class='ocrx_word' id='word_1_191' title='bbox 443 3215 597 3285; x_wconf 76' lang='lat' dir='ltr'><strong>custodie</strong></span> <span class='ocrx_word' id='word_1_192' title='bbox 614 3240 711 3286; x_wconf 79' lang='lat' dir='ltr'><strong>causa</strong></span> <span class='ocrx_word' id='word_1_193' title='bbox 737 3217 858 3285; x_wconf 82' lang='lat' dir='ltr'><strong>habere</strong></span> <span class='ocrx_word' id='word_1_194' title='bbox 882 3232 1070 3301; x_wconf 81' lang='lat' dir='ltr'><strong>consuerat,</strong></span> <span class='ocrx_word' id='word_1_195' title='bbox 1091 3218 1271 3312; x_wconf 84' lang='lat' dir='ltr'><strong>improviso</strong></span> 
     </span>
     <span class='ocr_line' id='line_1_26' title="bbox 242 3331 1267 3430; baseline 0.006 -28"><span class='ocrx_word' id='word_1_196' title='bbox 242 3333 283 3402; x_wconf 87' lang='lat' dir='ltr'><strong>ad</strong></span> <span class='ocrx_word' id='word_1_197' title='bbox 296 3331 416 3404; x_wconf 84' lang='lat' dir='ltr'><strong>vallum</strong></span> <span class='ocrx_word' id='word_1_198' title='bbox 434 3333 581 3422; x_wconf 84' lang='lat' dir='ltr'><strong>advolat,</strong></span> <span class='ocrx_word' id='word_1_199' title='bbox 598 3333 763 3428; x_wconf 78' lang='lat' dir='ltr'><strong>colloquio</strong></span> <span class='ocrx_word' id='word_1_200' title='bbox 784 3334 925 3404; x_wconf 88' lang='lat' dir='ltr'><strong>militnm</strong></span> <span class='ocrx_word' id='word_1_201' title='bbox 943 3339 1168 3430; x_wconf 87' lang='lat' dir='ltr'><strong>interrumpit,</strong></span> <span class='ocrx_word' id='word_1_202' title='bbox 1190 3363 1267 3408; x_wconf 85' lang='lat' dir='ltr'><strong>nos·</strong></span> 
     </span>
     <span class='ocr_line' id='line_1_27' title="bbox 242 3451 1271 3548; baseline 0.003 -27"><span class='ocrx_word' id='word_1_203' title='bbox 242 3467 309 3522; x_wconf 89' lang='lat' dir='ltr'><strong>tros</strong></span> <span class='ocrx_word' id='word_1_204' title='bbox 327 3451 454 3548; x_wconf 89' lang='lat' dir='ltr'><strong>repellit</strong></span> <span class='ocrx_word' id='word_1_205' title='bbox 474 3455 515 3522; x_wconf 84' lang='lat' dir='ltr'><strong>ab</strong></span> <span class='ocrx_word' id='word_1_206' title='bbox 528 3455 662 3543; x_wconf 80' lang='lat' dir='ltr'><strong>castris3</strong></span> <span class='ocrx_word' id='word_1_207' title='bbox 681 3479 763 3547; x_wconf 89' lang='lat' dir='ltr'><strong>quos</strong></span> <span class='ocrx_word' id='word_1_208' title='bbox 781 3454 1013 3547; x_wconf 89' lang='lat' dir='ltr'><strong>deprehendit,</strong></span> <span class='ocrx_word' id='word_1_209' title='bbox 1030 3454 1193 3524; x_wconf 90' lang='lat' dir='ltr'><strong>interficit.</strong></span> <span class='ocrx_word' id='word_1_210' title='bbox 1210 3459 1271 3524; x_wconf 87' lang='lat' dir='ltr'><strong>Re·</strong></span> 
     </span>
     <span class='ocr_line' id='line_1_28' title="bbox 240 3570 1270 3668; baseline 0.001 -28"><span class='ocrx_word' id='word_1_211' title='bbox 240 3570 321 3667; x_wconf 91' lang='lat' dir='ltr'><strong>liqui</strong></span> <span class='ocrx_word' id='word_1_212' title='bbox 339 3587 458 3644; x_wconf 86' lang='lat' dir='ltr'><strong>coeunt</strong></span> <span class='ocrx_word' id='word_1_213' title='bbox 480 3575 565 3643; x_wconf 88' lang='lat' dir='ltr'><strong>inter</strong></span> <span class='ocrx_word' id='word_1_214' title='bbox 583 3599 635 3658; x_wconf 88' lang='lat' dir='ltr'><strong>se,</strong></span> <span class='ocrx_word' id='word_1_215' title='bbox 657 3589 707 3660; x_wconf 89' lang='lat' dir='ltr'><strong>et,</strong></span> <span class='ocrx_word' id='word_1_216' title='bbox 732 3575 903 3668; x_wconf 86' lang='lat' dir='ltr'><strong>repentino</strong></span> <span class='ocrx_word' id='word_1_217' title='bbox 929 3572 1077 3668; x_wconf 89' lang='lat' dir='ltr'><strong>periculo</strong></span> <span class='ocrx_word' id='word_1_218' title='bbox 1102 3575 1270 3657; x_wconf 81' lang='lat' dir='ltr'><strong>exterriti,</strong></span> 
     </span>
     <span class='ocr_line' id='line_1_29' title="bbox 240 3690 1268 3788; baseline 0.002 -29"><span class='ocrx_word' id='word_1_219' title='bbox 240 3693 386 3761; x_wconf 84' lang='lat' dir='ltr'><strong>sinistros</strong></span> <span class='ocrx_word' id='word_1_220' title='bbox 403 3695 488 3787; x_wconf 84' lang='lat' dir='ltr'><strong>sagis</strong></span> <span class='ocrx_word' id='word_1_221' title='bbox 500 3690 699 3777; x_wconf 82' lang='lat' dir='ltr'><strong>involvunt,</strong></span> <span class='ocrx_word' id='word_1_222' title='bbox 719 3691 909 3788; x_wconf 82' lang='lat' dir='ltr'><strong>gladiosque</strong></span> <span class='ocrx_word' id='word_1_223' title='bbox 926 3693 1151 3786; x_wconf 83' lang='lat' dir='ltr'><strong>destringunt,</strong></span> <span class='ocrx_word' id='word_1_224' title='bbox 1169 3706 1268 3786; x_wconf 81' lang='lat' dir='ltr'><strong>atque</strong></span> 
     </span>
     <span class='ocr_line' id='line_1_30' title="bbox 239 3811 1270 3912; baseline 0.005 -37"><span class='ocrx_word' id='word_1_225' title='bbox 239 3811 283 3878; x_wconf 82' lang='lat' dir='ltr'><strong>its</strong></span> <span class='ocrx_word' id='word_1_226' title='bbox 300 3835 370 3880; x_wconf 80' lang='lat' dir='ltr'><strong>sea</strong></span> <span class='ocrx_word' id='word_1_227' title='bbox 398 3814 531 3882; x_wconf 83' lang='lat' dir='ltr'><strong>cetratis</strong></span> <span class='ocrx_word' id='word_1_228' title='bbox 543 3813 772 3907; x_wconf 89' lang='lat' dir='ltr'><strong>equitibusque</strong></span> <span class='ocrx_word' id='word_1_229' title='bbox 789 3813 985 3912; x_wconf 82' lang='lat' dir='ltr'><strong>defendunt,</strong></span> <span class='ocrx_word' id='word_1_230' title='bbox 1000 3826 1181 3880; x_wconf 78' lang='lat' dir='ltr'><strong>castrorum</strong></span> <span class='ocrx_word' id='word_1_231' title='bbox 1192 3834 1270 3905; x_wconf 90' lang='lat' dir='ltr'><strong>pro·</strong></span> 
     </span>
     <span class='ocr_line' id='line_1_31' title="bbox 240 3927 1270 4025; baseline 0.005 -32"><span class='ocrx_word' id='word_1_232' title='bbox 240 3927 422 4019; x_wconf 84' lang='lat' dir='ltr'><strong>pinquitate</strong></span> <span class='ocrx_word' id='word_1_233' title='bbox 443 3931 574 4016; x_wconf 86' lang='lat' dir='ltr'><strong>confisi;</strong></span> <span class='ocrx_word' id='word_1_234' title='bbox 598 3956 699 4025; x_wconf 87' lang='lat' dir='ltr'><strong>seque</strong></span> <span class='ocrx_word' id='word_1_235' title='bbox 724 3935 757 4000; x_wconf 95' lang='lat' dir='ltr'><strong>in</strong></span> <span class='ocrx_word' id='word_1_236' title='bbox 783 3947 889 4001; x_wconf 79' lang='lat' dir='ltr'><strong>costra</strong></span> <span class='ocrx_word' id='word_1_237' title='bbox 913 3931 1093 4024; x_wconf 88' lang='lat' dir='ltr'><strong>recipiunt,</strong></span> <span class='ocrx_word' id='word_1_238' title='bbox 1113 3945 1146 4000; x_wconf 92' lang='lat' dir='ltr'><strong>et</strong></span> <span class='ocrx_word' id='word_1_239' title='bbox 1168 3931 1211 3999; x_wconf 86' lang='lat' dir='ltr'><strong>eb</strong></span> <span class='ocrx_word' id='word_1_240' title='bbox 1230 3931 1270 3999; x_wconf 85' lang='lat' dir='ltr'><strong>iis</strong></span> 
     </span>
    </p>
   </div>
   <div class='ocr_carea' id='block_1_3' title="bbox 0 0 1548 4766">
    <p class='ocr_par' dir='ltr' id='par_1_4' title="bbox 0 0 1548 4766">
     <span class='ocr_line' id='line_1_32' title="bbox 0 0 1548 4766; baseline 0 1"><span class='ocrx_word' id='word_1_241' title='bbox 0 0 1548 4766; x_wconf 95' lang='lat' dir='ltr'><strong> </strong></span> 
     </span>
    </p>
   </div>
  </div>
 </body>
</html>
