<?xml version="1.0" encoding="UTF-8"?>
<!DOCTYPE html PUBLIC "-//W3C//DTD XHTML 1.0 Transitional//EN"
    "http://www.w3.org/TR/xhtml1/DTD/xhtml1-transitional.dtd">
<html xmlns="http://www.w3.org/1999/xhtml" xml:lang="en" lang="en">
 <head>
  <title>
</title>
<meta http-equiv="Content-Type" content="text/html;charset=utf-8" />
  <meta name='ocr-system' content='tesseract 3.04.00' />
  <meta name='ocr-capabilities' content='ocr_page ocr_carea ocr_par ocr_line ocrx_word'/>
</head>
<body>
  <div class='ocr_page' id='page_1' title='image "./cjcaesarisopera00caesgoog_0155.png"; bbox 0 0 3026 4768; ppageno 0'>
   <div class='ocr_carea' id='block_1_1' title="bbox 461 365 1259 432">
    <p class='ocr_par' dir='ltr' id='par_1_1' title="bbox 461 365 1259 432">
     <span class='ocr_line' id='line_1_1' title="bbox 461 365 1259 432; baseline -0.01 -1"><span class='ocrx_word' id='word_1_1' title='bbox 461 373 514 431; x_wconf 85' lang='lat' dir='ltr'>DE</span> <span class='ocrx_word' id='word_1_2' title='bbox 535 374 657 432; x_wconf 83' lang='lat' dir='ltr'>BELLO</span> <span class='ocrx_word' id='word_1_3' title='bbox 679 371 842 428; x_wconf 81' lang='lat' dir='ltr'>GALLICO</span> <span class='ocrx_word' id='word_1_4' title='bbox 863 373 933 428; x_wconf 81' lang='lat' dir='ltr'>us.</span> <span class='ocrx_word' id='word_1_5' title='bbox 951 372 986 424; x_wconf 83' lang='lat' dir='ltr'>V.</span> <span class='ocrx_word' id='word_1_6' title='bbox 1206 365 1259 424; x_wconf 77' lang='lat'>133</span> 
     </span>
    </p>
   </div>
   <div class='ocr_carea' id='block_1_2' title="bbox 151 495 1283 2408">
    <p class='ocr_par' dir='ltr' id='par_1_2' title="bbox 208 495 1259 714">
     <span class='ocr_line' id='line_1_2' title="bbox 209 495 1259 596; baseline -0.003 -28"><span class='ocrx_word' id='word_1_7' title='bbox 209 525 350 596; x_wconf 89' lang='lat' dir='ltr'>rumque</span> <span class='ocrx_word' id='word_1_8' title='bbox 371 523 470 594; x_wconf 84' lang='lat' dir='ltr'>agros</span> <span class='ocrx_word' id='word_1_9' title='bbox 492 497 751 593; x_wconf 87' lang='lat' dir='ltr'>populaturum,</span> <span class='ocrx_word' id='word_1_10' title='bbox 771 523 810 566; x_wconf 88' lang='lat' dir='ltr'>ac</span> <span class='ocrx_word' id='word_1_11' title='bbox 833 498 945 591; x_wconf 89' lang='lat' dir='ltr'>prius,</span> <span class='ocrx_word' id='word_1_12' title='bbox 966 520 1067 589; x_wconf 88' lang='lat' dir='ltr'>quam</span> <span class='ocrx_word' id='word_1_13' title='bbox 1090 495 1124 562; x_wconf 93' lang='lat' dir='ltr'>id</span> <span class='ocrx_word' id='word_1_14' title='bbox 1144 495 1259 582; x_wconf 87' lang='lat' dir='ltr'>faciat,</span> 
     </span>
     <span class='ocr_line' id='line_1_3' title="bbox 208 598 1258 714; baseline -0.002 -25"><span class='ocrx_word' id='word_1_15' title='bbox 208 621 348 690; x_wconf 79' lang='lat' dir='ltr'>Labieni</span> <span class='ocrx_word' id='word_1_16' title='bbox 365 598 478 688; x_wconf 81' lang='lat' dir='ltr'>castra¹</span> <span class='ocrx_word' id='word_1_17' title='bbox 487 633 761 714; x_wconf 85' lang='lat' dir='ltr'>oppugnaturum</span> <span class='ocrx_word' id='word_1_18' title='bbox 780 644 788 686; x_wconf 74' lang='grc' dir='ltr'><strong><em>ε</em></strong></span> <span class='ocrx_word' id='word_1_19' title='bbox 806 635 881 712; x_wconf 78' lang='lat' dir='ltr'>quae</span> <span class='ocrx_word' id='word_1_20' title='bbox 898 617 971 686; x_wconf 86' lang='lat' dir='ltr'>fieri</span> <span class='ocrx_word' id='word_1_21' title='bbox 985 614 1082 702; x_wconf 89' lang='lat' dir='ltr'>velit,</span> <span class='ocrx_word' id='word_1_22' title='bbox 1098 616 1258 710; x_wconf 79' lang='lat' dir='ltr'>praecipit.</span> 
     </span>
    </p>

    <p class='ocr_par' dir='ltr' id='par_1_3' title="bbox 151 733 1283 2287">
     <span class='ocr_line' id='line_1_4' title="bbox 256 733 1257 834; baseline -0.007 -25"><span class='ocrx_word' id='word_1_23' title='bbox 256 743 361 812; x_wconf 85' lang='lat' dir='ltr'><strong>LVII.</strong></span> <span class='ocrx_word' id='word_1_24' title='bbox 389 740 573 826; x_wconf 82' lang='lat' dir='ltr'><strong>Labienus,</strong></span> <span class='ocrx_word' id='word_1_25' title='bbox 591 765 695 834; x_wconf 92' lang='lat' dir='ltr'>quum</span> <span class='ocrx_word' id='word_1_26' title='bbox 711 753 744 808; x_wconf 91' lang='lat' dir='ltr'>et</span> <span class='ocrx_word' id='word_1_27' title='bbox 759 737 825 808; x_wconf 91' lang='lat' dir='ltr'>loci</span> <span class='ocrx_word' id='word_1_28' title='bbox 841 753 960 807; x_wconf 90' lang='lat' dir='ltr'>natura</span> <span class='ocrx_word' id='word_1_29' title='bbox 976 751 1009 805; x_wconf 91' lang='lat' dir='ltr'>et</span> <span class='ocrx_word' id='word_1_30' title='bbox 1029 761 1130 806; x_wconf 88' lang='lat' dir='ltr'>manu</span> <span class='ocrx_word' id='word_1_31' title='bbox 1147 733 1257 808; x_wconf 89' lang='lat' dir='ltr'>muni-</span> 
     </span>
     <span class='ocr_line' id='line_1_5' title="bbox 206 855 1258 954; baseline -0.001 -26"><span class='ocrx_word' id='word_1_32' title='bbox 206 862 343 929; x_wconf 89' lang='lat' dir='ltr'>tissimis</span> <span class='ocrx_word' id='word_1_33' title='bbox 362 863 478 930; x_wconf 86' lang='lat' dir='ltr'>castris</span> <span class='ocrx_word' id='word_1_34' title='bbox 496 884 568 930; x_wconf 88' lang='lat' dir='ltr'>sese</span> <span class='ocrx_word' id='word_1_35' title='bbox 584 876 730 951; x_wconf 86' lang='lat' dir='ltr'>teneret,</span> <span class='ocrx_word' id='word_1_36' title='bbox 749 861 791 930; x_wconf 90' lang='lat' dir='ltr'>de</span> <span class='ocrx_word' id='word_1_37' title='bbox 811 885 872 930; x_wconf 91' lang='lat' dir='ltr'>suo</span> <span class='ocrx_word' id='word_1_38' title='bbox 895 885 934 929; x_wconf 89' lang='lat' dir='ltr'>ac</span> <span class='ocrx_word' id='word_1_39' title='bbox 953 858 1091 954; x_wconf 82' lang='lat' dir='ltr'>legionis</span> <span class='ocrx_word' id='word_1_40' title='bbox 1108 855 1258 954; x_wconf 86' lang='lat' dir='ltr'>periculo</span> 
     </span>
     <span class='ocr_line' id='line_1_6' title="bbox 206 978 1258 1075; baseline 0 -27"><span class='ocrx_word' id='word_1_41' title='bbox 206 978 291 1049; x_wconf 88' lang='lat' dir='ltr'><strong>nihil</strong></span> <span class='ocrx_word' id='word_1_42' title='bbox 315 981 472 1068; x_wconf 77' lang='lat' dir='ltr'>timebat5</span> <span class='ocrx_word' id='word_1_43' title='bbox 493 1005 536 1050; x_wconf 92' lang='lat' dir='ltr'>ne</span> <span class='ocrx_word' id='word_1_44' title='bbox 553 1006 619 1075; x_wconf 90' lang='lat' dir='ltr'>qua</span> <span class='ocrx_word' id='word_1_45' title='bbox 636 983 845 1052; x_wconf 83' lang='lat' dir='ltr'><strong>occasionem</strong></span> <span class='ocrx_word' id='word_1_46' title='bbox 866 983 915 1050; x_wconf 85' lang='lat' dir='ltr'>rei</span> <span class='ocrx_word' id='word_1_47' title='bbox 934 981 1018 1050; x_wconf 90' lang='lat' dir='ltr'>bene</span> <span class='ocrx_word' id='word_1_48' title='bbox 1039 979 1191 1075; x_wconf 83' lang='lat' dir='ltr'>gerendae</span> <span class='ocrx_word' id='word_1_49' title='bbox 1208 979 1258 1048; x_wconf 93' lang='lat' dir='ltr'>di·</span> 
     </span>
     <span class='ocr_line' id='line_1_7' title="bbox 205 1098 1259 1198; baseline 0 -30"><span class='ocrx_word' id='word_1_50' title='bbox 205 1103 369 1190; x_wconf 84' lang='lat' dir='ltr'>mitteret,</span> <span class='ocrx_word' id='word_1_51' title='bbox 386 1103 566 1196; x_wconf 82' lang='lat' dir='ltr'><strong>cogitabat.</strong></span> <span class='ocrx_word' id='word_1_52' title='bbox 583 1105 700 1197; x_wconf 86' lang='lat' dir='ltr'>Itaque</span> <span class='ocrx_word' id='word_1_53' title='bbox 714 1129 732 1172; x_wconf 90' lang='lat' dir='ltr'>a</span> <span class='ocrx_word' id='word_1_54' title='bbox 748 1104 964 1198; x_wconf 83' lang='lat' dir='ltr'>Cingetorige</span> <span class='ocrx_word' id='word_1_55' title='bbox 980 1116 1081 1194; x_wconf 89' lang='lat' dir='ltr'>atque</span> <span class='ocrx_word' id='word_1_56' title='bbox 1095 1098 1166 1190; x_wconf 88' lang='lat' dir='ltr'>ejus</span> <span class='ocrx_word' id='word_1_57' title='bbox 1181 1123 1259 1194; x_wconf 87' lang='lat' dir='ltr'>pro·</span> 
     </span>
     <span class='ocr_line' id='line_1_8' title="bbox 205 1218 1256 1318; baseline -0.002 -28"><span class='ocrx_word' id='word_1_58' title='bbox 205 1222 339 1316; x_wconf 87' lang='lat' dir='ltr'>pinquis</span> <span class='ocrx_word' id='word_1_59' title='bbox 355 1224 506 1291; x_wconf 88' lang='lat' dir='ltr'>oratione</span> <span class='ocrx_word' id='word_1_60' title='bbox 522 1223 745 1293; x_wconf 80' lang='lat' dir='ltr'>Indutiomari</span> <span class='ocrx_word' id='word_1_61' title='bbox 767 1225 917 1318; x_wconf 80' lang='lat' dir='ltr'>cognita,</span> <span class='ocrx_word' id='word_1_62' title='bbox 938 1245 1039 1316; x_wconf 85' lang='lat' dir='ltr'>quam</span> <span class='ocrx_word' id='word_1_63' title='bbox 1062 1218 1256 1291; x_wconf 70' lang='lat' dir='ltr'>in&#39;ooncilio</span> 
     </span>
     <span class='ocr_line' id='line_1_9' title="bbox 206 1343 1257 1436; baseline -0.003 -24"><span class='ocrx_word' id='word_1_64' title='bbox 206 1343 389 1431; x_wconf 88' lang='lat' dir='ltr'>habuerat,</span> <span class='ocrx_word' id='word_1_65' title='bbox 406 1346 550 1414; x_wconf 85' lang='lat' dir='ltr'>nuntios</span> <span class='ocrx_word' id='word_1_66' title='bbox 567 1346 671 1414; x_wconf 87' lang='lat' dir='ltr'>mittit</span> <span class='ocrx_word' id='word_1_67' title='bbox 690 1345 732 1414; x_wconf 92' lang='lat' dir='ltr'>ad</span> <span class='ocrx_word' id='word_1_68' title='bbox 751 1346 910 1414; x_wconf 88' lang='lat' dir='ltr'>finitimas</span> <span class='ocrx_word' id='word_1_69' title='bbox 930 1344 1096 1430; x_wconf 82' lang='lat' dir='ltr'>civitates,</span> <span class='ocrx_word' id='word_1_70' title='bbox 1112 1343 1257 1436; x_wconf 87' lang='lat' dir='ltr'>equites·</span> 
     </span>
     <span class='ocr_line' id='line_1_10' title="bbox 204 1462 1283 1559; baseline -0.002 -25"><span class='ocrx_word' id='word_1_71' title='bbox 204 1489 269 1559; x_wconf 89' lang='lat' dir='ltr'>que</span> <span class='ocrx_word' id='word_1_72' title='bbox 286 1464 436 1559; x_wconf 90' lang='lat' dir='ltr'>undique</span> <span class='ocrx_word' id='word_1_73' title='bbox 452 1481 569 1536; x_wconf 87' lang='lat' dir='ltr'>evocat</span> <span class='ocrx_word' id='word_1_74' title='bbox 587 1493 595 1534; x_wconf 78' lang='grc' dir='ltr'><strong><em>ε</em></strong></span> <span class='ocrx_word' id='word_1_75' title='bbox 616 1468 657 1536; x_wconf 91' lang='lat' dir='ltr'>iis</span> <span class='ocrx_word' id='word_1_76' title='bbox 675 1482 799 1536; x_wconf 88' lang='lat' dir='ltr'>certam</span> <span class='ocrx_word' id='word_1_77' title='bbox 816 1466 905 1534; x_wconf 90' lang='lat' dir='ltr'>diem</span> <span class='ocrx_word' id='word_1_78' title='bbox 925 1463 1147 1534; x_wconf 90' lang='lat' dir='ltr'>conveniendi</span> <span class='ocrx_word' id='word_1_79' title='bbox 1163 1462 1253 1532; x_wconf 87' lang='lat' dir='ltr'>dicit·</span> <span class='ocrx_word' id='word_1_80' title='bbox 1282 1485 1283 1490; x_wconf 72' lang='grc'>’</span> 
     </span>
     <span class='ocr_line' id='line_1_11' title="bbox 204 1581 1256 1682; baseline -0.005 -27"><span class='ocrx_word' id='word_1_81' title='bbox 204 1588 342 1656; x_wconf 80' lang='lat' dir='ltr'>Interim</span> <span class='ocrx_word' id='word_1_82' title='bbox 368 1581 473 1681; x_wconf 87' lang='lat' dir='ltr'>prope</span> <span class='ocrx_word' id='word_1_83' title='bbox 494 1587 646 1682; x_wconf 85' lang='lat' dir='ltr'>quotidie</span> <span class='ocrx_word' id='word_1_84' title='bbox 666 1589 853 1658; x_wconf 91' lang='lat' dir='ltr'>cumomni</span> <span class='ocrx_word' id='word_1_85' title='bbox 876 1587 1026 1680; x_wconf 88' lang='lat' dir='ltr'>equitatu</span> <span class='ocrx_word' id='word_1_86' title='bbox 1046 1585 1256 1656; x_wconf 87' lang='lat' dir='ltr'>Indutioma-</span> 
     </span>
     <span class='ocr_line' id='line_1_12' title="bbox 204 1706 1255 1803; baseline -0.002 -28"><span class='ocrx_word' id='word_1_87' title='bbox 204 1732 261 1776; x_wconf 89' lang='lat' dir='ltr'>rus</span> <span class='ocrx_word' id='word_1_88' title='bbox 277 1708 339 1776; x_wconf 91' lang='lat' dir='ltr'>sub</span> <span class='ocrx_word' id='word_1_89' title='bbox 356 1708 473 1776; x_wconf 88' lang='lat' dir='ltr'>castris</span> <span class='ocrx_word' id='word_1_90' title='bbox 493 1709 565 1801; x_wconf 88' lang='lat' dir='ltr'>ejus</span> <span class='ocrx_word' id='word_1_91' title='bbox 585 1709 784 1803; x_wconf 84' lang='lat' dir='ltr'>vagabatur,</span> <span class='ocrx_word' id='word_1_92' title='bbox 798 1706 879 1776; x_wconf 89' lang='lat' dir='ltr'>alias</span> <span class='ocrx_word' id='word_1_93' title='bbox 895 1722 933 1778; x_wconf 85' lang='lat' dir='ltr'>ut</span> <span class='ocrx_word' id='word_1_94' title='bbox 950 1709 1050 1776; x_wconf 87' lang='lat' dir='ltr'>situm</span> <span class='ocrx_word' id='word_1_95' title='bbox 1069 1717 1255 1774; x_wconf 86' lang='lat' dir='ltr'>castrorum</span> 
     </span>
     <span class='ocr_line' id='line_1_13' title="bbox 203 1824 1256 1923; baseline -0.005 -27"><span class='ocrx_word' id='word_1_96' title='bbox 203 1843 435 1923; x_wconf 83' lang='lat' dir='ltr'>cognosceret,</span> <span class='ocrx_word' id='word_1_97' title='bbox 451 1825 532 1896; x_wconf 89' lang='lat' dir='ltr'>alias</span> <span class='ocrx_word' id='word_1_98' title='bbox 544 1827 757 1922; x_wconf 87' lang='lat' dir='ltr'>colloquendi</span> <span class='ocrx_word' id='word_1_99' title='bbox 769 1843 829 1896; x_wconf 90' lang='lat' dir='ltr'>aut</span> <span class='ocrx_word' id='word_1_100' title='bbox 843 1827 1017 1896; x_wconf 73' lang='lat' dir='ltr'>territandi</span> <span class='ocrx_word' id='word_1_101' title='bbox 1028 1849 1126 1896; x_wconf 87' lang='lat' dir='ltr'>causa</span> <span class='ocrx_word' id='word_1_102' title='bbox 1142 1850 1150 1892; x_wconf 75' lang='grc' dir='ltr'><strong><em>ε</em></strong></span> <span class='ocrx_word' id='word_1_103' title='bbox 1164 1824 1256 1917; x_wconf 89' lang='lat' dir='ltr'>eqni·</span> 
     </span>
     <span class='ocr_line' id='line_1_14' title="bbox 204 1946 1254 2043; baseline -0.002 -27"><span class='ocrx_word' id='word_1_104' title='bbox 204 1965 254 2018; x_wconf 88' lang='lat' dir='ltr'>tes</span> <span class='ocrx_word' id='word_1_105' title='bbox 268 1947 467 2043; x_wconf 88' lang='lat' dir='ltr'>pierumque</span> <span class='ocrx_word' id='word_1_106' title='bbox 486 1973 601 2018; x_wconf 90' lang='lat' dir='ltr'>omnes</span> <span class='ocrx_word' id='word_1_107' title='bbox 618 1947 683 2018; x_wconf 90' lang='lat' dir='ltr'>tela</span> <span class='ocrx_word' id='word_1_108' title='bbox 699 1952 786 2023; x_wconf 87' lang='lat' dir='ltr'>intra</span> <span class='ocrx_word' id='word_1_109' title='bbox 801 1946 925 2019; x_wconf 89' lang='lat' dir='ltr'>vallum</span> <span class='ocrx_word' id='word_1_110' title='bbox 943 1946 1174 2041; x_wconf 83' lang='lat' dir='ltr'>conjiciebant.</span> <span class='ocrx_word' id='word_1_111' title='bbox 1190 1949 1254 2014; x_wconf 83' lang='lat' dir='ltr'>La·</span> 
     </span>
     <span class='ocr_line' id='line_1_15' title="bbox 151 2068 1255 2162; baseline -0.001 -25"><span class='ocrx_word' id='word_1_112' title='bbox 151 2129 158 2146; x_wconf 88' lang='lat'>,</span> <span class='ocrx_word' id='word_1_113' title='bbox 202 2070 323 2139; x_wconf 89' lang='lat' dir='ltr'>bienus</span> <span class='ocrx_word' id='word_1_114' title='bbox 340 2095 417 2139; x_wconf 90' lang='lat' dir='ltr'>suos</span> <span class='ocrx_word' id='word_1_115' title='bbox 435 2085 524 2138; x_wconf 86' lang='lat' dir='ltr'>mtra</span> <span class='ocrx_word' id='word_1_116' title='bbox 536 2071 739 2140; x_wconf 86' lang='lat' dir='ltr'>munitiones</span> <span class='ocrx_word' id='word_1_117' title='bbox 753 2071 960 2158; x_wconf 87' lang='lat' dir='ltr'>continebat,</span> <span class='ocrx_word' id='word_1_118' title='bbox 975 2069 1172 2162; x_wconf 90' lang='lat' dir='ltr'>timorisque</span> <span class='ocrx_word' id='word_1_119' title='bbox 1184 2068 1255 2162; x_wconf 94' lang='lat' dir='ltr'>opi-</span> 
     </span>
     <span class='ocr_line' id='line_1_16' title="bbox 206 2191 1096 2287; baseline 0.004 -31"><span class='ocrx_word' id='word_1_120' title='bbox 206 2192 362 2278; x_wconf 91' lang='lat' dir='ltr'>nionem,</span> <span class='ocrx_word' id='word_1_121' title='bbox 381 2191 637 2285; x_wconf 86' lang='lat' dir='ltr'>quibuscunque</span> <span class='ocrx_word' id='word_1_122' title='bbox 657 2207 789 2287; x_wconf 86' lang='lat' dir='ltr'>poterat</span> <span class='ocrx_word' id='word_1_123' title='bbox 808 2193 924 2275; x_wconf 89' lang='lat' dir='ltr'>rebus,</span> <span class='ocrx_word' id='word_1_124' title='bbox 944 2193 1096 2287; x_wconf 84' lang='lat' dir='ltr'>augebat.</span> 
     </span>
    </p>

    <p class='ocr_par' dir='ltr' id='par_1_4' title="bbox 253 2313 1253 2408">
     <span class='ocr_line' id='line_1_17' title="bbox 253 2313 1253 2408; baseline -0.001 -27"><span class='ocrx_word' id='word_1_125' title='bbox 253 2315 373 2382; x_wconf 87' lang='lat' dir='ltr'><strong>LVIII.</strong></span> <span class='ocrx_word' id='word_1_126' title='bbox 387 2315 505 2402; x_wconf 87' lang='lat' dir='ltr'>Quum</span> <span class='ocrx_word' id='word_1_127' title='bbox 518 2315 644 2407; x_wconf 86' lang='lat' dir='ltr'>majore</span> <span class='ocrx_word' id='word_1_128' title='bbox 653 2315 688 2380; x_wconf 92' lang='lat' dir='ltr'>in</span> <span class='ocrx_word' id='word_1_129' title='bbox 700 2314 769 2383; x_wconf 90' lang='lat' dir='ltr'>dies</span> <span class='ocrx_word' id='word_1_130' title='bbox 781 2317 1031 2408; x_wconf 88' lang='lat' dir='ltr'>contemptione</span> <span class='ocrx_word' id='word_1_131' title='bbox 1045 2313 1253 2382; x_wconf 87' lang='lat' dir='ltr'>Indutioma-</span> 
     </span>
    </p>
   </div>
   <div class='ocr_carea' id='block_1_3' title="bbox 202 2430 1253 2528">
    <p class='ocr_par' dir='ltr' id='par_1_5' title="bbox 202 2430 1253 2528">
     <span class='ocr_line' id='line_1_18' title="bbox 202 2430 1253 2528; baseline -0.001 -28"><span class='ocrx_word' id='word_1_132' title='bbox 202 2457 260 2502; x_wconf 92' lang='lat' dir='ltr'>rus</span> <span class='ocrx_word' id='word_1_133' title='bbox 276 2430 319 2500; x_wconf 91' lang='lat' dir='ltr'>ad</span> <span class='ocrx_word' id='word_1_134' title='bbox 335 2449 444 2502; x_wconf 87' lang='lat' dir='ltr'>castra</span> <span class='ocrx_word' id='word_1_135' title='bbox 461 2433 647 2524; x_wconf 89' lang='lat' dir='ltr'>accederet,</span> <span class='ocrx_word' id='word_1_136' title='bbox 664 2449 763 2504; x_wconf 86' lang='lat' dir='ltr'>nocte</span> <span class='ocrx_word' id='word_1_137' title='bbox 774 2461 855 2524; x_wconf 90' lang='lat' dir='ltr'>una,</span> <span class='ocrx_word' id='word_1_138' title='bbox 874 2437 1073 2505; x_wconf 89' lang='lat' dir='ltr'>intromissis</span> <span class='ocrx_word' id='word_1_139' title='bbox 1086 2435 1253 2528; x_wconf 90' lang='lat' dir='ltr'>equitibus</span> 
     </span>
    </p>
   </div>
   <div class='ocr_carea' id='block_1_4' title="bbox 199 2554 1254 4108">
    <p class='ocr_par' dir='ltr' id='par_1_6' title="bbox 199 2554 1254 4108">
     <span class='ocr_line' id='line_1_19' title="bbox 204 2554 1253 2649; baseline -0.003 -27"><span class='ocrx_word' id='word_1_140' title='bbox 204 2556 356 2624; x_wconf 90' lang='lat' dir='ltr'>omnium</span> <span class='ocrx_word' id='word_1_141' title='bbox 372 2554 592 2624; x_wconf 87' lang='lat' dir='ltr'>finitimarum</span> <span class='ocrx_word' id='word_1_142' title='bbox 613 2557 804 2643; x_wconf 85' lang='lat' dir='ltr'>civitatum,</span> <span class='ocrx_word' id='word_1_143' title='bbox 820 2581 904 2649; x_wconf 92' lang='lat' dir='ltr'>quos</span> <span class='ocrx_word' id='word_1_144' title='bbox 921 2555 1136 2626; x_wconf 86' lang='lat' dir='ltr'>arcessendos</span> <span class='ocrx_word' id='word_1_145' title='bbox 1156 2576 1253 2621; x_wconf 90' lang='lat' dir='ltr'>cura-</span> 
     </span>
     <span class='ocr_line' id='line_1_20' title="bbox 205 2674 1253 2770; baseline -0.001 -30"><span class='ocrx_word' id='word_1_146' title='bbox 205 2690 317 2760; x_wconf 85' lang='lat' dir='ltr'>verat,</span> <span class='ocrx_word' id='word_1_147' title='bbox 340 2689 431 2743; x_wconf 88' lang='lat' dir='ltr'>tanta</span> <span class='ocrx_word' id='word_1_148' title='bbox 448 2674 618 2770; x_wconf 84' lang='lat' dir='ltr'>diligentia</span> <span class='ocrx_word' id='word_1_149' title='bbox 635 2701 750 2746; x_wconf 89' lang='lat' dir='ltr'>omnes</span> <span class='ocrx_word' id='word_1_150' title='bbox 767 2701 844 2746; x_wconf 92' lang='lat' dir='ltr'>suos</span> <span class='ocrx_word' id='word_1_151' title='bbox 862 2677 1020 2745; x_wconf 89' lang='lat' dir='ltr'>custodiis</span> <span class='ocrx_word' id='word_1_152' title='bbox 1038 2677 1125 2743; x_wconf 90' lang='lat' dir='ltr'>intra</span> <span class='ocrx_word' id='word_1_153' title='bbox 1145 2686 1253 2741; x_wconf 89' lang='lat' dir='ltr'>castra</span> 
     </span>
     <span class='ocr_line' id='line_1_21' title="bbox 201 2794 1252 2884; baseline -0.002 -20"><span class='ocrx_word' id='word_1_154' title='bbox 201 2796 386 2881; x_wconf 88' lang='lat' dir='ltr'>continuit,</span> <span class='ocrx_word' id='word_1_155' title='bbox 402 2809 439 2863; x_wconf 91' lang='lat' dir='ltr'>ut</span> <span class='ocrx_word' id='word_1_156' title='bbox 456 2794 547 2865; x_wconf 88' lang='lat' dir='ltr'>nulia</span> <span class='ocrx_word' id='word_1_157' title='bbox 565 2799 693 2867; x_wconf 87' lang='lat' dir='ltr'>ratione</span> <span class='ocrx_word' id='word_1_158' title='bbox 711 2823 749 2867; x_wconf 91' lang='lat' dir='ltr'>ea</span> <span class='ocrx_word' id='word_1_159' title='bbox 766 2823 818 2867; x_wconf 88' lang='lat' dir='ltr'>res</span> <span class='ocrx_word' id='word_1_160' title='bbox 837 2798 1021 2884; x_wconf 88' lang='lat' dir='ltr'>enuntiari,</span> <span class='ocrx_word' id='word_1_161' title='bbox 1038 2808 1096 2864; x_wconf 87' lang='lat' dir='ltr'>aut</span> <span class='ocrx_word' id='word_1_162' title='bbox 1112 2794 1155 2863; x_wconf 88' lang='lat' dir='ltr'>ad</span> <span class='ocrx_word' id='word_1_163' title='bbox 1170 2795 1252 2862; x_wconf 87' lang='lat' dir='ltr'>Tre·</span> 
     </span>
     <span class='ocr_line' id='line_1_22' title="bbox 201 2904 1253 3011; baseline 0.004 -29"><span class='ocrx_word' id='word_1_164' title='bbox 201 2917 292 2986; x_wconf 88' lang='lat' dir='ltr'>viros</span> <span class='ocrx_word' id='word_1_165' title='bbox 305 2915 446 3010; x_wconf 86' lang='lat' dir='ltr'>perferri</span> <span class='ocrx_word' id='word_1_166' title='bbox 460 2932 579 3010; x_wconf 88' lang='lat' dir='ltr'>posset.</span> <span class='ocrx_word' id='word_1_167' title='bbox 598 2904 737 2992; x_wconf 73' lang='lat' dir='ltr'>Interim</span> <span class='ocrx_word' id='word_1_168' title='bbox 748 2944 791 2989; x_wconf 81' lang='lat' dir='ltr'>ex</span> <span class='ocrx_word' id='word_1_169' title='bbox 804 2916 1044 2988; x_wconf 87' lang='lat' dir='ltr'>consuetudine</span> <span class='ocrx_word' id='word_1_170' title='bbox 1056 2915 1253 3011; x_wconf 86' lang='lat' dir='ltr'>quotidiana</span> 
     </span>
     <span class='ocr_line' id='line_1_23' title="bbox 199 3039 1252 3135; baseline 0 -27"><span class='ocrx_word' id='word_1_171' title='bbox 199 3039 453 3110; x_wconf 86' lang='lat' dir='ltr'>Indutiomarus</span> <span class='ocrx_word' id='word_1_172' title='bbox 471 3040 514 3108; x_wconf 87' lang='lat' dir='ltr'>ad</span> <span class='ocrx_word' id='word_1_173' title='bbox 533 3056 640 3110; x_wconf 87' lang='lat' dir='ltr'>castra</span> <span class='ocrx_word' id='word_1_174' title='bbox 657 3041 802 3129; x_wconf 88' lang='lat' dir='ltr'>accedit,</span> <span class='ocrx_word' id='word_1_175' title='bbox 820 3056 921 3135; x_wconf 89' lang='lat' dir='ltr'>atque</span> <span class='ocrx_word' id='word_1_176' title='bbox 936 3041 982 3109; x_wconf 92' lang='lat' dir='ltr'>ibi</span> <span class='ocrx_word' id='word_1_177' title='bbox 1001 3065 1157 3135; x_wconf 81' lang='lat' dir='ltr'>magnam</span> <span class='ocrx_word' id='word_1_178' title='bbox 1174 3064 1252 3134; x_wconf 92' lang='lat' dir='ltr'>par·</span> 
     </span>
     <span class='ocr_line' id='line_1_24' title="bbox 202 3160 1252 3257; baseline -0.001 -26"><span class='ocrx_word' id='word_1_179' title='bbox 202 3178 270 3231; x_wconf 88' lang='lat' dir='ltr'>tem</span> <span class='ocrx_word' id='word_1_180' title='bbox 288 3160 353 3230; x_wconf 91' lang='lat' dir='ltr'>diei</span> <span class='ocrx_word' id='word_1_181' title='bbox 364 3164 532 3231; x_wconf 88' lang='lat' dir='ltr'>consumit</span> <span class='ocrx_word' id='word_1_182' title='bbox 543 3189 551 3230; x_wconf 92' lang='lat'>:</span> <span class='ocrx_word' id='word_1_183' title='bbox 563 3165 690 3257; x_wconf 89' lang='lat' dir='ltr'>equites</span> <span class='ocrx_word' id='word_1_184' title='bbox 707 3162 771 3232; x_wconf 84' lang='lat' dir='ltr'>teia</span> <span class='ocrx_word' id='word_1_185' title='bbox 782 3164 981 3256; x_wconf 87' lang='lat' dir='ltr'>conjiciunt,</span> <span class='ocrx_word' id='word_1_186' title='bbox 997 3177 1031 3230; x_wconf 89' lang='lat' dir='ltr'>et</span> <span class='ocrx_word' id='word_1_187' title='bbox 1043 3186 1252 3257; x_wconf 83' lang='lat' dir='ltr'>magnacum</span> 
     </span>
     <span class='ocr_line' id='line_1_25' title="bbox 203 3279 1253 3380; baseline -0.002 -27"><span class='ocrx_word' id='word_1_188' title='bbox 203 3281 406 3354; x_wconf 89' lang='lat' dir='ltr'>contumelia</span> <span class='ocrx_word' id='word_1_189' title='bbox 417 3284 598 3353; x_wconf 80' lang='lat' dir='ltr'>verborum</span> <span class='ocrx_word' id='word_1_190' title='bbox 615 3299 745 3354; x_wconf 89' lang='lat' dir='ltr'>nostros</span> <span class='ocrx_word' id='word_1_191' title='bbox 757 3284 800 3353; x_wconf 90' lang='lat' dir='ltr'>ad</span> <span class='ocrx_word' id='word_1_192' title='bbox 812 3309 961 3380; x_wconf 83' lang='lat' dir='ltr'>pugnam</span> <span class='ocrx_word' id='word_1_193' title='bbox 978 3298 1130 3358; x_wconf 79' lang='lat' dir='ltr'>evocant.</span> <span class='ocrx_word' id='word_1_194' title='bbox 1148 3279 1253 3354; x_wconf 85' lang='lat' dir='ltr'>Nullo</span> 
     </span>
     <span class='ocr_line' id='line_1_26' title="bbox 201 3403 1252 3500; baseline 0.002 -28"><span class='ocrx_word' id='word_1_195' title='bbox 201 3405 245 3473; x_wconf 88' lang='lat' dir='ltr'>ab</span> <span class='ocrx_word' id='word_1_196' title='bbox 265 3405 388 3474; x_wconf 91' lang='lat' dir='ltr'>nostris</span> <span class='ocrx_word' id='word_1_197' title='bbox 407 3403 486 3474; x_wconf 84' lang='lat' dir='ltr'>dato</span> <span class='ocrx_word' id='word_1_198' title='bbox 505 3429 684 3500; x_wconf 87' lang='lat' dir='ltr'>responso,</span> <span class='ocrx_word' id='word_1_199' title='bbox 705 3406 764 3474; x_wconf 91' lang='lat' dir='ltr'>ubi</span> <span class='ocrx_word' id='word_1_200' title='bbox 781 3408 890 3476; x_wconf 90' lang='lat' dir='ltr'>visum</span> <span class='ocrx_word' id='word_1_201' title='bbox 908 3421 976 3494; x_wconf 89' lang='lat' dir='ltr'>est,</span> <span class='ocrx_word' id='word_1_202' title='bbox 995 3407 1056 3476; x_wconf 92' lang='lat' dir='ltr'>sub</span> <span class='ocrx_word' id='word_1_203' title='bbox 1075 3427 1252 3498; x_wconf 89' lang='lat' dir='ltr'>vesperum</span> 
     </span>
     <span class='ocr_line' id='line_1_27' title="bbox 202 3523 1253 3621; baseline -0.002 -27"><span class='ocrx_word' id='word_1_204' title='bbox 202 3526 341 3621; x_wconf 86' lang='lat' dir='ltr'>dispersi</span> <span class='ocrx_word' id='word_1_205' title='bbox 363 3551 401 3594; x_wconf 89' lang='lat' dir='ltr'>ac</span> <span class='ocrx_word' id='word_1_206' title='bbox 417 3523 569 3621; x_wconf 90' lang='lat' dir='ltr'>dissipati</span> <span class='ocrx_word' id='word_1_207' title='bbox 590 3525 775 3596; x_wconf 87' lang='lat' dir='ltr'>discedunt.</span> <span class='ocrx_word' id='word_1_208' title='bbox 797 3528 914 3596; x_wconf 92' lang='lat' dir='ltr'>Subito</span> <span class='ocrx_word' id='word_1_209' title='bbox 934 3527 1102 3596; x_wconf 86' lang='lat' dir='ltr'>Labienus</span> <span class='ocrx_word' id='word_1_210' title='bbox 1123 3524 1253 3593; x_wconf 87' lang='lat' dir='ltr'>duabus</span> 
     </span>
     <span class='ocr_line' id='line_1_28' title="bbox 203 3644 1252 3744; baseline -0.004 -29"><span class='ocrx_word' id='word_1_211' title='bbox 203 3647 309 3740; x_wconf 89' lang='lat' dir='ltr'>portis</span> <span class='ocrx_word' id='word_1_212' title='bbox 327 3672 463 3744; x_wconf 85' lang='lat' dir='ltr'>omnem</span> <span class='ocrx_word' id='word_1_213' title='bbox 479 3649 666 3742; x_wconf 88' lang='lat' dir='ltr'>equitatum</span> <span class='ocrx_word' id='word_1_214' title='bbox 683 3651 822 3735; x_wconf 89' lang='lat' dir='ltr'>emittit;</span> <span class='ocrx_word' id='word_1_215' title='bbox 837 3650 987 3742; x_wconf 75' lang='lat' dir='ltr'>precipit</span> <span class='ocrx_word' id='word_1_216' title='bbox 1002 3663 1103 3742; x_wconf 90' lang='lat' dir='ltr'>atque</span> <span class='ocrx_word' id='word_1_217' title='bbox 1120 3644 1252 3716; x_wconf 86' lang='lat' dir='ltr'>interdi-</span> 
     </span>
     <span class='ocr_line' id='line_1_29' title="bbox 202 3769 1253 3870; baseline 0.003 -33"><span class='ocrx_word' id='word_1_218' title='bbox 202 3770 263 3858; x_wconf 90' lang='lat' dir='ltr'>cit,</span> <span class='ocrx_word' id='word_1_219' title='bbox 284 3770 473 3863; x_wconf 88' lang='lat' dir='ltr'>proterritis</span> <span class='ocrx_word' id='word_1_220' title='bbox 493 3770 644 3840; x_wconf 89' lang='lat' dir='ltr'>hostibus</span> <span class='ocrx_word' id='word_1_221' title='bbox 661 3786 761 3862; x_wconf 88' lang='lat' dir='ltr'>atque</span> <span class='ocrx_word' id='word_1_222' title='bbox 779 3773 815 3839; x_wconf 92' lang='lat' dir='ltr'>in</span> <span class='ocrx_word' id='word_1_223' title='bbox 834 3770 947 3865; x_wconf 84' lang='lat' dir='ltr'>fugam</span> <span class='ocrx_word' id='word_1_224' title='bbox 968 3769 1126 3865; x_wconf 84' lang='lat' dir='ltr'>conjectis</span> <span class='ocrx_word' id='word_1_225' title='bbox 1144 3770 1253 3870; x_wconf 90' lang='lat' dir='ltr'>(quod</span> 
     </span>
     <span class='ocr_line' id='line_1_30' title="bbox 202 3885 1254 3986; baseline 0.001 -27"><span class='ocrx_word' id='word_1_226' title='bbox 202 3889 293 3976; x_wconf 85' lang='lat' dir='ltr'>fore,</span> <span class='ocrx_word' id='word_1_227' title='bbox 311 3894 398 3961; x_wconf 90' lang='lat' dir='ltr'>sicut</span> <span class='ocrx_word' id='word_1_228' title='bbox 415 3889 550 3977; x_wconf 91' lang='lat' dir='ltr'>accidit,</span> <span class='ocrx_word' id='word_1_229' title='bbox 571 3890 741 3983; x_wconf 83' lang='lat' dir='ltr'>videbat),</span> <span class='ocrx_word' id='word_1_230' title='bbox 764 3917 868 3961; x_wconf 92' lang='lat' dir='ltr'>unum</span> <span class='ocrx_word' id='word_1_231' title='bbox 886 3917 1000 3961; x_wconf 90' lang='lat' dir='ltr'>omnes</span> <span class='ocrx_word' id='word_1_232' title='bbox 1017 3907 1134 3986; x_wconf 86' lang='lat' dir='ltr'>petant</span> <span class='ocrx_word' id='word_1_233' title='bbox 1151 3885 1254 3963; x_wconf 89' lang='lat' dir='ltr'>Indu-</span> 
     </span>
     <span class='ocr_line' id='line_1_31' title="bbox 204 4011 1253 4108; baseline 0.006 -29"><span class='ocrx_word' id='word_1_234' title='bbox 204 4011 401 4101; x_wconf 71' lang='lat' dir='ltr'>tiomarum,</span> <span class='ocrx_word' id='word_1_235' title='bbox 427 4035 490 4080; x_wconf 89' lang='lat' dir='ltr'>neu</span> <span class='ocrx_word' id='word_1_236' title='bbox 512 4013 586 4104; x_wconf 89' lang='lat' dir='ltr'>quis</span> <span class='ocrx_word' id='word_1_237' title='bbox 603 4037 703 4107; x_wconf 89' lang='lat' dir='ltr'>quem</span> <span class='ocrx_word' id='word_1_238' title='bbox 727 4016 820 4108; x_wconf 90' lang='lat' dir='ltr'>prius</span> <span class='ocrx_word' id='word_1_239' title='bbox 841 4014 1011 4105; x_wconf 89' lang='lat' dir='ltr'>vulneret,</span> <span class='ocrx_word' id='word_1_240' title='bbox 1030 4041 1131 4108; x_wconf 83' lang='lat' dir='ltr'>quam</span> <span class='ocrx_word' id='word_1_241' title='bbox 1158 4014 1253 4085; x_wconf 91' lang='lat' dir='ltr'>iilum</span> 
     </span>
    </p>
   </div>
   <div class='ocr_carea' id='block_1_5' title="bbox 0 0 1518 4768">
    <p class='ocr_par' dir='ltr' id='par_1_7' title="bbox 0 0 1518 4768">
     <span class='ocr_line' id='line_1_32' title="bbox 0 0 1518 4768; baseline 0 2"><span class='ocrx_word' id='word_1_242' title='bbox 0 0 1518 4768; x_wconf 95' lang='lat' dir='ltr'> </span> 
     </span>
    </p>
   </div>
  </div>
 </body>
</html>
