3062 4766
276 342 332 380 aaa
432 320 463 374 C.
486 318 586 374 JULll
606 317 769 372 CAESARIS
790 309 1165 372 COMMENTARIORUM

275 448 373 516 titum
398 454 516 510 contra
536 443 716 528 Carnutes,
738 463 822 532 quos
846 433 998 506 intulisse
1016 421 1140 504 bellum
1163 431 1225 500 sibi
1245 455 1324 525 que·

275 565 443 634 rebantur.
463 563 598 652 Quare
618 559 767 654 cognita,
788 581 894 652 quum
917 580 985 624 non
1004 551 1147 646 amplius
1165 578 1187 620 x
1208 555 1245 620 et
1259 575 1323 620 vni

275 683 344 752 dies
360 685 394 752 in
410 681 558 751 hibernis
574 693 658 748 esset
674 693 917 762 commoratus,
937 675 1085 769 legiones
1100 698 1159 742 xiv
1179 689 1213 742 et
1232 697 1267 742 vt
1284 698 1324 742 ex

275 804 423 874 hibernis
443 803 484 870 ab
502 805 606 870 Arare
628 798 755 888 educit3
774 822 856 891 quas
876 798 923 881 ibi
941 794 1136 881 collocatas,
1154 793 1324 888 explican-

276 924 325 994 dae
348 925 396 992 rei
418 921 644 990 frumentariae
670 943 784 1006 causa,
805 920 978 1012 superiore
1003 917 1244 985 commentario
1267 913 1325 982 de-

276 1055 499 1115 monstratum
523 1056 582 1110 est.
610 1043 660 1108 Ita
686 1063 763 1106 cum
785 1038 914 1106 duabus
936 1036 1123 1132 legionibus
1149 1034 1191 1103 ad
1215 1059 1325 1129 perse·

251 1163 427 1259 ·quendos
445 1164 609 1232 Carnutes
629 1159 860 1254 proficiscitur.

320 1287 366 1355 V.
397 1285 513 1372 Quum
546 1281 635 1350 fama
663 1281 826 1349 exercitus
855 1278 897 1347 ad
929 1279 1041 1348 hostes
1071 1293 1157 1348 esset
1183 1275 1325 1371 perlata,

276 1403 463 1476 calamitate
483 1416 672 1470 ceterorum
692 1400 783 1468 ducti
800 1401 984 1488 Carnutes,
1006 1398 1143 1468 desertis
1167 1399 1247 1467 vicis
1265 1421 1327 1491 op·

277 1526 427 1621 pidisqne
452 1519 734 1616 quae,tolerandae
762 1520 880 1588 hiemis
910 1544 1025 1605 causa,
1054 1519 1245 1588 constitutis
1275 1543 1325 1585 re·

277 1661 378 1742 pente
398 1644 525 1738 exiguis
542 1641 585 1710 ad
604 1640 833 1710 necessitatem
850 1639 1014 1727 aedificiis,
1033 1638 1224 1709 incolebant
1245 1636 1326 1732 (nu-

278 1793 338 1861 per
355 1766 444 1834 enim
465 1761 585 1832 devicti
607 1759 781 1853 complura
798 1760 921 1854 oppida
939 1759 1168 1851 dimiserant),
1184 1758 1324 1853 dispersi

279 1883 486 1977 profugiunt.
501 1884 629 1966 Caesar,
643 1894 856 1973 erumpentes
868 1904 909 1949 eo
922 1881 1066 1950 maxime
1080 1893 1231 1974 tempore
1242 1903 1328 1949 acer·

278 2005 379 2069 rimas
398 2015 610 2092 tempestates
626 2023 731 2093 quum
751 1999 862 2068 subire
877 1998 999 2070 milites
1016 1998 1135 2085 nollet,
1151 2001 1186 2068 in
1203 1996 1328 2094 oppido

278 2120 467 2188 Carnutum
488 2121 628 2189 Genabo
652 2127 759 2190 castra
784 2121 895 2214 ponit,
916 2135 1016 2213 atque
1040 2121 1075 2188 in
1096 2134 1182 2190 tecta
1205 2120 1326 2213 partim

277 2237 472 2337 Gallorum,
500 2241 622 2333 partim
652 2264 742 2340 quta,
767 2240 925 2333 conjectis
956 2238 1108 2308 celeriter
1136 2240 1327 2308 stramentis

278 2360 502 2429 tentoriorum
517 2359 771 2455 integendorum
790 2361 909 2454 gratia,
925 2374 1021 2427 erant
1037 2357 1249 2444 inaedificata,
1267 2361 1330 2429 mi·

278 2481 353 2551 lites
377 2483 537 2576 contegit.
563 2482 703 2574 Equites
729 2496 841 2549 tamen
868 2496 903 2550 et
927 2478 1118 2550 auxiliarios
1141 2479 1268 2575 pedites
1293 2481 1327 2550 in

278 2627 394 2674 omnes
415 2617 525 2696 partes
545 2603 650 2671 mittit
669 2625 885 2695 quascunque
901 2604 1021 2695 petisse
1038 2602 1235 2672 dicebantur
1254 2604 1330 2672 hos·
1441 2641 1450 2662 x

279 2739 336 2792 tes.
367 2723 437 2792 Nec
461 2721 604 2822 ffflfflffl
631 2745 707 2790 nam
729 2720 928 2815 plerumque
953 2747 1073 2818 magna
1097 2723 1208 2817 praeda
1229 2725 1328 2818 potiti
1358 2714 1361 2724 ’

279 2844 387 2913 nostri
410 2839 637 2912 revertuntur.
666 2843 826 2936 Oppressi
849 2845 1017 2912 Carnutes
1041 2844 1159 2912 hiemis
1184 2842 1329 2914 difficul-

280 2978 361 3048 tate,
373 2979 502 3032 terrore
515 2961 671 3056 periculi,
688 2986 792 3055 quum
805 2965 901 3033 tectis
916 2962 1045 3058 expulsi
1059 2963 1153 3034 nullo
1170 2962 1243 3034 loco
1259 2962 1330 3032 diu·

280 3082 347 3150 tius
364 3083 544 3178 consistere
560 3081 737 3168 auderent,
759 3107 820 3150 nec
837 3080 995 3151 silvarum
1016 3084 1169 3177 praesidio
1186 3099 1329 3180 tempes-

281 3202 404 3270 tatibus
436 3201 624 3274 durissimis
648 3204 715 3298 tegi
743 3217 891 3296 possent,
913 3203 1073 3297 dispersi,
1094 3230 1213 3301 magna
1235 3222 1329 3301 parte

281 3323 398 3392 amima
412 3345 563 3409 suorum,
580 3322 782 3416 dissipantur
795 3325 829 3392 in
847 3323 1006 3394 finitimas
1023 3324 1184 3404 civitates.

328 3445 387 3516 VI.
406 3446 516 3514 Cesar
534 3457 683 3536 tempore
700 3445 778 3512 anni
794 3437 992 3514 difficillimo
1009 3471 1113 3538 quum
1133 3449 1213 3516 satis
1228 3447 1330 3516 habe·

282 3579 333 3633 ret
355 3563 591 3638 convenientes
614 3585 732 3632 manus
746 3563 920 3658 dissipare,
937 3565 1084 3659 nequod
1101 3565 1234 3636 initium
1251 3566 1330 3636 belli

282 3698 489 3769 nasceretur,
515 3697 745 3776 quantumque
773 3686 808 3753 in
836 3685 967 3754 ratione
993 3702 1094 3772 esset,
1120 3687 1329 3782 exploratum

278 3805 417 3888 ,haberet
436 3804 497 3872 sub
520 3818 650 3898 tempus
669 3807 859 3875 aestivorum
873 3803 1005 3874 nullum
1019 3831 1188 3876 summum
1205 3807 1331 3888 bellum

284 3948 379 4019 posse
403 3924 555 4018 conflari,
583 3929 621 3995 C.
643 3926 863 4016 Trebonium,
883 3953 961 3997 cum
987 3951 1012 3998 11
1041 3927 1227 4024 legionibus
1249 3955 1331 4025 quas
