3020 4768
264 408 320 469 ²74
576 391 754 448 Nomen
775 389 926 444 LIBRUM
946 387 1004 443 VII

262 513 382 569 dubium
395 522 437 568 est
451 510 533 585 quin,
546 520 613 581 post
625 508 769 574 lenonie,
784 506 917 560 Aulercis·
926 503 1134 574 Eburovicibus,
1147 503 1194 559 hic
1207 505 1309 577 legen-

262 606 330 662 dum
348 603 397 674 sit,
413 623 477 658 cum
489 601 626 670 Cellario,
639 599 710 656 sicut
727 597 830 673 legitur
844 614 943 670 supra,
960 615 1019 665 ιιι,
1040 615 1089 666 17,
1104 598 1219 652 Aulerci
1229 599 1310 652 Ebu-

262 698 382 766 mvices,·
393 707 460 752 ante
477 696 600 752 Lexovii.
621 695 692 748 Tres
706 690 809 766 populi
825 690 903 764 apud
917 691 1055 746 Caesarem
1072 691 1185 770 Aulerci
1199 708 1316 764 cogno-·

263 789 420 858 minantur,
437 788 607 854 Cenomani,
628 784 816 840 Brarmovices
831 783 878 838 vel
893 781 1059 849 annovii,
1083 791 1112 838 et
1129 781 1308 850 Eburovices,

262 899 323 936 non
340 891 434 936 autem
449 879 606 946 Eburones,
627 877 677 951 qui
689 877 727 931 ab
739 873 948 930 Eburovicibus
962 872 1011 928 alii
1024 884 1090 928 sunt
1104 884 1133 929 et
1147 875 1233 947 longe
1249 874 1309 930 die-

262 973 323 1042 siti;
336 983 373 1052 'et
389 991 528 1047 nusquam
550 969 620 1025 alibi
638 971 734 1044 plures
751 965 946 1040 reperiuntur,
964 965 1089 1039 exceptis
1102 964 1309 1035 Diablintibus,

262 1065 312 1138 qui
325 1066 380 1121 hoc
396 1065 568 1140 cognomine
585 1062 796 1136 distinguuntur
809 1059 887 1134 apud
899 1060 1094 1129 Ptolemaeum,
1103 1057 1177 1114 iorte
1190 1059 1269 1134 quod
1278 1059 1308 1114 in

262 1157 393 1214 clientela
406 1158 635 1214 Cenomanorum
647 1165 736 1212 erant.

304 1289 424 1343 Caletes.
439 1287 556 1343 «Nostri
569 1285 680 1342 codices
694 1285 801 1339 habent
810 1283 944 1362 caderes,
954 1294 982 1340 et
993 1283 1128 1357 permulti
1140 1283 1203 1355 alii;
1212 1284 1308 1360 etipse

263 1379 412 1436 D’Anville
432 1376 513 1455 (Not.
529 1381 566 1435 de
579 1381 610 1434 la
625 1379 731 1443 Gaule,
747 1397 776 1452 p.
795 1374 865 1454 ¹9²)
879 1395 940 1434 non
952 1376 1039 1432 audet
1051 1376 1168 1450 rejicere
1181 1377 1237 1433 hoc
1251 1396 1310 1432 no·-

263 1492 343 1541 men,
360 1491 521 1547 quenquam
539 1472 588 1546 qui
605 1471 662 1526 sint
683 1470 803 1526 Cadetes
815 1489 845 1526 se
864 1469 997 1544 ignorare
1009 1469 1186 1544 profitentur.
1203 1470 1309 1540 Iidem,

263 1565 302 1619 ait
316 1564 425 1638 optime
441 1567 476 1620 D.
496 1565 664 1634 Aehaintre,
675 1563 746 1618 mibi
756 1562 891 1619 'videntur
907 1563 957 1636 qui
975 1562 1085 1618 Caletes
1097 1581 1182 1637 supra
1199 1581 1308 1619 memo-

262 1656 316 1711 rati
336 1653 455 1732 (nempe
476 1675 518 1727 ιι,
536 1666 566 1727 4,
587 1669 615 1713 et
630 1657 704 1713 inim
724 1677 798 1726 vua,
813 1677 844 1728 7,
857 1657 965 1731 pariter
983 1665 1048 1710 ante
1064 1655 1255 1724 Vellocasses‚
1273 1655 1308 1711 iis

263 1748 480 1826 conterminos).
493 1775 505 1800 ν
523 1751 642 1806 Cadetes
655 1752 746 1819 enim,
762 1751 815 1828 sub
828 1751 884 1806 boc
897 1750 1014 1805 nomine
1028 1759 1177 1822 coempto,
1191 1749 1262 1804 sicut
1279 1760 1308 1804 et

264 1842 389 1908 Caletes,
404 1843 479 1898 inter
492 1843 618 1900 civitates
631 1845 785 1899 armoricae
802 1853 1000 1912 numerantur,
1014 1852 1112 1898 etune
1128 1841 1222 1897 littera
1239 1851 1306 1896 tan-

262 1947 322 1990 tum
338 1936 482 1993 differunt.
501 1939 596 1993 Unum
620 1938 707 2010 igitiu
725 1936 831 1992 faciunt
847 1937 984 2012 populum
1000 1934 1077 2009 cujus
1095 1953 1199 1990 nomen
1215 1935 1308 1991 adhuc

262 2039 355 2083 servat
373 2046 462 2102 pegus
478 2030 578 2103 gallice
598 2029 689 2086 dictus
707 2031 733 2086 le
749 2048 818 2104 pays
832 2029 869 2085 de
892 2030 982 2086 Coun.
1003 2030 1080 2102 Ergo
1092 2026 1247 2100 rejicienda
1265 2039 1307 2084 est

262 2121 471 2196 supervacanea
481 2122 565 2178 lectio
574 2123 702 2191 cadens,
713 2143 774 2197 quse
785 2122 832 2179 hic
841 2133 950 2178 tantum
960 2122 991 2177 in
1004 2119 1150 2178 codicibus
1157 2121 1305 2194 reperitur.

303 2267 468 2322 Leneooe'ees.
483 2267 548 2326 Haec
565 2285 623 2322 vox
639 2266 702 2339 jure
715 2250 849 2343 'suspecta
866 2259 1046 2342 quibusdem,
1067 2268 1132 2342 quin
1146 2267 1207 2340 jam
1221 2287 1307 2342 supra

263 2360 434 2428 Lemovices,
448 2359 480 2415 id
493 2372 547 2430 est,
560 2361 601 2416 les
614 2362 786 2430 Lmromins,
796 2371 1002 2430 memorantur,
1016 2379 1068 2417 nec
1081 2361 1216 2418 maritimi
1228 2372 1308 2431 emt,
1351 2365 1353 2368 ’

262 2455 312 2510 sed
333 2455 371 2512 ab
393 2454 508 2509 Oceano
532 2453 720 2512 remotissimi.
745 2454 819 2510 Had.
838 2453 966 2510 Valesius
987 2454 1131 2528 vulgatam
1155 2454 1307 2510 lectionem

261 2548 334 2602 male
347 2547 463 2615 retinet,
476 2565 560 2620 quam
572 2545 795 2621 antiquissimam
810 2565 869 2606 esse
884 2547 1002 2621 prohat3
1017 2557 1154 2620 putatque
1173 2548 1306 2604 Lemovi-

261 2659 307 2695 ces
328 2638 520 2695 armoricauos
540 2649 650 2713 partem
667 2658 727 2696 esse
749 2638 951 2710 Osismiorum,
975 2639 1025 2712 qui
1048 2658 1128 2695 nunc
1146 2643 1306 2696 leonemee

261 2743 415 2800 vocantur,
428 2749 549 2805 quorum
565 2731 703 2806 oppidmn
717 2732 908 2789 Sancti-Pauli
918 2733 1028 2803 fanum,
1041 2734 1168 2789 St-Paui
1174 2735 1210 2789 de
1218 2737 1303 2789 Le'on

261 2825 399 2880 Nonnulli
412 2823 461 2879 alii
473 2835 589 2882 censent
601 2844 716 2900 quoque
728 2826 781 2881 hos
793 2825 957 2883 Lemovices
971 2845 988 2882 a
1001 2826 1200 2883 lemovicibus
1219 2829 1304 2901 equi-

261 2916 334 2972 tanis
351 2916 567 2991 distinguendos
580 2937 654 2987 esse,
668 2929 696 2973 et
712 2928 820 2992 partem
834 2918 1021 2976 Osismiorum
1037 2937 1098 2974 non
1116 2930 1304 2976 contemnen-

262 3008 335 3062 dam.
355 3011 385 3064 P.
403 3009 569 3067 Ciacconius
590 3022 619 3067 et
635 3012 681 3069 Jo.
699 3011 825 3086 Scaliger
844 3011 1021 3069 contendunt
1042 3029 1169 3070 errorem
1188 3032 1248 3070 esse
1263 3015 1304 3070 in

261 3110 352 3170 textu,
365 3112 394 3156 et
406 3121 505 3158 vocem
528 3106 682 3161 Lemovices
698 3104 850 3162 delendam
861 3125 935 3176 esse,
948 3103 1037 3162 veluti
1054 3125 1304 3181 supervacaneam

261 3202 289 3248 et
309 3193 402 3266 reipsa
419 3196 525 3265 nullus,
543 3216 595 3253 nec
609 3198 727 3268 Strabo,
747 3217 799 3254 nec
818 3199 997 3268 Ptolemaeus,
1015 3219 1067 3257 nec
1082 3203 1239 3276 geographi
1256 3221 1305 3258 ve-

261 3297 349 3355 teres,
362 3286 398 3342 de
416 3288 613 3344 Lemovioibus
627 3291 772 3349 armoricis
786 3291 873 3346 locuti
886 3302 959 3347 suut.
974 3293 1057 3365 «Ego
1074 3312 1159 3365 vero,
1179 3295 1219 3352 eit
1236 3314 1303 3359 eru-

260 3379 335 3436 ditus
354 3380 518 3450 Acbeintre,
536 3400 601 3436 cum
622 3385 768 3440 nonnullis
790 3384 858 3440 viris
882 3385 973 3442 doctis
993 3385 1069 3441 inter
1088 3406 1159 3460 quos
1183 3388 1304 3444 Vinctus

260 3475 466 3544 numerandus,
488 3493 547 3530 non
567 3476 652 3550 longe
678 3478 806 3534 abessem
829 3478 898 3553 quin
922 3496 977 3552 pro
1001 3481 1159 3537 lemovices
1181 3484 1303 3556 legerem

259 3568 422 3624 Leonica.»
442 3568 516 3624 Mihi
534 3569 647 3625 videtur
665 3590 718 3628 nec
739 3569 902 3628 Lemovices
922 3591 982 3630 esse
1002 3575 1195 3634 armoricanos
1211 3597 1227 3633 a
1244 3579 1303 3634 Le-

259 3659 416 3718 movicibus
432 3661 572 3735 aquitanis
589 3661 901 3735 alios5nec1aeonices,
918 3684 1025 3722 nomen
1041 3667 1195 3724 barbarum
1208 3682 1237 3727 et
1248 3689 1301 3727 ve-

260 3752 365 3808 teribus
383 3754 526 3826 ignotum,
546 3772 600 3827 pro
613 3757 769 3812 lemovices
787 3757 953 3832 legendum
969 3777 1022 3814 nec
1034 3759 1151 3816 tandem
1160 3763 1215 3818 hoc
1232 3764 1300 3819 ulti-

258 3865 335 3901 mum
348 3837 630 3903 nomen'delendum.
645 3850 679 3902 In
693 3850 749 3904 hoc
763 3851 827 3906 loco
843 3869 984 3924 reponere
1000 3853 1091 3908 ausim
1111 3857 1158 3910 vel
1180 3857 1299 3925 Sesami,

257 3938 306 4009 qni
319 3937 407 3994 iidem
426 3950 491 3994 sunt
501 3960 534 3996 ac
548 3939 677 4007 Eusubii,
691 3942 738 3996 vel
756 3941 884 4011 Eusebii,
900 3963 943 4014 ιι,
957 3943 1048 4014 34,ἰιι
1062 3946 1222 4004 civitatibus
1238 3969 1301 4005 ma-

259 4030 361 4085 ritimis
384 4032 532 4104 recensiti,
558 4035 686 4108 quamvis
711 4035 856 4092 Oceanum
881 4056 940 4094 non
971 4039 1124 4114 attingant,
1140 4042 1186 4096 vel
1201 4042 1300 4099 melius
