3068 4772
478 442 528 499 nn
549 441 671 498 amno
692 439 979 500 umanum.
1147 413 1152 422 ’
1184 445 1237 518 187

168 561 178 572 ’
214 585 284 639 tum
301 581 410 638 autem
425 589 557 638 omnem
571 565 614 635 ab
630 563 785 636 lateribus
797 578 887 634 extra
899 564 1019 636 lostam
1033 564 1236 638 collocabat:

213 688 271 781 qui
289 709 396 779 neque
416 682 511 756 aliter
528 681 617 754 utilis
632 707 702 756 esse
717 696 866 780 poterat,
886 697 919 752 et
939 681 1082 756 multum
1100 708 1239 756 numero

213 805 521 874 antenatnostrum
538 803 732 900 equitatum.
1242 809 1244 814 ·

262 925 419 994 xxxlx„
444 923 610 993 Domitius
635 935 757 1008 autem,
775 945 878 1016 quum
896 921 1034 994 canis
1049 923 1152 1018 magis
1178 945 1237 1017 pe·

212 1040 337 1128 riculo,
354 1065 454 1134 quam
472 1063 552 1128 suo,
571 1055 850 1128 commoveretur,
867 1063 973 1134 neque
985 1063 1020 1111 se
1032 1055 1106 1112 tuto
1120 1040 1239 1112 disces·

213 1185 328 1231 surum
344 1160 578 1245 arbitraretur,
594 1159 620 1228 si
635 1157 838 1229 conditiones
848 1208 862 1261 ,γ
871 1183 953 1253 quas
968 1159 1146 1253 rejecerat,
1162 1185 1238 1230 rur·

212 1303 268 1348 sus
288 1293 469 1372 appeteret,
488 1291 546 1348 aut
564 1277 635 1348 sine
651 1299 751 1348 causa
768 1275 964 1364 discederet,
983 1301 1024 1347 ex
1044 1280 1239 1374 propinquis

212 1397 325 1468 castris
348 1397 381 1464 in
399 1397 502 1504 aciem
519 1397 697 1468 exercitum
725 1393 857 1483 eduxit3
876 1419 981 1467 xxxva
1011 1394 1175 1492 legionem
1204 1401 1238 1468 in

213 1515 329 1584 dextro
347 1539 451 1586 cornu
471 1514 658 1604 collocavit,
676 1515 845 1585 Ponticam
862 1515 898 1585 in
914 1515 1046 1586 sinistro
1064 1541 1072 1583 ε
1089 1517 1239 1610 Dejotari

212 1629 356 1728 legiones
370 1635 404 1704 in
418 1632 560 1704 mediam
571 1635 672 1704 aciem
687 1631 845 1723 contulit,
858 1633 979 1726 quibus
993 1648 1100 1704 tamen
1114 1659 1237 1730 angus·

212 1753 373 1822 tissimum
391 1752 508 1822 frontis
527 1751 662 1846 reliquit
680 1750 911 1840 intervallum,
928 1750 1064 1846 reliquis
1089 1753 1237 1824 cohorti·

212 1871 274 1942 bus
293 1873 327 1941 in
345 1872 496 1942 subsidiis
514 1869 692 1943 collocatis.
719 1871 773 1942 Sic
796 1857 952 1966 utrinque
969 1873 1039 1942 acie
1055 1871 1237 1963 instructu,

213 2015 404 2086 processum
419 1991 525 2061 estad
542 1991 773 2062 dimicandum.

259 2113 330 2179 XL
357 2113 459 2206 Signo
476 2111 538 2181 suh
562 2110 649 2180 idem
666 2126 795 2206 tempus
815 2111 857 2182 ab
874 2126 1015 2207 utroque
1034 2109 1132 2197 dato,
1158 2137 1239 2182 con·

213 2230 358 2299 curritur
377 2253 386 2298 t
408 2231 526 2300 acriter
543 2231 883 2325 uariequepugnstur
901 2255 910 2300 ε
931 2255 1007 2318 ruam
1026 2255 1131 2302 xxxva
1152 2229 1239 2326 legio

212 2372 314 2440 quum
328 2363 420 2418 extra
437 2348 557 2420 fossam
572 2351 606 2419 in
621 2352 803 2444 equitatum
816 2351 903 2446 regis
918 2351 1076 2446 impetum
1093 2350 1239 2440 fecisset,

212 2465 293 2536 adeo
310 2467 488 2539 secundum
505 2468 657 2564 proelium
676 2469 770 2556 fecit,
791 2481 829 2536 ut
848 2469 1010 2539 moenibus
1031 2468 1145 2564 oppidi
1166 2493 1239 2539 suc·

211 2585 360 2674 cederet,
374 2587 557 2680 fossamque
568 2588 743 2674 transiret,
755 2609 950 2680 avemosque
962 2587 1072 2656 hostes
1086 2587 1239 2685 aggrede-

211 2717 314 2774 retur.
333 2708 376 2774 Αἰ
391 2707 523 2797 pontica
538 2728 577 2774 ex
593 2703 694 2773 altera
711 2717 803 2798 parte
823 2703 926 2798 legio,
950 2727 1052 2797 quum
1067 2704 1238 2799 paululum

211 2847 325 2890 aversa
343 2821 491 2891 hostibus
508 2824 673 2908 cessisset,
693 2823 813 2892 fossam
833 2834 941 2893 autem
963 2825 1135 2892 circumire
1153 2825 1239 2894 acies

211 2939 355 3008 secundo
369 2953 487 3010 conatu
503 2954 606 3025 esset,
621 2955 659 3009 ut
672 2955 785 3036 aperto
800 2939 902 3012 latere
917 2941 1149 3038 aggrederetur
1168 2942 1241 3012 hos·

211 3071 298 3145 tem,
317 3059 350 3126 iu
367 3059 438 3150 ipso
454 3059 593 3130 transitu
611 3057 704 3128 fossae
720 3059 849 3130 confixa
865 3075 899 3131 et
913 3084 1068 3156 oppressa
1082 3074 1130 3130 est
1148 3085 1156 3128 ε
1174 3065 1240 3132 De-

208 3177 308 3268 jotari
328 3199 406 3244 vero
425 3176 568 3273 legiones
586 3177 640 3246 vix
666 3179 824 3272 impetum
842 3181 1078 3250 sustinuerunt
1097 3182 1148 3250 lta
1167 3183 1237 3250 vic·

211 3295 308 3364 trices
327 3297 412 3390 regis
427 3297 530 3390 copies
547 3320 651 3366 cornu
671 3322 731 3368 auo
750 3297 866 3368 dextro
885 3297 1056 3392 mediaque
1073 3301 1142 3370 acie
1159 3325 1240 3370 con·

213 3428 383 3484 verterunt
401 3439 435 3484 se
454 3415 494 3485 ad
520 3439 622 3486 xxxvi
647 3415 808 3512 legionem
838 3443 847 3486 ι
875 3441 947 3512 quae
973 3433 1084 3488 tamen
1112 3418 1241 3489 fortiter

212 3535 414 3604 vincentium
442 3535 601 3630 impetum
623 3539 797 3622 sustinuit,
815 3540 942 3630 magnis
966 3539 1070 3630 copiis
1095 3538 1241 3610 hostium

211 3653 412 3723 circumdata
424 3679 434 3740 ;
446 3655 760 3750 praesentissimoque
771 3659 882 3726 animo
894 3679 1044 3753 pugnans
1059 3657 1092 3726 in
1105 3657 1240 3746 orbem,

212 3791 247 3837 se
267 3773 390 3865 recepit
406 3771 448 3841 ad
465 3772 589 3842 radices
606 3777 790 3860 montium3
806 3799 873 3869 quo
891 3775 1075 3845 Pharnaces
1092 3776 1239 3870 insequi,

213 3903 349 3981 propter
372 3891 578 3985 iniquitatem
605 3894 686 3984 loci,
714 3895 831 3965 noluit.
857 3897 929 3980 lta,
952 3897 1084 3990 pontica
1111 3894 1239 3990 legione

213 4029 303 4098 poene
322 4022 390 4077 tota
407 4011 546 4098 emissa,
566 4035 684 4108 magna
701 4031 795 4110 parte
812 4015 958 4108 Dejotari
980 4014 1122 4084 militurn
1139 4017 1241 4084 inter-
