3068 4772
507 401 558 458 mr
577 384 703 458 nunno
722 401 1008 461 nmmuomuo.
1218 404 1269 476 ιε,

153 589 155 594 .
244 526 647 618 struxerunt‚,Caesoriquc
661 524 813 596 redeunti
827 549 904 594 cnm
919 524 1023 596 classo
1035 544 1269 617 occurremnt;

241 649 300 741 qui
317 646 445 715 duabus
465 643 508 714 de
529 646 635 713 causis
653 668 693 712 eo
712 643 765 713 dio
786 642 942 714 dimicare
962 642 1113 733 nolebat,
1129 645 1219 738 quod
1237 663 1271 716 et

235 762 350 834 nullos
367 762 487 860 milites
503 765 539 832 in
554 763 693 834 navibus
707 762 868 848 babebat,
884 777 1009 854 etpost
1029 763 1144 834 boram
1160 789 1184 836 x
1202 763 1268 834 diei

241 908 293 952 res
320 883 489 980 agebatur,
513 906 581 952 nox
604 895 714 952 autem
735 880 878 953 allatura
906 881 1080 953 videbatur
1109 883 1267 976 majorem

241 1001 395 1071 fiduciam
418 999 502 1088 illis,
527 1001 585 1094 qui
614 998 762 1074 locorum
793 1001 911 1070 notitia
935 999 1148 1072 confidebant
1173 1027 1181 1070 :
1206 1001 1268 1072 sibi

239 1121 338 1190 etiam
361 1119 514 1190 hortandi
541 1144 619 1190 suos
643 1117 803 1189 auxilium
826 1119 1039 1208 defuturum,
1059 1120 1149 1214 quod
1175 1119 1266 1190 nulia

239 1240 316 1309 satis
335 1238 453 1308 idonea
475 1252 558 1308 esset
577 1237 741 1321 hortatio,
760 1261 834 1330 quse
854 1263 961 1332 neque
981 1241 1138 1308 virtutem
1158 1254 1267 1334 posset

240 1371 376 1442 notare,
397 1381 504 1452 nequo
524 1356 686 1426 merdam.
708 1355 838 1444 Quibus
858 1355 898 1426 de
921 1359 1027 1430 causis
1047 1381 1165 1446 noves,
1185 1382 1267 1452 qnos

238 1475 362 1569 potuit,
377 1479 494 1546 uCresnr
517 1473 560 1544 ad
582 1487 701 1544 terram
720 1473 881 1560 detrahit,
899 1499 997 1569 quem
1014 1475 1173 1546 inlocum
1191 1476 1265 1546 illos

238 1617 444 1666 successuros
462 1617 529 1664 non
548 1590 762 1666 existimabat.

285 1713 344 1781 XI.
362 1716 443 1782 Erat
460 1735 526 1781 uno
544 1712 637 1780 nuris
656 1709 772 1780 rhodia
791 1711 825 1781 iu
844 1710 960 1781 denuo
981 1713 1119 1782 cesaris
1138 1736 1264 1796 cornu,

239 1829 336 1928 longe
352 1830 394 1900 ab
412 1828 548 1924 reliquis
564 1828 733 1902 oottocata.
753 1833 847 1902 Hanc
863 1831 1043 1924 conspicati
1066 1831 1174 1902 hostes
1198 1855 1263 1899 non

239 1962 418 2020 tenuerunt
435 1972 518 2034 sese,
536 1971 722 2042 magnoque
738 1948 864 2043 impetu
881 1962 1025 2042 quatuor
1040 1947 1083 2018 ad
1099 1972 1172 2018 eam
1191 1971 1266 2017 con·

238 2081 347 2136 strata
368 2091 483 2155 nares,
508 2081 542 2136 et
560 2065 744 2161 complures
766 2081 903 2162 apertae,
926 2067 1175 2138 contenderunt.
1201 2069 1263 2138 Cui

238 2199 370 2254 coactus
389 2198 438 2256 est
458 2187 568 2256 Caesor
586 2185 671 2256 sorra
688 2185 891 2268 subsidium,
910 2210 951 2257 ne
974 2201 1104 2280 turpem
1127 2187 1161 2254 in
1184 2210 1263 2255 oon-

237 2317 351 2397 spectu
374 2302 607 2377 contumelium
631 2305 811 2400 acciperem
829 2329 1016 2398 quanquam
1040 2304 1168 2399 siquid
1190 2329 1264 2400 gra·

237 2425 311 2492 vius
329 2420 394 2493 illis
409 2423 599 2510 occidisset,
615 2425 733 2492 merito
748 2447 900 2492 casurum
915 2422 1090 2516 judicabat.
1109 2421 1265 2493 Proelium

238 2545 449 2612 commissum
477 2557 527 2612 est
555 2565 674 2636 magna
701 2540 914 2610 contentione
942 2539 1149 2611 Rhodiorum
1174 2565 1182 2606 ε
1207 2539 1265 2632 qui

235 2685 339 2754 quum
362 2662 397 2729 in
420 2660 573 2730 omnibus
599 2657 864 2728 dimicationibus
882 2671 916 2726 et
932 2659 1066 2726 scientia
1087 2671 1120 2726 et
1143 2658 1265 2724 virtute

226 2778 484 2871 praestitissent,
501 2791 572 2848 tum
587 2777 726 2844 maxime
742 2775 800 2845 itto
818 2790 965 2867 tempore
983 2790 1091 2844 totum
1101 2799 1185 2844 onus
1199 2799 1266 2844 sus·

208 2953 218 2974 .
238 2899 342 2966 unere
357 2921 424 2966 non
444 2895 655 2983 recusabant,
667 2919 709 2964 ne
722 2895 812 2988 quod
829 2919 965 2968 suorum
981 2893 1077 2988 eulpa
1094 2892 1266 2964 detrimen·

237 3029 491 3108 tumacceptnm
506 3012 745 3084 videreturne
760 3012 913 3108 proelium
931 3012 1201 3084 secundissimum
1215 3029 1266 3084 est

236 3131 369 3202 iactum.
393 3135 499 3225 Capta
523 3147 573 3203 est
594 3157 659 3202 una
682 3131 827 3203 hostium
855 3131 1088 3226 quadriremis,
1113 3132 1264 3225 depressa

236 3264 287 3320 est
307 3248 435 3320 altero:
454 3252 531 3321 dein
552 3251 625 3321 dnae
640 3253 793 3322 omnibns
814 3253 953 3346 epibatis
970 3251 1099 3322 nudam
1118 3276 1126 3319 s
1146 3275 1265 3346 magna

236 3385 393 3466 proterea
415 3369 592 3442 multitudo
610 3373 645 3441 in
665 3369 799 3465 reliquis
818 3372 957 3441 navibus
976 3385 1264 3467 propugnatorum

236 3505 285 3560 est
306 3491 488 3562 interfecta.
503 3489 603 3580 Qnod
624 3491 684 3560 nisi
709 3515 774 3560 uox
795 3489 947 3584 proelium
972 3489 1177 3574 diremisset,
1195 3503 1265 3558 tota
1389 3543 1390 3551 i

235 3608 337 3678 classe
358 3610 504 3680 bostium
520 3612 631 3680 Cesar
649 3611 774 3704 potitus
791 3621 884 3678 esset.
905 3612 976 3680 Huc
992 3607 1176 3677 calamitate
1192 3629 1266 3700 per-

237 3729 359 3801 territis
371 3730 536 3814 hostibus,
553 3729 690 3798 adverso
706 3741 805 3799 uento
822 3726 939 3799 leniter
952 3727 1067 3815 flante,
1080 3749 1178 3794 naves
1190 3747 1265 3793 ono·

235 3847 338 3914 rarius
365 3851 476 3918 Caesar
495 3847 641 3919 remulco
665 3847 854 3918 victricibus
877 3848 945 3918 suis
967 3845 1105 3916 novibus
1124 3841 1265 3914 Alexan-

235 3959 342 4032 driam
361 3964 503 4034 deducit.
