3048 4770
944 441 1244 466 mmmm

425 756 481 858 C.
507 756 691 861 JULll
719 755 1028 858 CAESARIS

277 1081 1180 1221 COMMENTARIORUM

450 1433 523 1517 DE
551 1433 731 1518 BELLO
755 1435 995 1520 GALLICO

549 1728 691 1797 LIBER
719 1725 918 1793 PRIMUS.

645 2089 803 2110 -φ

216 2343 242 2408 Ι.
255 2283 419 2414 Gannm
431 2351 479 2405 est
493 2337 600 2404 omnis
615 2335 762 2404 divisain
776 2349 885 2430 partes
898 2349 979 2426 tres,
994 2361 1135 2430 quarum
1150 2363 1249 2408 unam

218 2456 367 2528 incolunt
392 2455 513 2550 Belgae,
534 2453 631 2523 aliam
655 2455 830 2547 Aquitani,
854 2457 999 2543 tertiam,
1025 2459 1082 2550 qui
1104 2459 1250 2551 ipsorum

218 2575 331 2672 lingua
358 2575 475 2666 Celtae,
502 2589 616 2643 nostra
644 2572 733 2642 Galli
751 2572 970 2668 appellantur.
991 2577 1034 2644 Hi
1059 2601 1173 2645 omnes
1189 2575 1252 2644 lin-

218 2721 299 2790 gua,
313 2696 486 2780 institutis,
499 2693 626 2787 legibus
639 2695 725 2761 inter
738 2717 772 2760 se
786 2691 955 2762 differunt.
971 2693 1084 2764 Gallos
1099 2696 1140 2763 ab
1153 2699 1252 2789 Aqui-

222 2816 305 2883 tanis
321 2816 492 2883 Garumna
509 2811 650 2897 llumen,
665 2827 687 2878 a¹
700 2807 807 2905 Belgis
821 2813 977 2882 Matrona
995 2828 1026 2880 et
1039 2815 1191 2906 Sequana
1204 2815 1253 2881 di-

219 2933 311 3002 vidit.
331 2933 460 3002 Horum
480 2930 629 2998 omnium
649 2928 817 2998 fortissimi
838 2945 917 3000 sunt
936 2930 1061 3026 Belgae,
1078 2948 1251 3028 propterea

219 3051 309 3146 quod
325 3077 344 3121 a
361 3049 454 3120 cultu
468 3063 567 3144 atque
578 3048 782 3117 humanitate
797 3050 977 3119 Provinciae
992 3049 1181 3144 longissime
1195 3055 1252 3122 ab·

219 3187 310 3260 sunt,
326 3171 527 3264 minimeque
543 3168 586 3237 ad
602 3191 657 3236 eos
675 3183 872 3238 mercatores
889 3193 973 3263 saepe
985 3187 1186 3257 commeant,
1204 3188 1253 3241 at·

220 3316 284 3384 que
302 3315 356 3378 ea,
374 3316 448 3385 quae
461 3289 503 3359 ad
520 3287 759 3359 effeminandos
778 3291 906 3358 animos
925 3290 1108 3383 pertinent,
1127 3293 1252 3386 impor-

221 3424 293 3479 tant
308 3411 538 3504 :proximique
554 3422 631 3477 sunt
645 3409 834 3495 Germanis,
849 3409 905 3501 qui
923 3422 1014 3480 trans
1028 3410 1181 3480 Rhenum
1202 3413 1247 3480 in·

221 3529 351 3615 colunt,
372 3529 570 3622 quibuscum
591 3527 799 3596 continenter
820 3525 944 3596 bellum
964 3544 1093 3623 gerunt.
1114 3531 1191 3617 Qua
1212 3531 1252 3600 de

221 3675 318 3720 causa
330 3647 473 3719 Helvetii
486 3672 618 3741 quoque
630 3643 774 3739 reliquos
786 3645 901 3716 Gallos
914 3649 1036 3717 virtute
1049 3651 1251 3738 praecedunt,

223 3769 313 3862 quod
326 3768 394 3838 fere
406 3767 609 3862 quotidianis
620 3763 743 3860 proeliis
753 3790 828 3834 curn
843 3768 1019 3835 Germanis
1029 3768 1251 3854 contendunt,

222 3913 325 3981 quum
345 3902 402 3956 aut
420 3888 488 3954 suis
503 3885 624 3953 finibus
639 3909 695 3953 eos
715 3883 908 3978 prohibent,
926 3899 983 3954 aut
1002 3887 1063 3978 ipsi
1081 3890 1115 3954 in
1138 3909 1253 3954 corum

224 4007 344 4075 linibus
355 4004 478 4074 bellum
493 4019 620 4097 gerunt.
633 4008 757 4072 Eorum
771 4029 836 4072 una
851 4029 942 4098 pars,
955 4029 1055 4096 quam
1070 4005 1184 4074 Gallos
1198 4007 1255 4074 ob-

367 4148 389 4192 i,
1093 4151 1104 4194 1
