3042 4772
291 373 345 433 xli.
438 369 468 422 C.
489 369 587 424 subu
606 370 774 426 CAESARIS
796 371 1163 428 comffiuTaatouuu

287 493 395 562 stituit
430 495 657 587 equitatuique
692 498 865 590 opposuit,
900 511 948 581 et,
988 496 1070 590 quid
1103 497 1173 566 fieri
1206 495 1324 586 vellet,

288 612 449 698 ostendit3
468 616 679 706 monuitque,
699 617 769 708 ejus
789 615 855 684 diei
870 617 1042 686 victoriam
1072 617 1106 683 in
1132 641 1246 684 aarum
1263 641 1321 686 oo-

245 707 250 720 ’
289 731 433 801 hortium
445 733 564 802 virtute
572 749 733 802 constare.
751 733 855 803 Simul
872 736 975 804 tertiae
989 737 1069 804 aciei
1090 737 1216 828 totique
1228 760 1321 804 exer·

289 852 370 920 citui
390 853 580 946 imperavit,
607 875 649 921 ne
668 855 795 946 injussu
820 879 880 922 suo
905 869 1132 942 concurreret,
1150 879 1200 940 se,
1217 878 1321 947 quum

290 972 323 1041 id
345 971 417 1041 fieri
437 946 551 1060 vellet,
571 972 690 1043 vexillo
707 975 840 1068 signum
856 973 1020 1042 daturum.

339 1093 408 1160 XC.
427 1094 617 1161 Exercitum
637 1117 740 1184 quum
766 1092 901 1162 militari
930 1117 1021 1162 more
1039 1091 1081 1160 ad
1107 1117 1252 1186 pugnam
1272 1119 1326 1164 co·

290 1213 493 1294 hortaretur,
507 1237 631 1305 suaque
650 1215 683 1280 in
702 1237 777 1282 eum
787 1213 935 1307 perpetui
954 1214 1112 1304 temporis
1121 1212 1229 1282 officia
1241 1239 1324 1308 prae·

290 1332 432 1414 dicaret,
442 1333 477 1400 in
492 1333 607 1426 primis
625 1335 910 1418 commemoravit,
928 1332 1097 1428 «testibus
1115 1357 1149 1401 se
1163 1333 1324 1404 militibus

292 1451 339 1517 uti
349 1473 464 1543 posse,
485 1467 611 1542 quanto
625 1451 734 1519 studio
752 1477 864 1546 paoem
886 1453 1046 1546 petiisset3
1063 1475 1137 1544 quae
1154 1477 1214 1544 per
1230 1453 1324 1522 Vati·

291 1571 382 1638 nium
400 1570 434 1636 in
456 1568 646 1662 colloquiis,
668 1595 740 1663 quae
761 1595 819 1663 per
837 1575 876 1642 A.
897 1569 1055 1640 Clodium
1075 1595 1152 1639 cum
1170 1573 1326 1665 Scipione

250 1711 256 1720 ·
291 1691 429 1784 egisset,
446 1690 566 1783 quibos
581 1690 687 1759 modis
703 1690 746 1759 ad
759 1692 896 1760 Oricum
910 1715 985 1760 cum
998 1691 1125 1758 Libone
1137 1690 1178 1759 de
1192 1691 1324 1759 mitten·

291 1810 342 1878 dis
365 1809 479 1905 legatis
497 1811 716 1880 contendisset
737 1836 745 1879 :
764 1834 871 1904 neque
899 1835 934 1878 se
959 1833 1106 1902 unquam
1132 1810 1224 1878 abuti
1240 1808 1327 1878 mili-

292 1944 363 1997 tum
387 1932 568 2025 sanguiue,
593 1954 700 2022 neque
720 1911 957 2028 rempublicam
986 1927 1146 1998 alterutro
1177 1931 1325 2026 exercitu

291 2049 423 2142 privare
444 2047 631 2117 voluisse.»
653 2053 722 2117 Hac
746 2048 860 2116 habita
878 2049 1047 2132 oratione,
1073 2047 1326 2140 exposcentibus

292 2164 468 2253 militibus,
488 2181 521 2234 et
539 2166 650 2234 studio
680 2191 801 2261 pugnae
831 2167 1041 2253 ardentibus,
1078 2167 1157 2234 tuba
1179 2167 1325 2260 ¹signum

292 2285 392 2354 dedit.
475 2341 479 2344 .

342 2409 430 2476 XCl.
464 2409 543 2477 Erat
567 2407 739 2476 Crastinus
769 2421 922 2500 evocatus
941 2409 975 2474 in
995 2407 1141 2474 exercitu
1167 2407 1323 2492 Caesaris,

293 2528 354 2620 qui
369 2527 537 2620 superiore
556 2550 644 2595 anno
662 2525 750 2620 apud
771 2551 846 2594 eum
865 2526 1008 2618 primum
1025 2524 1129 2618 pilum
1151 2526 1182 2592 in
1197 2522 1326 2617 legione

293 2646 420 2716 decima
439 2645 596 2734 duxerat,
615 2648 667 2714 vir
686 2645 845 2741 singulari
861 2647 993 2714 virtute.
1013 2646 1095 2731 Hic,
1109 2646 1204 2739 siguo
1218 2643 1295 2712 dato
1314 2669 1323 2712 ε

294 2795 312 2832 α
325 2767 508 2860 Sequimini
524 2790 592 2852 me,
611 2765 739 2859 inquit,
758 2764 979 2859 manipulares
997 2764 1061 2832 mei
1079 2764 1137 2857 qui
1153 2763 1274 2850 fuistis,
1292 2777 1326 2831 et

293 2901 404 2955 vestro
442 2886 652 2979 imperatori,
691 2909 791 2976 quam
818 2883 1051 2969 constituistis,
1077 2908 1213 2976 operam
1239 2882 1324 2950 date.

294 3007 409 3074 Unum
425 3004 489 3072 hoc
507 3003 658 3096 proelium
669 3017 832 3096 supermt3
850 3027 916 3095 quo
932 3003 1098 3087 conlecto,
1115 3019 1149 3071 et
1165 3001 1219 3071 ille
1232 3025 1325 3070 suam

294 3123 506 3216 dignitatem,
523 3136 565 3190 ct
577 3147 637 3191 nos
658 3137 804 3190 nostram
821 3119 1004 3190 libertatem
1023 3124 1325 3215 recuperabimus.»

294 3239 399 3310 Simul
419 3242 593 3334 respiciens
612 3245 795 3331 Gaesarem,
809 3243 980 3329 «Faciam,
1001 3243 1125 3334 inquit,
1144 3241 1258 3326 hodie,
1272 3241 1330 3307 im·

295 3371 439 3455 perator,
465 3376 504 3430 ut
531 3375 588 3430 aut
610 3363 687 3430 vivo
711 3363 811 3450 mihi,
837 3377 894 3430 aut
918 3376 1048 3429 mortuo
1071 3360 1190 3452 gratias
1208 3381 1294 3448 agas.
1309 3385 1327 3418 a

296 3484 375 3550 llaec
392 3505 496 3574 quum
520 3479 671 3567 dixisset,
690 3484 817 3574 primus
834 3505 874 3549 ex
889 3479 1004 3548 dextro
1025 3499 1127 3545 cornu
1145 3497 1327 3567 procucur-

297 3602 360 3689 rit,
373 3615 472 3694 atque
485 3625 561 3671 eum
580 3597 677 3670 electi
693 3600 812 3668 milites
824 3599 954 3668 circiter
973 3619 1039 3666 cxx
1052 3591 1228 3662 voluntarii
1244 3593 1328 3685 ejus·

296 3719 372 3790 dem
388 3723 543 3810 centuria
561 3736 640 3790 sunt
659 3719 835 3814 prosecuti.

346 3843 451 3910 XCII.
468 3846 560 3911 Inter
578 3839 659 3909 duas
688 3838 773 3906 acies
793 3851 921 3905 tanturn
949 3849 1020 3904 erat
1040 3832 1190 3903 relictum
1209 3834 1327 3927 spatii,

298 3973 336 4029 ut
362 3960 440 4028 satis
464 3975 549 4029 esset
569 3958 612 4029 ad
637 3979 833 4027 concursum
858 3957 1030 4048 utriusque
1047 3955 1208 4024 exercitus
1239 3951 1331 4022 :sed
