3020 4768
245 389 302 444 260
507 383 619 439 NOTAE
640 385 681 438 ΙΝ
700 387 770 442 Llu.
793 385 851 455 111,
873 385 912 439 IV
935 387 985 442 ΕΤ
1007 387 1033 440 V

246 498 282 551 de
301 495 449 552 Celtiberis
465 497 551 552 habet
565 498 693 554 Valerius
713 499 866 570 Maximus,
880 499 929 555 lib.
948 519 1012 570 κη,
1030 517 1091 574 cap.
1111 499 1148 555 6:
1165 499 1297 581 Celtiberi,

246 586 329 660 nefas
350 605 412 643 esse
434 588 573 643 drecebnm
588 592 693 663 proelio
710 609 870 665 superesse,
889 609 974 666 quum
1001 594 1026 648 is
1049 592 1218 647 occubuisset
1232 611 1289 664 pro

246 679 324 749 cepio
336 681 430 734 salute
443 681 569 754 spritum
580 681 749 737 devoverant.
762 682 876 756 Aliquid
890 695 949 739 erat
963 683 1053 739 simile
1068 683 1098 738 in
1112 683 1229 739 cohorte
1244 702 1288 736 sa-

249 789 296 825 cra
305 770 508 827 Thebanorum
520 789 581 826 ccc.
830 789 832 794 ·

563 987 566 994 '
620 973 667 1028 Ill
681 974 845 1029 LIBRUM
862 975 915 1030 tv.

291 1168 355 1223 cn.
370 1168 392 1222 1.
418 1168 594 1224 Tenchtheri.
614 1168 676 1224 Hoc
693 1169 798 1222 nomen
816 1168 900 1224 variis
917 1166 1010 1222 modis
1030 1166 1132 1241 legitur
1149 1167 1225 1240 apud
1241 1186 1293 1222 va-

252 1258 309 1314 rios
327 1259 490 1331 scriptores,
503 1259 696 1333 sedcorrupte
714 1259 875 1314 admodum.
892 1259 1066 1328 Plutarchus,
1083 1259 1115 1314 in
1132 1258 1208 1313 Julio
1229 1259 1292 1314 Cae-

254 1369 329 1418 sare,
342 1349 510 1423 Tetrepidet
525 1352 624 1420 habet,
640 1353 705 1407 looo
719 1341 795 1423 cujus
804 1343 995 1426 Tevxlepldet
1009 1351 1140 1405 nonnulli
1153 1367 1292 1424 reponere

254 1444 369 1512 volunt,
378 1461 432 1517 ego
441 1462 509 1499 vero
519 1440 743 1520 Te'yxrcpil‘au
753 1444 793 1498 sic
805 1454 832 1498 et
841 1462 895 1517 pro
908 1443 1084 1510 Tenclrtheti,
1096 1441 1242 1498 Tenchten'
1252 1443 1294 1496 le-

256 1534 380 1608 gendum
395 1553 509 1604 censeo,
525 1553 561 1589 ex
581 1535 782 1608 orthographia
803 1535 943 1590 Plutarchi
957 1534 1044 1608 ipsius
1066 1544 1094 1589 et
1113 1533 1293 1607 etymologia.

259 1627 371 1682 Nomen
390 1627 467 1682 enim
482 1644 580 1682 eorum
595 1628 766 1701 populorum
779 1626 849 1681 mihi
864 1627 975 1682 videtur
987 1645 1021 1682 ex
1035 1644 1127 1700 graeco
1140 1623 1295 1701 τεγχτὸς.
1335 1627 1338 1633 ’

256 1719 371 1786 emotus,
386 1719 552 1774 derivatum.
566 1718 730 1787 Tenchteri,
745 1718 805 1774 sine
819 1718 920 1787 dubio,
934 1737 963 1774 se
977 1721 1072 1774 colore
1081 1716 1258 1787 inficiebant,
1267 1729 1297 1772 ut

211 1875 214 1880 ¹
257 1810 399 1878 Britanni,
411 1811 536 1879 Pictavi,
553 1809 714 1884 Agathyrsi,
728 1810 855 1865 Thraces
865 1821 893 1864 et
905 1810 1002 1884 Illyrii.
1026 1809 1097 1864 Vide
1111 1820 1170 1864 not.
1181 1828 1232 1885 ,v,
1252 1815 1295 1874 ri.

298 1936 361 1991 Cn.
372 1936 421 1990 lx.
435 1933 632 1992 Ambivaritos.
641 1936 807 1991 Ambivan‘ti
814 1946 841 1992 et
853 1935 1020 1991 Ambiuareti
1032 1947 1106 1990 certe
1123 1934 1208 1990 iidem
1220 1947 1297 2001 sunt,

260 2027 310 2082 sed
329 2027 397 2082 situs
419 2046 517 2084 eorum
534 2040 611 2085 nans
628 2030 738 2084 Mosam
758 2027 844 2084 hodie
862 2013 1022 2101 ignoratur.=
1034 2030 1165 2083 Attamen
1194 2025 1298 2082 diversi

261 2127 325 2172 sunt
348 2118 385 2172 ab
403 2120 586 2176 Ambivareuk
605 2119 762 2176 AEduorum
780 2117 941 2190 clientibus,
963 2138 1025 2190 vu,
1050 2116 1101 2190 75,
1119 2138 1173 2193 pro
1196 2119 1297 2193 quibus

262 2210 458 2282 reponendum
473 2217 514 2266 est
522 2213 656 2268 Ambarri
666 2213 714 2286 qui
722 2213 815 2286 reipsa
821 2211 852 2266 in
861 2211 991 2268 clientela
1000 2212 1158 2268 AEduorum
1167 2222 1259 2279 erant,
1269 2222 1297 2266 et

263 2300 368 2358 circum
382 2301 491 2357 Ararim
504 2303 680 2373 incolebant,
694 2314 724 2358 ut
739 2304 813 2359 bene
830 2303 1001 2375 'conjectatur
1013 2303 1174 2372 D’Anville‚
1188 2303 1300 2358 etmihi

263 2393 404 2449 indicatur
412 2396 449 2451 ab
459 2395 627 2469 etymologia
634 2395 945 2464 nominisAmbani,ex
954 2397 1048 2465 amb,
1057 2395 1173 2464 circum,
1182 2406 1210 2450 et
1217 2397 1300 2462 Arar,

267 2486 406 2541 contracti
415 2487 444 2542 in
458 2489 529 2556 Arr,
546 2487 706 2562 compositi.
721 2489 832 2546 Nomen
845 2506 860 2543 e
876 2498 975 2543 contra
988 2489 1158 2544 Ambiuareti
1168 2488 1213 2542 vel
1225 2490 1300 2541 Arn-

265 2578 376 2633 bivarr'ti
389 2597 425 2634 ex
438 2579 638 2653 praepositione
653 2597 741 2654 greca
750 2568 838 2652 ἀμφΐ,
847 2591 875 2636 et
887 2576 1001 2654 itpnris,
1010 2581 1186 2647 maledictus,
1195 2579 1302 2634 sorma-

267 2682 326 2725 tum
340 2681 393 2739 est;
404 2670 482 2744 quod
495 2672 595 2729 alludit
607 2675 674 2728 sane
693 2671 846 2728 adnomen
860 2675 954 2728 Mosoe
967 2671 1084 2740 fluvii,a
1098 2690 1189 2744 graeco
1201 2664 1302 2738 μυσὶς,

269 2762 463 2832 detestandus,
489 2763 711 2830 abominandus,
729 2765 914 2833 execrandus,
927 2775 1029 2819 ortum.
1053 2761 1303 2836 Oppidumigitur

268 2874 366 2911 eorum
383 2865 444 2922 erat
459 2856 546 2910 Mons
562 2856 738 2921 maledictus,
758 2857 926 2925 Monone'dr,
946 2867 1024 2912 trans
1044 2856 1171 2922 Mosam;
1188 2864 1215 2910 et
1235 2853 1302 2926 qui-

269 2946 335 3002 dem
348 2946 421 3004 sorte
432 2949 606 3004 satanacam
611 2986 620 3014 ,
634 2947 738 3013 Serrai,
753 2965 769 3002 a
781 2949 916 3016 Satanas,
935 2949 1039 3014 Satan,
1055 2957 1082 3002 et
1098 2947 1193 3001 Sedan
1209 2946 1245 3000 ab
1258 2963 1304 3001 ea·

269 3037 336 3092 dem
352 3057 437 3109 voce,
453 3049 602 3112 utrumque
615 3037 691 3092 enirn
704 3049 769 3093 sunt
784 3039 821 3095 ad
838 3039 929 3113 ripam
942 3042 1029 3094 Mosae
1043 3039 1188 3108 dextram,
1201 3038 1304 3111 proin-

271 3129 360 3203 deque
377 3141 454 3186 trans
470 3132 589 3186 Mosam.
607 3129 676 3184 Vide
691 3139 765 3205 not,
780 3149 840 3198 vu,
858 3131 902 3200 75.
921 3131 967 3186 Sic
979 3130 1067 3186 hodie
1082 3131 1118 3185 ad
1132 3133 1305 3202 Scarponam

270 3224 450 3298 Mosellaeque
462 3223 553 3295 ripam
566 3221 681 3295 quidam
693 3239 806 3294 campus
820 3223 908 3278 dictus
920 3232 961 3278 est
975 3225 1005 3276 Ia
1022 3225 1102 3276 Terre
1114 3223 1245 3277 mandale.
1261 3221 1307 3277 Sic

272 3316 360 3384 Arrii,
369 3316 417 3389 qui
425 3313 609 3382 Diabliaubus
618 3311 786 3368 contermini
794 3324 886 3382 erant,
898 3324 925 3368 et
933 3313 1084 3368 Diabolum
1092 3329 1141 3366 seu
1150 3313 1308 3386 Pythonem

247 3399 251 3408 “
273 3425 385 3480 quoque
394 3405 658 3478 colebanbagraeco
667 3399 767 3475 Apulos,
776 3405 924 3475 maledicti,
934 3404 1003 3460 diris
1012 3403 1117 3473 devoti,
1125 3405 1308 3459 vocabantur.

312 3545 376 3598 Chr.
391 3541 429 3598 X.
448 3541 563 3615 Vosego.
577 3541 660 3597 Varie
678 3543 808 3599 scribitur
830 3543 964 3618 Vosegus,
981 3543 1108 3617 Vosegus
1121 3561 1169 3597 seu
1188 3543 1309 3616 Vogesus

247 3621 255 3641 i
274 3633 434 3700 metathesi,
447 3649 534 3706 graece
548 3631 671 3692 uestros.
687 3634 759 3690 Mihi
775 3634 885 3690 videtur
901 3633 1086 3689 derivandum
1102 3652 1161 3689 esse
1181 3651 1197 3688 a
1219 3651 1310 3705 graeec

274 3721 417 3794 Badgbos,
432 3732 460 3779 et
473 3720 561 3799 c't'yis,
575 3725 647 3794 dux,
660 3728 714 3782 Bos
732 3726 840 3794 ductor,
853 3725 921 3780 sicut
936 3725 988 3779 bos
1002 3725 1114 3794 Cadmi,
1123 3726 1168 3780 vel
1182 3724 1281 3778 melius
1295 3743 1310 3777 a

275 3811 339 3885 βοῦς
357 3825 385 3871 et
398 3808 496 3884 ciacc,
513 3827 636 3890 septum,
655 3817 765 3887 lanum,
782 3815 980 3885 sanctuarium,
1000 3815 1083 3870 bovis
1099 3816 1171 3871 sacri
1188 3825 1312 3889 septum,

277 3909 424 3982 galliceda
432 3907 529 3964 striche
537 3909 575 3963 du
583 3909 667 3973 boeuti
676 3909 925 3983 Glareanusitaque
934 3908 1225 3982 malelegitMosegus‚
1234 3909 1314 3980 quasi

278 4019 293 4056 a
307 3999 559 4056 Mosaderivatum
574 4012 652 4057 esset.
