3060 4768
300 379 356 446 alt
477 381 506 437 C.
526 380 623 438 JULII
643 380 806 438 CAESAfflS
828 381 1027 438 COMMENT.
1050 383 1161 440 uttan

298 507 490 592 stravimus,
514 509 688 577 Cercinam
708 508 869 600 pervenit.
890 508 994 602 Cujus
1013 506 1157 576 adventu
1179 509 1217 577 C.
1237 509 1339 577 Deci-

298 628 401 713 mius,
418 630 629 721 quaestorius,
645 629 702 720 qui
721 627 766 694 ibi
787 653 864 697 cunr
883 626 1000 722 grandi
1019 626 1150 696 samiliae
1170 650 1235 696 suae
1256 652 1339 720 prae-

298 745 383 816 sidio
409 761 549 842 praerat
583 749 802 834 commeatui,
825 745 1001 842 parvulum
1021 749 1189 842 navigium
1219 762 1337 818 nactus

246 873 248 876 ’
298 867 506 952 conscendit,
527 891 565 935 ac
593 891 627 936 se
645 867 729 962 fugae
757 867 975 937 commendat.
1004 866 1177 936 Sallustius
1201 869 1336 938 interim

300 1006 440 1084 pretor,
470 1018 488 1062 a
510 993 741 1062 Cercinatibus
765 1006 931 1083 receptus,
956 1015 1076 1085 magno
1105 1013 1241 1060 numero
1265 990 1338 1060 fru-

299 1113 401 1180 menti
416 1113 567 1194 invento,
587 1135 687 1182 nares
701 1113 884 1198 onerarias,
899 1133 1040 1204 quarum
1059 1111 1105 1178 ibi
1122 1111 1200 1178 satis
1214 1135 1337 1206 magna

298 1231 394 1324 copia
409 1230 489 1320 luit,
509 1230 670 1326 complet,
689 1245 788 1325 atque
806 1232 839 1299 in
857 1245 963 1300 castra
979 1229 1021 1299 ad
1040 1232 1202 1299 Caesarem
1222 1231 1333 1300 mittit.

298 1347 444 1419 Allienus
454 1351 585 1418 interim
606 1349 783 1444 proconsul
799 1377 818 1419 e
837 1347 982 1444 Lilybaeo
998 1352 1033 1418 in
1053 1373 1153 1419 naves
1167 1352 1335 1420 onerarias

298 1469 439 1563 imponit
461 1468 604 1565 legiones
632 1493 697 1541 nur
723 1487 756 1540 et
778 1495 853 1557 xrv,
872 1485 906 1538 et
926 1472 1052 1564 equites
1079 1469 1195 1540 Gallos
1225 1493 1334 1559 noco,

299 1590 506 1660 funditorum
529 1593 838 1687 sagittariorumque
858 1589 961 1677 mille,
979 1614 1017 1660 ac
1038 1590 1218 1660 secundum
1242 1615 1333 1660 conr·

299 1726 443 1781 meatum
473 1714 508 1781 in
537 1712 682 1782 Africam
709 1712 811 1782 mittit
837 1710 879 1782 ad
910 1713 1070 1781 Caesarern
1089 1735 1097 1778 :
1117 1735 1191 1804 quae
1216 1735 1333 1798 navos,

298 1846 432 1901 rentum
449 1833 629 1902 secundum
644 1846 762 1918 nactae,
780 1846 900 1925 quarto
913 1830 967 1900 die
982 1833 1015 1900 in
1032 1844 1167 1926 portum
1185 1830 1226 1899 ad
1243 1835 1331 1900 Rus·

299 1953 428 2044 pinam,
447 1952 504 2020 ubi
521 1955 632 2022 Cacsar
654 1968 758 2021 castra
779 1953 955 2041 habuerat,
977 1948 1158 2020 incolumes
1178 1973 1332 2042 perrene-

299 2086 389 2140 runt.
405 2074 456 2140 Ita
472 2075 597 2157 Caesar,
608 2070 732 2167 duplici
750 2071 910 2142 laetitiaac
922 2071 1089 2166 voluptate
1100 2095 1167 2140 uno
1185 2085 1332 2164 tempore

300 2205 431 2279 auctus,
455 2192 622 2261 frumento
650 2192 866 2285 auxiliisque,
894 2191 1026 2260 tandem
1053 2193 1120 2260 suis
1144 2189 1331 2260 exhilaratis

299 2335 496 2406 annonaque
512 2310 903 2395 lerata,sollicitudinem
917 2311 1069 2405 deponit,
1084 2308 1230 2405 legiones
1242 2312 1331 2403 equi·

299 2444 413 2524 tesque
426 2457 464 2500 ex
478 2432 616 2501 naribus
635 2425 801 2526 egressos,
815 2433 960 2524 jubetex
977 2428 1135 2525 languore
1147 2455 1330 2523 nauseaque

299 2551 431 2620 reficere
442 2579 453 2639 ς
464 2551 614 2623 dimissos
631 2553 663 2620 in
683 2550 834 2641 castella,
851 2552 1117 2643 munitionesque
1128 2549 1281 2645 disponit.

348 2675 487 2742 XXXV.
507 2674 637 2762 Quibus
660 2672 758 2742 rebus
782 2673 912 2767 Scipio,
933 2673 1057 2765 quique
1076 2695 1151 2740 cum
1173 2695 1213 2742 eo
1238 2687 1332 2742 erant

300 2795 458 2881 comites,
486 2796 599 2864 mirari
626 2808 658 2862 et
682 2795 874 2888 requirere:
897 2797 935 2864 C.
953 2796 1131 2878 Caesmem,
1159 2795 1216 2885 qui
1245 2790 1331 2861 ultro

297 2928 485 2984 consuesset
508 2912 629 2984 bellum
655 2913 777 2982 inferre
809 2939 849 2982 ac
877 2910 1034 2984 lacessere
1058 2911 1196 3006 proelio,
1221 2912 1332 2982 subito

208 3013 219 3090 '-
297 3048 537 3102 commutatum
553 3010 633 3102 non
655 3035 725 3104 sine
757 3057 878 3128 magno
906 3031 1045 3103 consilio
1070 3033 1330 3128 suspicabantur.

296 3155 413 3245 Itaque
429 3177 468 3221 ex
485 3153 556 3246 ejus
573 3154 731 3247 patientia
759 3154 793 3221 in
811 3177 970 3248 magnum
994 3153 1147 3222 timorem
1172 3152 1333 3244 conjecti,

298 3299 338 3342 ex
358 3274 495 3342 Gaetulis
513 3274 613 3360 duos,
634 3301 717 3368 quos
732 3274 978 3344 arbitrabantur
999 3274 1066 3343 suis
1083 3272 1182 3342 rebus
1203 3272 1334 3341 amicis-

297 3395 413 3478 simos,
439 3396 566 3490 magnis
593 3397 736 3490 praemiis
755 3392 1114 3490 pollicitationibusque
1135 3393 1332 3486 propositis,

295 3539 357 3608 pro
371 3514 517 3610 perfugis
532 3513 724 3611 speculandi
742 3517 846 3610 gratia
859 3515 893 3582 in
910 3515 1048 3585 Caesaris
1061 3527 1167 3584 castra
1183 3515 1332 3582 mittunt.

296 3637 365 3726 Qui
384 3635 481 3706 simul
499 3637 542 3706 ad
558 3662 634 3706 curn
653 3651 730 3706 sunt
747 3636 898 3722 deducti,
915 3635 1102 3730 petierunt,
1123 3650 1161 3704 ut
1177 3633 1239 3703 sibi
1257 3631 1334 3704 lice·

291 3771 346 3830 ret
362 3758 433 3826 sine
448 3755 594 3851 periculo
606 3757 706 3826 verba
723 3754 886 3849 proloqui.
898 3757 1062 3824 Potestate
1074 3753 1160 3824 facta
1175 3779 1183 3822 :
1201 3755 1336 3847 «Sape-

297 3901 450 3966 nurnero,
476 3879 648 3972 inquiunt,
677 3877 865 3970 imperator,
895 3872 1082 3970 complures
1108 3873 1249 3957 Garuli,
1275 3875 1334 3967 qui

295 4021 409 4066 sumus
440 3993 573 4067 clientes
597 4001 635 4068 C.
656 3997 777 4085 Marii,
796 4011 829 4066 ct
850 3995 1090 4093 propemodum
1109 4021 1224 4066 omnes
1245 3997 1334 4065 circs
