3060 4768
311 412 367 486 298
483 407 631 463 c.JtJL11
652 407 813 462 CAESARlS
834 399 1029 462 COMMENT.
1050 407 1157 462 Liuun

310 561 402 620 nem,
419 557 521 627 quum
536 533 603 625 jam
622 543 862 624 repugnarent,
877 543 982 598 turres
1000 553 1040 598 ex
1055 546 1147 622 parte
1158 545 1189 599 et
1201 557 1332 602 murum

309 668 521 748 occuparunt.
542 656 661 722 Denuo
675 649 798 744 legatos
814 648 855 718 ad
870 652 1028 720 Caesarem
1048 650 1201 737 mittunt,
1220 666 1257 721 ut
1273 655 1334 722 sibi

187 832 188 835 ,
309 775 453 869 legiones
471 771 615 842 subsidio
633 772 874 840 intromitteret.
891 775 962 838 Hoc
979 793 1081 862 quum
1098 771 1336 840 animadverte·

310 908 382 962 rent
391 894 539 962 homines
555 891 698 985 fugitivi,
713 889 871 983 oppidum
882 888 1057 958 incendere
1065 903 1243 982 coepernnt.
1266 891 1335 978 Qui

309 1014 450 1106 superati
466 1035 484 1078 a
500 1011 620 1080 nostris
640 1023 715 1078 sunt
733 1007 914 1092 interfecti,
934 1007 1105 1076 hominum
1123 1005 1224 1077 millia
1241 1035 1335 1096 xm,

309 1147 523 1225 preterquam
543 1144 633 1198 extra
649 1153 782 1196 murum
797 1129 854 1220 qui
875 1129 1054 1220 perierunt.
1075 1130 1127 1194 Ita
1147 1131 1254 1197 Caesar
1275 1153 1335 1222 op-

310 1250 387 1343 pido
403 1250 534 1342 potitus.
550 1251 637 1317 Dum
649 1247 703 1314 hic
715 1247 900 1332 detinetur,
917 1269 956 1315 ex
972 1244 1085 1338 proelio
1101 1271 1183 1339 quos
1199 1249 1337 1316 circum-

310 1369 454 1434 munitos
470 1368 619 1459 superius
632 1365 940 1449 demonstravimus,
953 1365 1159 1457 eruptionem
1173 1365 1335 1454 lecerunt,

309 1501 339 1552 et
358 1485 441 1554 bene
461 1482 571 1552 multis
588 1483 766 1552 interfectis
783 1536 791 1566 ‚
810 1485 843 1550 in
859 1481 1017 1575 oppidum
1032 1497 1110 1552 sunt
1128 1483 1262 1553 redacti.

356 1607 498 1674 XXXV.
532 1606 641 1672 Caesur
661 1599 821 1695 Hispalim
847 1626 948 1694 quum
975 1601 1212 1686 contendisset,
1238 1600 1335 1696 legati

309 1725 519 1819 deprecatum
551 1737 720 1792 venerunt.
742 1727 793 1790 Ita
823 1746 926 1816 quum
957 1720 1118 1814 oppidum
1149 1746 1218 1790 sese
1251 1725 1334 1790 uteri

309 1846 458 1931 dixisset,
486 1843 662 1913 Caninium
692 1839 834 1934 legatum
853 1865 929 1908 cum
957 1839 1107 1933 praesidio
1133 1841 1334 1908 intromittit.

308 1968 382 2056 Ipse
400 1978 506 2032 castra
521 1961 562 2030 ad
578 1961 736 2054 oppidum
749 1961 854 2054 ponit.
877 1963 958 2028 Erat
973 1959 1055 2028 bene
1073 1984 1228 2054 magnum
1249 1961 1336 2028 intra

308 2082 580 2174 Pompeianarum
600 2081 741 2172 partium
762 2078 968 2171 presidium,
987 2077 1076 2172 quod
1095 2079 1232 2148 Caesaris
1251 2105 1335 2172 prn-

309 2200 426 2268 sidium
446 2213 609 2292 receptum
626 2197 853 2291 indignaretur
861 2196 944 2265 elom
957 2195 1130 2290 quemdam
1144 2195 1337 2286 Philonem,

309 2318 422 2404 illum,
440 2318 496 2410 qui
513 2318 784 2409 Pompeianarum
807 2317 947 2409 partium
961 2316 1072 2385 suisset
1087 2315 1336 2385 defensoraeer·

309 2439 421 2506 rimus.
442 2441 472 2504 ls
492 2449 558 2504 tota
578 2435 746 2504 Lusitania
765 2435 953 2504 notissimus
970 2449 1049 2504 erat.
1069 2437 1130 2505 Hic
1149 2434 1232 2504 elam
1252 2461 1337 2530 prae·

310 2555 391 2626 sidia
404 2555 603 2624 Lusitaniam
621 2554 857 2647 proficiscitur,
874 2567 907 2622 et
924 2552 1091 2624 Caecilium
1111 2555 1268 2647 Nigrum,
1282 2555 1338 2622 ho·

310 2674 676 2762 minembarbarum,ad
689 2676 828 2741 Lenium
838 2674 1010 2760 convenit;
1019 2675 1075 2765 qui
1086 2674 1169 2742 bene
1184 2697 1336 2766 maguam

309 2819 441 2862 manum
458 2795 690 2864 Lusitanorum
713 2792 858 2860 haberet.
889 2795 1017 2860 Rursus
1040 2793 1072 2860 in
1095 2792 1256 2886 Hispalim
1278 2815 1336 2884 op·

308 2912 423 3005 pidum
440 2912 547 2981 denuo
566 2923 665 2980 noctu
682 2934 741 3003 per
771 2935 902 2978 murum
930 2911 1088 3004 recipitur
1111 2937 1119 2980 ε
1148 2910 1336 3004 praesidium

310 3029 487 3124 vigilesque
503 3027 676 3123 jugulant,
698 3041 808 3121 portas
826 3027 1051 3120 praecludunt,
1067 3029 1109 3098 de
1128 3031 1256 3124 integro
1275 3053 1337 3122 pu·

308 3173 408 3242 gnare
427 3161 607 3241 coeperunt.

355 3270 510 3338 XXXVI.
538 3271 628 3336 Dum
651 3267 720 3336 haec
744 3282 923 3361 geruntur,
942 3265 1039 3362 legati
1065 3269 1260 3336 carteienses
1284 3291 1336 3334 re·

309 3387 520 3468 nuntiarunt,
539 3384 627 3477 quod
657 3388 850 3479 Pompeium
880 3387 914 3454 iu
944 3401 1137 3482 potestatem
1165 3387 1336 3455 haberent.

308 3504 407 3594 Quod
439 3519 515 3574 ante
548 3505 668 3574 Caesari
692 3519 803 3597 portas
828 3504 1081 3598 praeclusissent,
1101 3503 1157 3574 illo
1177 3503 1337 3574 beneficio

310 3649 406 3694 suum
434 3623 627 3692 maleficium
648 3623 877 3692 existimabant
903 3649 937 3692 se
958 3622 1158 3694 lucrifacere.
1187 3623 1335 3693 Lusitani

310 3742 434 3837 Hispali
450 3766 592 3836 pugnare
612 3740 702 3812 nullo
718 3757 864 3834 tempore
882 3741 1090 3812 desistebant.
1109 3741 1209 3830 Quod
1227 3745 1339 3811 Caesar

311 3887 412 3955 quum
431 3860 720 3944 animadverteret,
739 3862 766 3927 si
783 3858 942 3952 oppidum
963 3885 1080 3954 capere
1103 3859 1342 3930 contenderet,

312 3997 348 4050 nt
364 3981 512 4050 homines
533 3980 650 4073 perditi
668 3978 897 4066 incenderent,
914 3995 944 4049 ot
968 3983 1084 4050 rnoenia
1104 3979 1276 4066 delerent,
1297 3980 1344 4046 ito
