3062 4766
427 361 479 417 DE
498 361 621 418 BELLO
643 362 809 418 GALLICO
831 364 900 418 LIB.
918 364 994 419 VIII.
1120 359 1122 364 ’
1179 363 1234 420 233

191 485 347 555 omnibus
372 486 406 554 in
431 487 594 556 sententia
619 489 851 580 permansisse,
871 513 978 582 neque
998 488 1041 557 ad
1061 491 1235 558 sanitatem

191 604 399 700 reliquorum
419 606 588 676 deditione
608 633 677 678 esse
697 608 885 702 perductos.
905 611 997 678 Scire
1016 623 1115 702 atque
1136 608 1234 676 intel·

114 705 117 712 ⁴
192 723 294 820 ligere
314 751 349 794 se
371 751 504 794 causam
523 729 650 819 peccati
666 711 822 796 facillime
840 730 981 798 mortuis
997 727 1159 824 delegari3
1175 751 1235 794 uc-

193 847 318 915 minem
342 869 422 914 vero
439 861 570 915 tantum
587 845 712 940 pollere
736 862 790 934 ut,
811 849 923 917 invitis
945 848 1166 942 principibus,
1183 871 1235 914 re-

192 967 330 1034 sistente
351 981 485 1050 seratu,
504 965 659 1034 omnibus
685 967 780 1035 bonis
800 969 1082 1063 repugnantibus,
1103 967 1234 1035 infirma

192 1109 295 1152 manu
315 1084 420 1178 plebis
441 1083 567 1153 bellum
584 1068 751 1154 concitare
770 1102 803 1156 et
821 1112 937 1181 gerere
958 1101 1077 1181 posset.
1100 1085 1165 1155 Sed
1186 1101 1234 1154 ta-

194 1228 271 1272 men
297 1228 331 1272 se
355 1217 550 1273 contentum
585 1204 656 1273 lore
680 1230 718 1273 ea
741 1231 836 1298 poena
865 1231 966 1299 quam
989 1206 1050 1274 sibi
1071 1207 1134 1299 ipsi
1154 1229 1235 1274 con·

194 1323 380 1392 traxissent.
398 1353 415 1388 a

172 1470 179 1482 ·
242 1445 368 1511 XXIII.
395 1444 504 1512 Nocte
525 1444 711 1538 insequenti
733 1443 832 1540 legati
851 1471 1010 1541 responsa
1028 1445 1071 1514 ad
1089 1453 1236 1514 suos'rc-

194 1561 322 1648 ferunt,
338 1561 469 1632 obsides
488 1563 680 1633 conficiunt.
699 1567 914 1634 Concurrunt
934 1564 1139 1659 reliquarum
1155 1565 1236 1632 civi·

195 1695 302 1750 tatum
330 1680 448 1776 legati,
475 1708 550 1776 quoe
578 1681 827 1752 Bellovacorum
857 1684 1113 1778 speculabantur
1137 1707 1237 1750 even·

196 1817 280 1870 tum.
297 1801 438 1870 Obsides
454 1802 553 1890 dant,
572 1803 733 1896 imperata
749 1803 891 1887 faciunt3
908 1793 1048 1898 bxcepto
1065 1802 1235 1887 Commio,

196 1945 296 2016 quem
318 1923 419 1990 timor
438 1922 638 2016 prohibebat
655 1924 850 2016 cujusquam
873 1922 949 1992 fidei
972 1947 1064 1991 suam
1083 1923 1237 1990 commit·

198 2056 269 2110 tere
283 2038 435 2110 salutem.
456 2043 543 2110 Nam
562 2045 732 2136 superiore
749 2067 840 2110 anno
854 2045 893 2111 T.
911 2043 1092 2130 Labienus,
1108 2044 1238 2110 Caesare

197 2163 232 2230 in
253 2159 362 2229 Gallia
388 2162 540 2230 citeriore
562 2163 617 2256 jus
638 2161 783 2250 dicente,
805 2185 908 2254 quum
933 2161 1121 2232 Commium
1146 2184 1239 2228 com·

196 2281 335 2376 perisset
363 2279 540 2352 sollicitare
569 2284 737 2366 civitates,
766 2295 800 2349 et
831 2282 1096 2374 conjurationem
1121 2296 1238 2349 contra

198 2404 360 2470 Caesarem
382 2401 504 2487 facere,
525 2401 753 2469 infidelitatem
769 2401 840 2493 ejus
860 2402 930 2469 sine
946 2399 1016 2469 ulla
1032 2399 1171 2494 perfidia
1185 2401 1237 2491 ju·

198 2519 322 2588 dicavit
347 2523 520 2614 comprimi
547 2547 652 2615 posse.
678 2523 787 2609 Quem
813 2523 890 2612 quia
917 2544 985 2589 non
1013 2520 1238 2588 arbitrabatur

200 2653 356 2707 vocatum
381 2643 416 2706 in
446 2655 553 2707 castra
581 2654 778 2723 venturum,
804 2664 846 2707 ne
876 2639 1035 2708 tentando
1058 2640 1239 2708 cautiorem

199 2761 338 2844 faceret,
366 2760 405 2825 C.
421 2757 627 2827 Volusenum
647 2759 856 2847 Quadratum
877 2758 982 2844 misit,
1004 2760 1061 2850 qui
1083 2782 1158 2826 eum
1181 2783 1241 2851 per

200 2876 447 2948 simulationem
465 2875 623 2970 colloquii
644 2892 775 2946 curaret
796 2876 1070 2945 interficiendum.
1093 2875 1145 2945 Ad
1168 2901 1240 2946 eam

200 3025 272 3070 rem
290 2997 434 3068 delectos
453 3000 483 3066 ei
501 2998 601 3067 tradit
619 2999 838 3067 centuriones.
857 2998 972 3085 Quum
987 2999 1022 3064 in
1038 2994 1239 3090 colloquium

201 3135 339 3188 ventum
353 3132 455 3204 esset,
469 3133 517 3205 et,
535 3131 572 3185 ut
590 3133 805 3204 convenerat,
822 3142 959 3185 manum
977 3117 1120 3185 Commii
1136 3113 1240 3187 Volu-

203 3263 301 3308 senus
320 3239 526 3332 arripuisset,
545 3239 713 3326 centurio,
729 3235 781 3306 vel
798 3251 836 3305 ut
854 3239 982 3305 insueta
1000 3261 1036 3304 re
1054 3251 1241 3330 permotus,

204 3359 256 3428 vel
271 3358 423 3429 celeriter
437 3385 457 3427 a
476 3358 692 3427 familiaribus
706 3358 893 3451 prohibitus
907 3359 1065 3444 Commii,
1079 3357 1242 3425 conficere
1346 3351 1350 3356 ’

205 3482 373 3549 hominem
394 3504 462 3547 uon
483 3481 608 3572 potuit;
623 3479 767 3572 graviter
788 3493 897 3546 tamen
919 3479 1026 3570 primo
1048 3478 1115 3544 ictu
1132 3474 1242 3568 gladio

205 3614 306 3692 caput
325 3599 496 3692 percussit.
516 3599 632 3686 Quum
652 3597 808 3688 utrinque
829 3594 929 3690 gladii
946 3594 1093 3663 destricti
1114 3606 1241 3677 essent,

208 3744 273 3788 non
299 3734 367 3788 tam
394 3716 564 3812 pugnandi
591 3740 691 3810 quam
715 3715 911 3808 diffugiendi
938 3715 1000 3782 luit
1028 3727 1243 3802 utrorumque

209 3837 383 3907 consilium
403 3864 410 3904 :
429 3853 637 3920 nostrorum,
668 3834 757 3927 quod
783 3834 953 3902 mortifero
983 3831 1117 3900 vulnere
1141 3833 1244 3898 Com-

209 3958 311 4026 mium
342 3957 520 4025 credebant
546 3954 721 4040 allectum3
755 3952 947 4040 Gallorum,
973 3951 1082 4044 quod,
1117 3950 1244 4019 insidiis
