3014 4780
492 441 542 496 DE
563 439 683 494 BELLO
703 439 989 496 ALEXANDRINO.
1201 443 1254 498 313
1397 459 1398 462 ’

275 565 339 618 Car.
366 559 418 616 ΙΙΙ.
440 559 605 632 Pompeium
620 573 651 610 se
666 573 704 610 ea·
711 556 790 631 fuga
808 557 905 611 eodem
920 554 1063 628 recepisse.
1080 555 1119 610 Ut
1136 556 1257 614 vidimus

167 671 170 678 ’
236 657 308 709 Beli.
329 652 406 716 Cia,
424 650 474 706 lib.
490 669 547 718 ιιι,
560 667 620 722 cap.
639 646 702 703 103.

273 747 336 802 eo.
361 747 410 803 lV.
439 745 476 798 Ut
491 761 578 816 supra
600 743 819 796 demnctmtam
836 751 885 795 eet.
901 739 1012 796 Scilicet
1030 740 1060 795 in
1085 743 1158 798 Bell.
1183 743 1257 810 cta,

234 839 283 894 lib.
308 855 362 906 ιιι,
381 853 441 909 cap.
465 851 527 890 ua.
585 882 589 889 .
1025 852 1031 865 ·

274 930 338 984 Car.
355 929 389 984 V.
408 927 566 1000 Specasqae
579 926 663 980 habet
678 926 720 978 ad
736 925 831 980 ll'ilam
846 925 1025 1000 penitentes.
1043 925 1160 982 Canales
1172 927 1254 984 intel-

235 1022 290 1094 lige
305 1021 510 1076 suhterraneoa.
528 1020 657 1074 Ceterum
675 1017 795 1085 vide,ea
813 1015 848 1070 de
866 1035 914 1085 re,
930 1017 1017 1071 Mem.
1034 1018 1071 1072 de
1084 1019 1193 1074 I'Acad.
1210 1021 1260 1075 des

238 1113 389 1185 Inacnpt„
402 1121 422 1169 t.
440 1129 487 1176 rx,
500 1129 527 1184 p.
548 1109 604 1176 416
618 1119 646 1164 et
666 1109 730 1174 432.

273 1205 340 1259 Car.
360 1221 401 1258 ax.
422 1204 470 1258 Ea
490 1202 621 1257 dedititiis
637 1197 895 1274 Pompeianam,
909 1199 1009 1255 dehac
1025 1199 1259 1274 Pompeianorum

236 1295 396 1362 deditione,
416 1295 489 1349 Bell.
510 1295 580 1358 Cia,
594 1293 643 1349 lib.
663 1311 719 1361 ιιι,
730 1311 753 1347 c.
769 1311 816 1366 99.

276 1387 398 1441 Domitio
409 1386 534 1442 Calvino.
550 1387 593 1440 De
610 1401 668 1457 quo
683 1383 791 1438 mentIo
804 1383 869 1452 tuit,
884 1385 955 1439 Bell.
970 1383 1024 1440 civ.
1032 1426 1041 1453 ,
1060 1385 1109 1440 lib.
1127 1405 1165 1457 ιι,
1178 1403 1201 1442 c.
1213 1391 1259 1452 ia.

274 1479 337 1534 Car.
357 1479 434 1536 XIV.
455 1479 571 1533 Partem
585 1495 647 1532 esse
661 1476 848 1532 Alexandria.-
864 1477 1013 1531 driuidum
1029 1478 1145 1548 Afiicoe.
1164 1479 1260 1548 Quum

237 1572 311 1627 enian
330 1571 360 1625 in
377 1570 545 1627 Alexandria
559 1579 698 1644 ponerent
706 1567 795 1623 veluti
806 1565 928 1623 confinia
941 1567 1040 1625 Africae
1058 1570 1182 1638 ethaiae,
1192 1589 1260 1644 par-

113 1723 115 1728 ,
237 1675 293 1719 tem
312 1662 485 1719 Alexandriae
505 1661 650 1718 dimidiam
668 1677 728 1716 esce
744 1658 858 1727 effice,
873 1659 989 1714 alteram
1002 1671 1092 1716 autem
1112 1661 1186 1718 Asiae
1202 1679 1262 1718 esce

237 1753 435 1828 predicabant.

277 1847 341 1902 eo.
360 1845 470 1901 XXIII.
494 1843 657 1916 Confectum
676 1843 761 1898 toeciio
774 1843 891 1917 puellae.
909 1841 1049 1898 Arsinoen
1067 1843 1205 1918 intellige,
1226 1845 1263 1901 de

236 1953 291 2008 qua
309 1953 370 2008 cap.
394 1943 419 2002 Ι..

276 2029 339 2084 eo.
352 2029 440 2084 XXV.
453 2027 582 2100 Proeficit
595 2027 659 2083 haic
680 2028 737 2083 Tib.
752 2029 901 2083 Neronem.
923 2027 987 2084 Tib.
1010 2027 1143 2086 Claudias
1169 2029 1262 2098 Nero,

236 2120 274 2175 de
294 2137 350 2193 quo
367 2119 413 2175 hic
438 2120 544 2194 agitur,
563 2129 645 2194 pater
660 2119 713 2174 tuit
729 2119 838 2174 Tiberii
859 2120 1043 2194 inperatorio.
1057 2120 1099 2178 Ci.
1119 2121 1263 2190 Samon,

243 2213 319 2278 rita,
340 2229 400 2286 cap.
418 2217 444 2277 i.
500 2241 503 2248 .
997 2231 1002 2238 ·

277 2306 339 2360 eo.
358 2304 488 2360 XXXIV.
508 2305 568 2358 lieu:
586 2303 743 2373 Dejotancs.
763 2303 807 2359 De
823 2321 880 2376 quo
895 2303 960 2360 vide
975 2304 1061 2374 inira,
1074 2325 1097 2361 c.
1122 2303 1168 2374 67.
1184 2303 1262 2359 Idem

238 2396 285 2452 ille
303 2407 345 2452 est
363 2414 446 2468 qoem
462 2395 570 2474 Tullius
584 2395 689 2469 insigni
707 2394 835 2450 oratione
855 2397 1070 2452 commendavit.

277 2489 339 2544 eo.
356 2489 417 2544 XL.
434 2487 469 2542 Se
483 2487 512 2541 in
526 2487 626 2542 Asiam
640 2486 748 2560 recepit
766 2485 858 2542 Asiam
874 2487 998 2561 intellige
1011 2489 1126 2562 proprie
1143 2487 1263 2556 dictam,

238 2579 284 2650 poi
301 2579 415 2654 quidem
435 2578 613 2652 Cappadocia
627 2577 813 2650 Bithyniaque
830 2575 900 2632 lines
918 2589 1004 2633 erant.

277 2674 340 2728 Car.
355 2671 427 2726 XLI.
447 2671 538 2738 Ouum
555 2667 758 2738 sihifhnunam
773 2679 925 2742 paternam
929 2667 1061 2739 feliciore
1071 2682 1164 2725 eventu
1176 2671 1263 2726 desti-

236 2772 325 2817 naret.
347 2759 524 2814 Mithridates
537 2759 627 2828 enim,
645 2759 794 2816 Pharnacis
812 2770 909 2832 pater,
923 2779 1007 2816 cesus
1022 2761 1123 2831 fuerat,
1139 2773 1169 2817 ut
1189 2773 1264 2836 patet

237 2873 252 2910 e
269 2855 368 2920 Floro,
382 2851 432 2907 lib.
452 2870 507 2918 ιιι,
522 2869 580 2925 cap.
599 2849 623 2906 5.

208 2939 212 2949 “
279 2944 424 3018 Supplicia
437 2944 580 2999 constituit
590 2944 619 2997 in
630 2961 707 2998 eos...
723 2956 811 2999 morte
825 2945 976 3000 miseriora
991 2943 1115 3000 Videbis
1128 2945 1202 3002 enim
1218 2945 1262 3000 in-

237 3037 291 3104 ira,
309 3055 372 3110 cap..
388 3053 425 3105 7⁰
439 3055 446 3090 :
461 3054 549 3090 «narn
562 3053 655 3110 neque
671 3035 824 3092 interiectis
842 3037 969 3092 amoram
988 3037 1088 3105 vitam,
1105 3055 1196 3110 neque
1214 3056 1264 3092 ex-

237 3128 318 3184 sectis
334 3127 495 3183 virilitatem
508 3128 654 3184 restituere
669 3145 766 3202 posse;
781 3129 859 3202 qood
878 3129 992 3202 quidem
1010 3128 1177 3203 supplicium
1198 3147 1263 3204 gra·

237 3221 299 3274 vius
312 3230 403 3274 morte
420 3219 495 3275 cives
507 3221 618 3276 romani
634 3220 779 3276 subissent.
793 3245 805 3271 a

276 3315 339 3368 cn.
358 3313 447 3368 XLII.
461 3315 494 3385 Q.
513 3313 683 3387 Compicius.
699 3313 746 3370 Ad
761 3333 845 3388 quem
861 3315 960 3371 Cicero
978 3333 1037 3370 non
1057 3317 1142 3372 semel
1151 3315 1263 3384 scribit,

240 3407 283 3459 nd
296 3405 395 3459 Fomil.
405 3445 414 3472 ,
425 3404 473 3459 lib.
495 3423 549 3460 xri.

275 3498 338 3553 Car.
358 3495 458 3551 XLIV.
472 3497 657 3570 Epidaumm.
679 3497 852 3554 Maritimam
874 3499 1025 3572 oppidum,
1044 3499 1080 3555 ad
1096 3519 1177 3556 oram
1193 3503 1263 3576 illy-

236 3590 289 3646 rici
308 3589 408 3658 muris,
422 3589 452 3645 in
465 3591 618 3658 Dalmatia,
631 3589 766 3663 positum
785 3591 863 3664 quod
880 3590 992 3664 quidem
1010 3611 1078 3648 cave
1092 3610 1130 3649 ne
1144 3595 1264 3648 coniun-

237 3681 286 3736 das
306 3700 367 3737 cum
393 3681 516 3753 ejusdcm
544 3683 667 3737 nominis
688 3681 809 3757 oppido,
826 3682 855 3738 in
876 3682 1025 3757 Argolide,
1041 3683 1092 3739 obi
1111 3685 1264 3761 AEsculapii

237 3773 332 3828 fanum
350 3774 563 3829 nobilissimum.

277 3863 339 3918 Car.
362 3867 464 3920 XLVl.
486 3867 534 3919 Ad
549 3883 628 3919 soum
648 3883 856 3939 myoparonem.
880 3869 1033 3941 Myoparo‚
1057 3878 1126 3924 teste
1149 3868 1264 3936 Nonio,

239 3973 310 4022 xm,
326 3955 357 4022 6,
377 3956 502 4010 navicula
521 3956 674 4030 piratarum
691 3968 756 4012 erat.
781 3959 866 4027 Quod
888 3977 993 4014 nomen
1010 3961 1133 4034 Scaliger
1157 3962 1264 4017 derivat

239 4067 254 4100 a
275 4047 360 4102 simili
383 4047 505 4103 moribus
521 4045 595 4126 (μῦς)
620 4047 709 4102 forma
737 4049 871 4105 naviculae
892 4063 1022 4126 angusta,
1040 4053 1175 4126 oblonga,
1202 4065 1263 4110 eta
