3042 4772
510 435 702 494 onemo
725 436 928 493 asmcsno.
1182 453 1237 510 αις

204 593 270 662 prae
292 591 327 634 se
346 564 487 660 gerebat.
507 563 594 634 Huic
612 561 865 655 acquiescebant
882 559 1048 646 homines,
1066 572 1098 625 et
1117 559 1150 626 in
1166 559 1236 651 ejus

202 686 336 755 scientia
354 699 386 752 et
406 680 543 751 consilio
557 682 666 749 omnia
678 681 739 748 sibi
759 677 919 774 proclivia
937 703 1050 748 omnes
1067 676 1137 757 sore
1157 702 1231 771 spe-

204 804 330 873 rabant.
424 867 428 874 .
537 801 541 815 '

252 925 313 992 xl.
324 925 443 1008 Caesar,
461 946 528 988 una
540 935 638 990 nocte
654 921 687 988 in
702 918 1048 1011 navibusconsumpta
1059 968 1069 1002 ,
1077 917 1146 1010 jam
1155 915 1237 985 coelo

204 1041 353 1130 albente,
367 1065 470 1134 quum
483 1039 643 1134 proficisci
655 1054 846 1125 conaretur,
862 1038 973 1108 subito
989 1037 1124 1105 navium
1143 1060 1236 1129 pars,

204 1160 245 1229 de
262 1185 329 1254 qua
346 1161 496 1247 timebat,
515 1184 555 1228 ex
574 1183 687 1228 errore
706 1157 821 1228 eodem
840 1157 1079 1226 conserebatur.
1109 1158 1180 1224 Hac
1199 1179 1235 1222 re
1333 1171 1338 1180 '

204 1278 676 1375 cognita,Caesarocleritcrde
686 1278 825 1348 navibus
833 1279 975 1372 imperat
983 1300 1097 1345 omnes
1106 1273 1236 1369 egredi,

204 1416 303 1494 atque
320 1399 465 1470 armatos
485 1401 519 1467 in
545 1397 641 1474 litore
655 1397 799 1490 reliquos
820 1396 1028 1491 adqenientes
1045 1393 1165 1463 milites
1182 1417 1235 1478 ex·

204 1535 362 1615 spectare.
384 1523 518 1613 Itaque,
540 1521 610 1588 sine
633 1543 725 1588 mora
742 1517 881 1586 navibus
898 1518 946 1585 eis
963 1517 997 1584 in
1025 1528 1158 1609 portum
1182 1538 1235 1582 re·

204 1642 323 1734 ceptis,
347 1655 380 1708 et
406 1639 549 1708 advectis
568 1636 710 1706 militum
730 1638 944 1730 equitumque
974 1636 1098 1727 copiis,
1126 1657 1239 1701 rursus

206 1759 249 1828 ad
266 1758 425 1854 oppidum
437 1759 619 1851 Ruspinam
634 1755 740 1844 redit,
759 1770 858 1848 atque
879 1756 925 1823 ibi
944 1755 1058 1823 castris
1074 1753 1238 1821 constitu·

207 1881 268 1964 tis,
292 1879 361 1972 ipse
376 1901 451 1946 cum
465 1875 659 1945 cohortibus
673 1874 837 1970 expeditis
852 1898 924 1943 xxx
941 1872 1176 1942 frumentatum
1191 1885 1240 1940 est

206 1997 381 2092 proiectus.
404 1999 511 2065 Exeo
531 2009 580 2063 est
600 1997 768 2090 cognitum
782 1995 918 2064 casaris
936 1990 1126 2078 consilium,
1146 1988 1238 2059 illum

209 2141 284 2184 cum
302 2113 403 2183 classe
422 2114 558 2184 navibus
577 2115 756 2202 onerariis,
770 2139 844 2208 quse
861 2114 1079 2199 deerrassent,
1095 2109 1239 2180 subsidio

120 2227 122 2233 ’
207 2237 273 2322 irc,
290 2232 373 2302 clam
393 2233 564 2319 hostibus,
579 2231 738 2321 voluisse,
761 2256 803 2303 ne
819 2259 897 2303 casn
922 2229 1149 2327 imprudentes
1170 2253 1237 2298 suae

208 2375 308 2422 naves
329 2356 363 2421 in
382 2352 517 2424 classem
536 2353 796 2424 aduersariorum
815 2352 1018 2440 inciderent,
1041 2375 1146 2444 neque
1165 2371 1238 2419 *eam

207 2496 275 2541 rem
292 2497 347 2541 eos
364 2473 505 2542 voluisse
522 2475 619 2557 scire,
634 2475 692 2567 qui
707 2475 742 2541 in
760 2471 919 2566 presidiis
932 2469 1037 2540 relicti
1047 2471 1099 2539 sui
1116 2468 1236 2538 milites

207 2591 362 2678 fuissent,
372 2593 421 2662 uti
434 2592 517 2661 nibil
529 2607 664 2685 propter
677 2615 812 2660 suorum
829 2591 1028 2684 paucitatem
1043 2605 1075 2658 et
1093 2589 1238 2658 hostium

207 2711 452 2780 multitudinem
472 2724 561 2780 metu
575 2708 760 2778 deficerent.

254 2833 329 2898 XII.
347 2831 505 2914 Interim,
520 2852 622 2921 quum
639 2828 705 2920 jam
717 2831 826 2898 Caesar
845 2851 1037 2922 progressus
1052 2839 1135 2895 esset
1150 2851 1170 2895 a
1185 2851 1239 2895 ca-

209 2952 283 3018 stris
292 2949 424 3018 circiter
430 2946 533 3018 millia
544 2972 698 3041 passuum
711 2949 792 3036 tria,
804 2973 863 3043 per
876 2946 1094 3042 speculatotes
1102 2961 1136 3016 et
1151 2960 1241 3016 ante·

210 3092 351 3138 cessores
365 3069 489 3162 equites
501 3070 674 3140 nuntiatur
686 3071 733 3155 ci,
749 3071 860 3163 copias
875 3069 1019 3137 hostium
1035 3067 1124 3138 haud
1143 3067 1242 3162 longe

209 3186 252 3256 ab
276 3211 346 3256 sese
371 3187 466 3256 visas.
486 3192 528 3260 Et
552 3187 660 3258 liercle
686 3213 760 3257 cum
788 3214 829 3258 eo
856 3190 973 3258 nuntio
991 3187 1098 3283 pulvis
1124 3190 1240 3283 ingens

190 3309 353 3402 conspici
370 3323 495 3402 sceptus
515 3323 573 3378 est.
592 3313 662 3378 Hac
681 3335 716 3380 re
733 3311 881 3406 cognita,
901 3311 1011 3380 Caesar
1024 3307 1174 3378 celeriter
1188 3309 1242 3403 ju-

208 3428 264 3497 bet
278 3428 461 3522 equitatum
476 3427 690 3518 universum,
710 3431 805 3523 cujus
823 3429 955 3523 copiam
973 3429 1090 3496 babuit
1105 3430 1139 3497 in
1159 3453 1242 3522 prae-

209 3550 314 3616 sentia
333 3573 401 3617 non
419 3571 591 3645 magnam,
610 3563 643 3618 et
667 3548 873 3644 sagittarios,
890 3571 1034 3642 quorum
1051 3571 1171 3642 parvus
1186 3574 1242 3616 nu-

210 3691 385 3754 mems,ex
396 3670 511 3738 castris
523 3670 660 3757 arcessi,
671 3683 771 3764 atque
786 3667 964 3737 ordinatim
979 3668 1071 3762 signa
1080 3692 1114 3737 se
1123 3667 1242 3736 leniter

211 3787 364 3880 consequi
381 3814 389 3856 z
405 3790 474 3882 ipse
490 3788 682 3860 antecedere
701 3813 776 3858 cum
794 3788 905 3881 paucis
925 3787 1069 3856 armatis.
1087 3789 1242 3879 Jamque,

210 3927 313 3995 quum
338 3906 452 3998 procul
473 3908 576 3980 bostis
598 3911 744 4003 conspici
774 3925 897 4003 posset,
919 3906 1036 3977 milites
1063 3908 1096 3975 in
1124 3931 1243 4001 campo

208 4021 299 4116 jubet
328 4023 467 4117 galeari,
486 4042 519 4096 et
542 4028 584 4096 ad
610 4055 755 4124 pugnam
778 4032 887 4124 parari
912 4056 919 4096 :
944 4053 1085 4123 quorum
1106 4030 1242 4098 omnino
