3048 4770
222 390 676 418 W

414 707 659 802 NOTITIA
693 705 1060 796 LITTERARIA

241 976 353 1104 uu
408 971 480 1105 c.
534 971 798 1108 rutro
849 967 1231 1112 cAEstuu

580 1317 634 1372 EX
653 1317 689 1372 G.
705 1319 729 1372 J.
749 1315 897 1382 vossio,

409 1461 435 1520 J.
451 1467 482 1520 Δ.
506 1463 691 1533 turturem,
710 1464 759 1519 ET
780 1463 817 1520 H.
836 1463 1062 1520 DODWELLO.

219 1971 286 2100 C.
303 2016 423 2098 lunius
438 2029 560 2099 Cnsnn
577 2027 736 2114 dictator,
750 2021 937 2122 eloquentia
956 2027 1171 2121 doctrinaque
1190 2051 1256 2095 non

228 2147 353 2236 minus,
369 2171 469 2240 quarn
485 2145 671 2218 incredibili
685 2146 810 2242 ingenii
829 2149 997 2242 animique
1013 2147 1065 2236 vi,
1083 2168 1260 2239 rerumque

226 2293 392 2373 gestorum
405 2278 638 2376 'magnitudine
657 2277 872 2369 clarissimus,
884 2295 964 2376 post
981 2279 1125 2352 Galliam
1142 2283 1260 2352 subac-

226 2426 309 2498 tnrn,
326 2413 457 2482 'victum
476 2415 538 2483 Cn.
558 2412 772 2508 Pompeium,
791 2427 825 2486 et
850 2437 1040 2508 oppressam
1059 2412 1259 2501 libertatem,

156 2607 158 2610 .
225 2567 331 2636 quum
350 2566 477 2614 summa
499 2557 662 2639 potestate
679 2541 780 2638 poulo
800 2543 888 2614 ultra
909 2544 1165 2639 quadriennium
1187 2569 1260 2614 mo·

225 2675 339 2746 denote
358 2678 435 2746 satis
453 2702 531 2746 usus
548 2677 681 2767 suisset,
697 2679 732 2746 in
749 2678 842 2747 curin
857 2703 877 2747 a
890 2680 1070 2772 conjuratis
1089 2678 1260 2748 confossus

227 2811 326 2904 periit
344 2808 453 2878 idibus
474 2811 618 2896 martiis,
645 2835 734 2880 anno
756 2811 848 2879 urbis
872 2833 958 2908 710,
982 2824 1059 2882 onte
1087 2811 1166 2882 Chr.
1197 2789 1260 2900 M,

226 2941 330 3010 aetatis
343 2937 398 3010 56.
412 2941 578 3011 Maximus
592 2931 844 3037 imperatorum,
856 2965 1073 3040 summusque
1084 2957 1259 3016 auctorum

227 3075 308 3163 tuit,
326 3088 364 3143 ut
379 3075 426 3142 nit
441 3075 593 3161 Tacitus,
604 3076 747 3143 etruria
764 3073 944 3144 udrnotlum
961 3077 1092 3171 scripsit
1107 3103 1116 3146 :
1131 3101 1170 3147 ex
1189 3079 1262 3172 qui·

227 3209 289 3275 bus
305 3205 376 3276 sola
390 3221 584 3301 supersunt,
601 3227 675 3301 quae
690 3207 728 3277 in
739 3231 776 3276 re
794 3205 951 3278 historica
969 3207 1113 3304 reliquit.
1128 3213 1263 3307 Nempe

227 3354 356 3410 exstant
368 3341 439 3436 ejus
452 3343 507 3410 De
520 3340 602 3412 bello
616 3341 711 3438 quod
723 3365 798 3410 eum
815 3341 923 3412 Gallis
934 3344 1042 3438 gessit
1055 3345 1262 3415 Commenta·

227 3477 350 3545 norrun
367 3474 450 3544 ‘libri
469 3498 535 3559 vu,
558 3498 702 3567 quorum
722 3473 847 3570 stitguli
861 3476 1070 3573 singulorum
1092 3499 1264 3550 annorum*

227 3631 279 3676 res
295 3595 573 3699 complectuntur.
586 3606 684 3676 Unde
696 3609 840 3698 Hirtius,
855 3633 933 3700 vm,
947 3611 1016 3695 48⁴:
1034 3639 1051 3674 α
1063 3613 1139 3680 Scio
1153 3614 1261 3682 Caesn·

227 3757 297 3808 rem
311 3735 519 3832 singulorum
530 3761 695 3808 annorum
704 3739 852 3836 singulos
865 3743 1123 3812 'commentarios
1135 3742 1261 3834 fecisse,

226 3870 317 3966 quod
335 3895 396 3966 ego
410 3895 477 3939 non
493 3872 676 3940 existimavi
692 3873 775 3942 mihi
795 3873 1073 3944 essc'fuciendum.
1088 3905 1105 3942 s
1122 3869 1264 3945 tdfhaec

228 4019 292 4074 tres
303 4001 343 4073 tle
352 4002 439 4078 bello
448 4000 548 4072 civili.
559 4005 727 4086 Ciceronis
743 4007 785 4080 de
796 4008 836 4077 iis
847 4009 1091 4078 commentariis
1101 4003 1264 4102 judicium
