3026 4768
301 345 356 384 rao
454 329 484 382 C.
508 328 604 384 JIJLII
627 327 791 384 CAESAIIIS
811 328 1182 386 comumuTmouUm

342 457 466 526 XVIII.
492 455 619 539 Caesar,
648 452 784 548 cognito
813 452 952 522 consilio
978 478 1114 543 eorum,
1144 455 1186 524 ad
1216 455 1341 524 flumen

293 576 448 646 Tamesin
473 575 507 642 in
534 574 617 642 lines
637 571 878 644 Cassivellauni
903 575 1089 642 exercitum
1113 573 1226 661 duxit;
1250 577 1341 670 quod

295 699 419 768 llurnen
435 721 502 766 uno
516 695 654 764 omnino
670 691 745 762 loco
762 691 917 787 pedibus,
930 709 1031 789 atque
1045 695 1109 764 hoc
1125 719 1226 791 aegre,
1237 711 1342 784 traus-

294 822 334 887 iri
356 830 478 913 potest.
494 820 545 886 Eo
566 839 671 909 quum
689 816 848 903 venisset,
866 815 1124 901 animadvertit,
1143 817 1186 885 ad
1203 815 1340 886 alteram

294 939 442 1009 fluminis
466 939 573 1031 ripam
596 959 733 1030 magnas
751 959 820 1004 esse
840 935 952 1028 copias
974 935 1120 1006 hostium
1141 931 1340 1016 instructas:

294 1060 368 1154 ripa
390 1074 502 1128 autem
526 1072 599 1127 erat
623 1057 730 1126 acutis
754 1054 893 1126 sudibus
915 1055 1058 1150 praefixis
1082 1059 1231 1145 munita3
1254 1063 1342 1153 ejus·

294 1181 437 1274 demque
453 1180 585 1274 generis
601 1177 663 1248 sub
679 1202 765 1271 aqua
782 1177 898 1248 defixae
912 1177 1009 1246 sudes
1030 1176 1169 1246 flumine
1185 1181 1340 1274 tegeban—
1378 1191 1383 1200 '

295 1317 360 1370 tur.
383 1302 444 1370 His
468 1300 568 1370 rebus
591 1300 733 1396 cognitis
757 1324 777 1367 a
800 1299 941 1394 eaptivis
968 1297 1195 1395 perfugisque,
1215 1302 1341 1388 Caesar,

295 1421 465 1529 premisso
490 1421 660 1514 equitatu,
682 1419 856 1488 confestim
885 1417 1032 1514 legiones
1057 1419 1213 1514 subsequi
1231 1422 1340 1515 jussit.

293 1543 360 1612 Sed
380 1567 419 1611 ea
437 1539 605 1611 celeritate
622 1556 723 1635 atque
743 1564 782 1609 eo
802 1542 929 1634 impetu
950 1538 1072 1609 milites
1091 1541 1219 1629 ierunt,
1236 1567 1341 1636 quum

294 1667 402 1757 capite
417 1661 488 1732 solo
505 1687 544 1730 ex
565 1686 650 1757 aqua
670 1675 854 1747 exstarent,
871 1675 909 1729 ut
929 1661 1040 1731 hostes
1060 1662 1222 1756 impetum
1240 1661 1342 1758 legio·

294 1811 377 1854 uum
393 1798 494 1879 atque
510 1784 663 1878 equitum
680 1783 843 1852 sustinere
863 1807 930 1852 non
948 1798 1098 1877 possent,
1120 1783 1275 1878 ripasque
1292 1785 1341 1853 di-

296 1907 482 1993 mitterent,
501 1929 540 1974 ac
556 1929 590 1974 se
606 1903 691 1998 fugae
707 1904 920 1974 mandarent.

255 2061 258 2066 ¹
342 2029 435 2096 XIX.
451 2022 735 2106 Cassivellaunus,
746 2039 786 2092 ut
798 2048 899 2118 supra
915 2023 1235 2115 demonstravimus,
1249 2032 1341 2099 omui

295 2147 445 2239 deposita
472 2170 529 2239 spe
554 2147 796 2228 contentionis,
819 2145 963 2215 dimissis
984 2146 1203 2241 amplioribus
1221 2152 1341 2246 copiis,

294 2265 443 2334 millibus
466 2267 600 2335 circiter
619 2279 765 2359 quatuor
787 2265 1029 2335 essedariorum
1053 2267 1196 2359 relictis,
1223 2273 1342 2342 itinera

296 2402 409 2457 nostra
424 2386 590 2472 servabat,
605 2385 845 2480 paululumque
857 2411 898 2455 ex
916 2389 967 2456 via
983 2388 1178 2478 excedebat,
1196 2389 1342 2489 locisque

297 2509 464 2602 impeditis
478 2533 517 2576 ac
534 2505 740 2577 silvestribus
754 2533 823 2578 sese
839 2507 1042 2597 occultabat,
1058 2525 1159 2605 atque
1180 2515 1218 2582 iis
1235 2516 1342 2611 regio·

294 2631 407 2718 nibus,
429 2630 549 2724 quibus
563 2653 623 2697 nos
637 2629 700 2698 iter
716 2629 861 2698 facturos
876 2650 1090 2724 cognoverat,
1108 2657 1228 2727 pecora
1242 2651 1341 2731 atque

293 2753 445 2821 homines
464 2775 504 2819 ex
521 2753 609 2846 agris
626 2752 661 2819 iu
682 2748 780 2820 silvas
800 2750 1035 2846 compellebat;
1052 2769 1100 2838 et,
1120 2779 1224 2848 quum
1247 2761 1342 2852 equi·

294 2885 382 2939 tatus
405 2887 518 2941 noster
535 2869 673 2950 liberius
696 2869 866 2965 praedandi
890 2872 1108 2966 vastandique
1126 2897 1224 2944 causa
1248 2903 1281 2946 se
1306 2881 1339 2947 in

293 3010 390 3083 agros
414 2990 614 3076 effunderet,
635 2991 791 3060 omnibus
813 2993 872 3060 viis
892 2995 980 3061 notIs
997 2996 1190 3090 semitisque
1214 3000 1342 3068 esseda-

293 3111 360 3178 rios
379 3135 419 3178 ex
439 3111 529 3180 silvis
550 3112 739 3198 emittebat,
760 3126 792 3180 et
811 3135 934 3207 magno
951 3137 1028 3182 cum
1045 3115 1195 3208 periculo
1212 3135 1341 3188 nostro-

292 3255 366 3298 rum
388 3231 539 3324 equitum
560 3257 636 3300 cum
653 3233 692 3300 iis
707 3232 922 3327 confligebat,
939 3245 1039 3327 atquo
1053 3235 1117 3305 hoc
1134 3253 1224 3306 metu
1242 3237 1341 3310 latius

292 3352 404 3446 vagari
428 3351 634 3445 prohibebat.
655 3352 937 3447 Relinquebatur,
960 3369 998 3422 ut
1018 3380 1126 3450 neque
1145 3354 1277 3454 lougius
1299 3359 1339 3430 ab

292 3473 424 3568 agmine
440 3471 608 3566 legionum
627 3473 750 3542 discedi
769 3478 879 3544 Caesar
896 3489 1085 3569 pateretur,
1103 3493 1136 3546 et
1154 3492 1284 3548 tantum
1306 3483 1338 3549 in

292 3595 379 3688 agris
405 3593 573 3663 vastandis
593 3594 821 3688 incendiisque
849 3593 1008 3664 faciendis
1030 3597 1179 3667 hostibus
1204 3625 1340 3670 nocere-

293 3729 362 3801 tur,
380 3729 543 3808 quantum
560 3713 674 3783 labore
690 3731 790 3808 atque
811 3717 929 3784 itinere
945 3715 1119 3810 legionarii
1135 3718 1256 3788 milites
1273 3719 1340 3789 effi·

291 3857 366 3900 cere
379 3846 545 3925 poterant.

340 3955 415 4020 XX.
445 3955 583 4022 Interim
608 3955 850 4044 Trinobantes,
879 3983 983 4053 prope
1009 3955 1194 4029 firmissima
1223 3986 1338 4030 earum
