3060 4768
513 393 563 450 DE
585 393 706 450 batto
727 391 930 464 altmanno
1001 431 1011 454 .
1177 409 1229 464 ²7¹

211 519 371 617 populum
385 541 558 588 romanum
572 532 738 612 suscepto,
752 519 785 586 in
802 515 925 611 oppido
935 521 1041 586 Zama
1050 515 1233 611 lignisoon·

211 641 309 736 gestis
321 689 331 726 ,
344 640 517 707 maximam
531 637 566 704 in
582 637 690 706 medio
701 635 775 706 loro
789 661 903 730 pyram
918 649 1165 722 construxerat,
1182 651 1233 722 ut,

210 761 236 828 si
253 757 336 827 forte
355 753 442 824 bello
459 754 544 830 foret
560 769 746 849 superatus,
765 755 919 825 omnibus
937 755 1033 824 rebus
1051 778 1091 824 eo
1109 779 1235 824 coacer-

210 875 307 964 vatis,
328 873 448 944 debinc
472 873 598 944 civibus
617 875 745 944 cunctis
766 873 944 944 intersectis
963 872 1142 965 eodemque
1160 896 1234 966 pro·

207 994 322 1088 jectis,
337 993 415 1088 igne
432 993 595 1086 subjecto,
611 1007 684 1062 tum
700 992 832 1062 demum
849 993 969 1086 seipse
984 993 1118 1088 insuper
1135 991 1235 1062 inter·

209 1114 338 1199 ficeret,
368 1127 466 1205 atque
493 1135 558 1180 una
588 1135 663 1180 cunr
689 1109 819 1198 liberis,
850 1111 1059 1204 conjugibus,
1086 1110 1233 1195 civibus,

209 1246 392 1325 cunctaque
412 1253 491 1326 gaza
509 1230 600 1325 regia
623 1244 834 1300 cremaretur.
854 1231 1031 1324 Postquam
1052 1229 1137 1300 lube
1157 1241 1234 1298 aute

211 1365 321 1450 portas
341 1349 399 1419 diu
417 1347 625 1444 multumque
642 1349 750 1442 primo
767 1348 865 1420 minis
878 1373 941 1444 pro
957 1343 1099 1444 imperio
1115 1350 1235 1444 egisset

209 1495 284 1541 curn
317 1469 541 1557 Zamensibus,
567 1466 705 1556 deinde,
733 1492 834 1561 quum
863 1491 898 1536 se
927 1492 1045 1564 parum
1073 1465 1232 1561 proficere

210 1588 440 1674 intellexisset,
459 1586 611 1682 precibus
634 1611 767 1681 quoque
792 1601 935 1674 orasset,
960 1587 1008 1656 uti
1027 1611 1062 1656 se
1086 1585 1130 1655 ad
1157 1611 1234 1682 suos

209 1709 288 1779 deos
316 1721 451 1804 penates
466 1706 695 1792 admitterent,
715 1705 770 1776 ubi
787 1730 842 1774 eos
860 1706 894 1776 iu
910 1705 1069 1776 sententia
1088 1719 1233 1798 perstare
1375 1773 1378 1784 ,
1517 1771 1518 1788 ,

209 1827 455 1913 animadvertit,
475 1849 534 1894 nec
551 1825 650 1895 minis
669 1849 729 1894 nec
748 1823 899 1919 precibus
919 1825 991 1904 suis,
1004 1809 1148 1908 moveri,
1166 1847 1234 1915 quo

210 1948 366 2041 mugisse
387 1945 591 2038 reciperent,
616 1943 713 2012 tertio
734 1944 817 2036 petit
833 1942 875 2018 ab
894 1943 962 2029 eis,
983 1955 1020 2010 ut
1042 1941 1104 2010 sibi
1123 1943 1235 2035 eonju-

211 2089 267 2161 ges
279 2047 463 2156 liberosque
476 2060 667 2147 redderent,
684 2075 721 2130 ut
735 2083 844 2130 mcum
862 2085 917 2130 eos
933 2073 1125 2154 asportaret
1141 2063 1235 2130 Post-

210 2207 310 2278 quam
336 2182 398 2254 sibi
426 2179 508 2250 nihil
543 2182 679 2250 omnino
711 2179 894 2275 oppidanos
915 2181 1074 2274 'responsi
1098 2178 1235 2250 reddere

210 2301 459 2389 animadvertit,
475 2298 565 2369 nulla
583 2325 619 2369 re
637 2300 679 2368 ab
697 2299 774 2393 ipsis
794 2300 982 2393 impetrata,
1000 2299 1041 2367 ab
1058 2303 1157 2368 Zama
1173 2298 1236 2368 dis·

209 2420 311 2510 cedit,
331 2435 428 2514 atque
446 2419 487 2490 ad
507 2417 617 2490 villam
639 2441 732 2488 suam
751 2441 826 2486 curn
844 2419 891 2491 Μ.
910 2419 1039 2496 Petreio
1054 2421 1235 2513 paucisque
1314 2434 1316 2443 '

210 2541 374 2636 equitibus
391 2565 425 2609 se
442 2538 581 2610 confert.

257 2662 362 2730 XCII.
373 2662 543 2728 Zammes
550 2657 680 2726 interim
692 2655 815 2752 legatos
826 2654 867 2724 de
875 2655 1017 2724 iisrebus
1024 2654 1065 2724 ad
1074 2659 1235 2726 Cmarern

210 2778 341 2846 Uticam
359 2777 512 2861 mittunt,
527 2787 710 2868 petuntque
726 2774 768 2844 ab
784 2798 844 2863 eo,
857 2803 874 2838 s
890 2775 938 2843 uti
956 2788 1046 2860 ante,
1062 2798 1163 2867 quam
1178 2801 1235 2844 rex

211 2917 345 2964 manum
370 2892 559 2988 colligeret,
580 2917 714 2987 seseque
739 2908 966 2990 oppugnaret,
985 2892 1047 2963 sibi
1075 2891 1235 2964 auxilium
1328 2921 1331 2924 ·

210 3014 380 3082 mitteret:
398 3037 432 3080 se
448 3025 559 3082 tamen
574 3025 705 3105 paratos
721 3037 804 3100 esse,
822 3013 884 3084 sibi
900 3010 1010 3106 quoad
1029 3013 1096 3082 vita
1114 3035 1234 3108 suppe-

213 3144 311 3216 teret,
326 3131 483 3225 oppidum
502 3155 601 3225 seque
624 3134 654 3201 ei
676 3155 852 3202 reservare.
875 3161 892 3198 a
914 3135 1053 3228 legatos
1075 3129 1236 3204 collauda·

212 3265 263 3318 tos
282 3251 392 3320 Caesar
406 3249 540 3320 domum
554 3249 648 3344 jubet
666 3251 871 3340 antecedere,
887 3275 927 3321 ac
944 3273 1041 3322 snum
1056 3251 1235 3322 adventum

212 3370 442 3464 praenuntiare.
458 3371 546 3463 Ipse,
562 3383 693 3463 postero
706 3370 760 3440 dle
772 3372 870 3442 Utica
884 3395 1047 3464 egressus,
1060 3396 1137 3442 cum
1149 3373 1236 3468 equi·

212 3504 283 3560 tatu
309 3489 344 3558 in
363 3511 500 3585 regnum
520 3489 568 3558 ire
585 3489 764 3558 contendit.
784 3491 920 3560 Interim
937 3492 972 3560 iu
992 3492 1109 3560 itinere
1125 3514 1168 3560 ex
1186 3516 1236 3560 re·

211 3609 274 3702 giis
287 3609 390 3702 copiis
406 3607 504 3678 duces
519 3606 704 3702 complures
721 3607 763 3677 ad
776 3611 935 3678 Caesarem
951 3611 1107 3694 veniunt,
1122 3624 1236 3680 crant,-

212 3749 296 3818 que,
319 3739 356 3795 ut
373 3727 433 3795 sibi
454 3727 610 3821 ignoscat.
637 3727 775 3817 Quibus
788 3726 991 3822 supplicibus
1017 3729 1110 3798 venia
1136 3726 1235 3812 data,

211 3847 344 3914 Zamam
364 3847 570 3939 perveniunt„
586 3850 733 3916 Rumore
752 3847 882 3916 iuterim
901 3844 1028 3942 perlato
1046 3847 1088 3917 de
1104 3847 1173 3941 ejus
1192 3846 1237 3916 le·

213 3963 315 4030 nitate
334 3961 590 4056 clementiaque,
606 3965 843 4060 propemodum
868 3991 982 4038 omnes
999 3967 1094 4061 regni
1106 3967 1234 4060 'equites
