<?xml version="1.0" encoding="UTF-8"?>
<!DOCTYPE html PUBLIC "-//W3C//DTD XHTML 1.0 Transitional//EN"
    "http://www.w3.org/TR/xhtml1/DTD/xhtml1-transitional.dtd">
<html xmlns="http://www.w3.org/1999/xhtml" xml:lang="en" lang="en">
 <head>
  <title>
</title>
<meta http-equiv="Content-Type" content="text/html;charset=utf-8" />
  <meta name='ocr-system' content='tesseract 3.04.00' />
  <meta name='ocr-capabilities' content='ocr_page ocr_carea ocr_par ocr_line ocrx_word'/>
</head>
<body>
  <div class='ocr_page' id='page_1' title='image "./cjcaesarisopera00caesgoog_0283.png"; bbox 0 0 3020 4768; ppageno 0'>
   <div class='ocr_carea' id='block_1_1' title="bbox 411 331 1229 401">
    <p class='ocr_par' dir='ltr' id='par_1_1' title="bbox 411 331 1229 401">
     <span class='ocr_line' id='line_1_1' title="bbox 411 331 1229 401; baseline 0.017 -14"><span class='ocrx_word' id='word_1_1' title='bbox 411 331 608 392; x_wconf 69' lang='lat' dir='ltr'><strong>contutant.</strong></span> <span class='ocrx_word' id='word_1_2' title='bbox 629 338 681 393; x_wconf 84' lang='lat' dir='ltr'><strong>DE</strong></span> <span class='ocrx_word' id='word_1_3' title='bbox 701 341 821 398; x_wconf 82' lang='lat' dir='ltr'>BELLO</span> <span class='ocrx_word' id='word_1_4' title='bbox 840 344 1013 400; x_wconf 79' lang='lat' dir='ltr'>GALLICO.</span> <span class='ocrx_word' id='word_1_5' title='bbox 1176 345 1229 401; x_wconf 78' lang='lat' dir='ltr'><strong>adt</strong></span> 
     </span>
    </p>
   </div>
   <div class='ocr_carea' id='block_1_2' title="bbox 189 447 1237 1646">
    <p class='ocr_par' dir='ltr' id='par_1_2' title="bbox 189 447 1235 1270">
     <span class='ocr_line' id='line_1_2' title="bbox 229 447 1232 526; baseline 0.017 -26"><span class='ocrx_word' id='word_1_6' title='bbox 229 447 293 501; x_wconf 77' lang='lat' dir='ltr'><strong>Cur.</strong></span> <span class='ocrx_word' id='word_1_7' title='bbox 310 447 414 504; x_wconf 85' lang='lat' dir='ltr'>XVIII.</span> <span class='ocrx_word' id='word_1_8' title='bbox 430 453 470 505; x_wconf 82' lang='lat' dir='ltr'><strong>At</strong></span> <span class='ocrx_word' id='word_1_9' title='bbox 483 452 628 526; x_wconf 72' lang='lat' dir='ltr'><strong>Sugambri.</strong></span> <span class='ocrx_word' id='word_1_10' title='bbox 642 459 773 511; x_wconf 77' lang='lat' dir='ltr'><strong>Atracat</strong></span> <span class='ocrx_word' id='word_1_11' title='bbox 786 457 816 510; x_wconf 89' lang='lat' dir='ltr'><strong>in</strong></span> <span class='ocrx_word' id='word_1_12' title='bbox 834 457 916 513; x_wconf 89' lang='lat' dir='ltr'><strong>codd.</strong></span> <span class='ocrx_word' id='word_1_13' title='bbox 932 469 960 514; x_wconf 86' lang='lat' dir='ltr'><strong>et</strong></span> <span class='ocrx_word' id='word_1_14' title='bbox 973 459 1038 514; x_wconf 90' lang='lat' dir='ltr'><strong>edd.</strong></span> <span class='ocrx_word' id='word_1_15' title='bbox 1058 459 1232 517; x_wconf 87' lang='lat' dir='ltr'><strong>Oudendor-</strong></span> 
     </span>
     <span class='ocr_line' id='line_1_3' title="bbox 190 542 1234 628; baseline 0.012 -32"><span class='ocrx_word' id='word_1_16' title='bbox 190 542 252 615; x_wconf 85' lang='lat' dir='ltr'><strong>pius</strong></span> <span class='ocrx_word' id='word_1_17' title='bbox 265 543 393 616; x_wconf 81' lang='lat' dir='ltr'><strong>reposuit</strong></span> <span class='ocrx_word' id='word_1_18' title='bbox 401 563 436 600; x_wconf 91' lang='lat' dir='ltr'><strong>ex</strong></span> <span class='ocrx_word' id='word_1_19' title='bbox 449 545 568 614; x_wconf 83' lang='lat' dir='ltr'><strong>Ursino,</strong></span> <span class='ocrx_word' id='word_1_20' title='bbox 580 546 657 619; x_wconf 84' lang='lat' dir='ltr'><strong>cujus</strong></span> <span class='ocrx_word' id='word_1_21' title='bbox 669 547 762 604; x_wconf 83' lang='lat' dir='ltr'>codex</span> <span class='ocrx_word' id='word_1_22' title='bbox 774 549 910 606; x_wconf 78' lang='lat' dir='ltr'>mendose</span> <span class='ocrx_word' id='word_1_23' title='bbox 923 551 1032 607; x_wconf 78' lang='lat' dir='ltr'><strong>serebat</strong></span> <span class='ocrx_word' id='word_1_24' title='bbox 1040 563 1079 606; x_wconf 85' lang='lat' dir='ltr'><strong>ut.</strong></span> <span class='ocrx_word' id='word_1_25' title='bbox 1094 552 1234 628; x_wconf 71' lang='lat' dir='ltr'><strong>Sugambri</strong></span> 
     </span>
     <span class='ocr_line' id='line_1_4' title="bbox 191 635 1233 716; baseline 0.01 -27"><span class='ocrx_word' id='word_1_26' title='bbox 191 654 250 690; x_wconf 88' lang='lat' dir='ltr'><strong>nou</strong></span> <span class='ocrx_word' id='word_1_27' title='bbox 268 635 407 692; x_wconf 81' lang='lat' dir='ltr'><em>Sicambri</em></span> <span class='ocrx_word' id='word_1_28' title='bbox 417 655 452 693; x_wconf 85' lang='lat' dir='ltr'><strong>ex</strong></span> <span class='ocrx_word' id='word_1_29' title='bbox 467 637 613 696; x_wconf 80' lang='lat' dir='ltr'><strong>codicibus</strong></span> <span class='ocrx_word' id='word_1_30' title='bbox 630 649 658 694; x_wconf 87' lang='lat' dir='ltr'><strong>et</strong></span> <span class='ocrx_word' id='word_1_31' title='bbox 671 641 842 716; x_wconf 73' lang='lat' dir='ltr'><strong>etymologia</strong></span> <span class='ocrx_word' id='word_1_32' title='bbox 856 643 1008 716; x_wconf 84' lang='lat' dir='ltr'><strong>legendum</strong></span> <span class='ocrx_word' id='word_1_33' title='bbox 1026 655 1080 714; x_wconf 85' lang='lat' dir='ltr'><strong>est;</strong></span> <span class='ocrx_word' id='word_1_34' title='bbox 1097 661 1163 700; x_wconf 84' lang='lat' dir='ltr'><strong>nam</strong></span> <span class='ocrx_word' id='word_1_35' title='bbox 1184 645 1233 701; x_wconf 83' lang='lat' dir='ltr'><strong>Si-</strong></span> 
     </span>
     <span class='ocr_line' id='line_1_5' title="bbox 189 726 1234 809; baseline 0.01 -28"><span class='ocrx_word' id='word_1_36' title='bbox 189 727 302 802; x_wconf 82' lang='lat' dir='ltr'><strong>gambri</strong></span> <span class='ocrx_word' id='word_1_37' title='bbox 311 746 387 784; x_wconf 84' lang='lat' dir='ltr'><strong>mera</strong></span> <span class='ocrx_word' id='word_1_38' title='bbox 400 739 442 784; x_wconf 87' lang='lat' dir='ltr'><strong>est</strong></span> <span class='ocrx_word' id='word_1_39' title='bbox 456 747 515 784; x_wconf 79' lang='lat' dir='ltr'><strong>vox</strong></span> <span class='ocrx_word' id='word_1_40' title='bbox 530 747 619 803; x_wconf 73' lang='lat' dir='ltr'><strong>greca</strong></span> <span class='ocrx_word' id='word_1_41' title='bbox 633 726 841 809; x_wconf 70' lang='grc' dir='ltr'><strong>σύγγαμβροι,</strong></span> <span class='ocrx_word' id='word_1_42' title='bbox 851 733 947 791; x_wconf 83' lang='lat' dir='ltr'><strong>mariti</strong></span> <span class='ocrx_word' id='word_1_43' title='bbox 960 735 1077 791; x_wconf 74' lang='lat' dir='ltr'><strong>duanam</strong></span> <span class='ocrx_word' id='word_1_44' title='bbox 1088 745 1234 806; x_wconf 87' lang='lat' dir='ltr'><strong>sorortuu,</strong></span> 
     </span>
     <span class='ocr_line' id='line_1_6' title="bbox 192 816 1233 902; baseline 0.01 -28"><span class='ocrx_word' id='word_1_45' title='bbox 192 839 227 875; x_wconf 84' lang='lat' dir='ltr'><strong>ex</strong></span> <span class='ocrx_word' id='word_1_46' title='bbox 246 816 311 888; x_wconf 72' lang='lat' dir='ltr'><strong>edu,</strong></span> <span class='ocrx_word' id='word_1_47' title='bbox 320 820 451 890; x_wconf 82' lang='lat' dir='ltr'><strong>simul,et</strong></span> <span class='ocrx_word' id='word_1_48' title='bbox 467 818 636 898; x_wconf 65' lang='grc' dir='ltr'><strong>γαμβρεύω,</strong></span> <span class='ocrx_word' id='word_1_49' title='bbox 649 825 797 882; x_wconf 84' lang='lat' dir='ltr'><strong>connubio</strong></span> <span class='ocrx_word' id='word_1_50' title='bbox 803 826 901 900; x_wconf 85' lang='lat' dir='ltr'><strong>jungo.</strong></span> <span class='ocrx_word' id='word_1_51' title='bbox 915 829 980 882; x_wconf 89' lang='lat' dir='ltr'><strong>Mos</strong></span> <span class='ocrx_word' id='word_1_52' title='bbox 989 839 1048 883; x_wconf 82' lang='lat' dir='ltr'><strong>erat</strong></span> <span class='ocrx_word' id='word_1_53' title='bbox 1061 827 1146 902; x_wconf 87' lang='lat' dir='ltr'><strong>Igitur</strong></span> <span class='ocrx_word' id='word_1_54' title='bbox 1159 829 1233 902; x_wconf 85' lang='lat' dir='ltr'><strong>apud</strong></span> 
     </span>
     <span class='ocr_line' id='line_1_7' title="bbox 192 913 1233 989; baseline 0.009 -22"><span class='ocrx_word' id='word_1_55' title='bbox 192 915 241 968; x_wconf 86' lang='lat' dir='ltr'><strong>eos</strong></span> <span class='ocrx_word' id='word_1_56' title='bbox 259 913 327 969; x_wconf 84' lang='lat' dir='ltr'><strong>duas</strong></span> <span class='ocrx_word' id='word_1_57' title='bbox 343 929 454 970; x_wconf 88' lang='lat' dir='ltr'><strong>sorores</strong></span> <span class='ocrx_word' id='word_1_58' title='bbox 472 931 620 989; x_wconf 81' lang='lat' dir='ltr'><strong>germanas</strong></span> <span class='ocrx_word' id='word_1_59' title='bbox 637 917 719 973; x_wconf 88' lang='lat' dir='ltr'><strong>simul</strong></span> <span class='ocrx_word' id='word_1_60' title='bbox 733 937 835 974; x_wconf 72' lang='lat' dir='ltr'><strong>mores</strong></span> <span class='ocrx_word' id='word_1_61' title='bbox 852 919 994 975; x_wconf 79' lang='lat' dir='ltr'><strong>ducendas</strong></span> <span class='ocrx_word' id='word_1_62' title='bbox 1010 939 1069 975; x_wconf 87' lang='lat' dir='ltr'><strong>esse</strong></span> <span class='ocrx_word' id='word_1_63' title='bbox 1087 938 1103 975; x_wconf 91' lang='lat' dir='ltr'><strong>a</strong></span> <span class='ocrx_word' id='word_1_64' title='bbox 1122 919 1233 977; x_wconf 87' lang='lat' dir='ltr'><strong>duobus</strong></span> 
     </span>
     <span class='ocr_line' id='line_1_8' title="bbox 192 1004 1233 1081; baseline 0.007 -20"><span class='ocrx_word' id='word_1_65' title='bbox 192 1004 324 1062; x_wconf 66' lang='lat' dir='ltr'><strong>mutuus</strong></span> <span class='ocrx_word' id='word_1_66' title='bbox 342 1007 482 1080; x_wconf 78' lang='lat' dir='ltr'><strong>gemmis</strong></span> <span class='ocrx_word' id='word_1_67' title='bbox 499 1010 545 1064; x_wconf 83' lang='lat' dir='ltr'><strong>vel</strong></span> <span class='ocrx_word' id='word_1_68' title='bbox 564 1009 601 1064; x_wconf 91' lang='lat' dir='ltr'><strong>ab</strong></span> <span class='ocrx_word' id='word_1_69' title='bbox 617 1027 676 1065; x_wconf 91' lang='lat' dir='ltr'><strong>uno</strong></span> <span class='ocrx_word' id='word_1_70' title='bbox 693 1009 808 1081; x_wconf 82' lang='lat' dir='ltr'><strong>marit03</strong></span> <span class='ocrx_word' id='word_1_71' title='bbox 823 1012 899 1069; x_wconf 89' lang='lat' dir='ltr'><strong>unde</strong></span> <span class='ocrx_word' id='word_1_72' title='bbox 915 1023 944 1069; x_wconf 91' lang='lat' dir='ltr'><strong>et</strong></span> <span class='ocrx_word' id='word_1_73' title='bbox 960 1030 1066 1067; x_wconf 89' lang='lat' dir='ltr'><strong>nomen</strong></span> <span class='ocrx_word' id='word_1_74' title='bbox 1082 1012 1233 1080; x_wconf 77' lang='lat' dir='ltr'><strong>cemani,</strong></span> 
     </span>
     <span class='ocr_line' id='line_1_9' title="bbox 193 1098 1235 1173; baseline 0.006 -19"><span class='ocrx_word' id='word_1_75' title='bbox 193 1099 271 1173; x_wconf 85' lang='lat' dir='ltr'><strong>quod</strong></span> <span class='ocrx_word' id='word_1_76' title='bbox 297 1098 368 1156; x_wconf 77' lang='lat' dir='ltr'><strong>alibi</strong></span> <span class='ocrx_word' id='word_1_77' title='bbox 386 1099 599 1158; x_wconf 75' lang='lat' dir='ltr'><strong>demousaabo.</strong></span> <span class='ocrx_word' id='word_1_78' title='bbox 622 1102 765 1172; x_wconf 87' lang='lat' dir='ltr'><strong>Ceterum,</strong></span> <span class='ocrx_word' id='word_1_79' title='bbox 783 1113 816 1158; x_wconf 88' lang='lat' dir='ltr'><strong>ut</strong></span> <span class='ocrx_word' id='word_1_80' title='bbox 837 1114 917 1160; x_wconf 85' lang='lat' dir='ltr'><strong>notat</strong></span> <span class='ocrx_word' id='word_1_81' title='bbox 937 1115 1012 1160; x_wconf 87' lang='lat' dir='ltr'><strong>recte</strong></span> <span class='ocrx_word' id='word_1_82' title='bbox 1033 1103 1235 1160; x_wconf 81' lang='lat' dir='ltr'><strong>eruditissimus</strong></span> 
     </span>
     <span class='ocr_line' id='line_1_10' title="bbox 193 1191 875 1270; baseline 0.006 -24"><span class='ocrx_word' id='word_1_83' title='bbox 193 1191 335 1261; x_wconf 78' lang='lat' dir='ltr'><strong>Lemaire,</strong></span> <span class='ocrx_word' id='word_1_84' title='bbox 351 1191 438 1248; x_wconf 77' lang='lat' dir='ltr'><strong>facilis</strong></span> <span class='ocrx_word' id='word_1_85' title='bbox 458 1193 576 1248; x_wconf 84' lang='lat' dir='ltr'><strong>mutatio</strong></span> <span class='ocrx_word' id='word_1_86' title='bbox 592 1193 690 1250; x_wconf 80' lang='lat' dir='ltr'><strong>littera</strong></span> <span class='ocrx_word' id='word_1_87' title='bbox 705 1193 799 1270; x_wconf 81' lang='lat' dir='ltr'><strong>gine</strong></span> <span class='ocrx_word' id='word_1_88' title='bbox 817 1195 875 1250; x_wconf 82' lang='lat' dir='ltr'><strong>suit.</strong></span> 
     </span>
    </p>

    <p class='ocr_par' dir='ltr' id='par_1_3' title="bbox 194 1295 1237 1646">
     <span class='ocr_line' id='line_1_11' title="bbox 211 1295 1235 1372; baseline 0.003 -22"><span class='ocrx_word' id='word_1_89' title='bbox 211 1345 213 1350; x_wconf 92' lang='lat'><em>.</em></span> <span class='ocrx_word' id='word_1_90' title='bbox 233 1295 296 1350; x_wconf 74' lang='lat' dir='ltr'><strong>Cer.</strong></span> <span class='ocrx_word' id='word_1_91' title='bbox 315 1296 394 1351; x_wconf 85' lang='lat' dir='ltr'><strong>xxt.</strong></span> <span class='ocrx_word' id='word_1_92' title='bbox 415 1296 575 1353; x_wconf 81' lang='lat' dir='ltr'><strong>Commium.</strong></span> <span class='ocrx_word' id='word_1_93' title='bbox 585 1299 619 1353; x_wconf 90' lang='lat' dir='ltr'><strong>lu</strong></span> <span class='ocrx_word' id='word_1_94' title='bbox 636 1297 780 1354; x_wconf 72' lang='lat' dir='ltr'><strong>Thesauro</strong></span> <span class='ocrx_word' id='word_1_95' title='bbox 789 1297 997 1372; x_wconf 77' lang='lat' dir='ltr'><strong>andenbutg.</strong></span> <span class='ocrx_word' id='word_1_96' title='bbox 1015 1300 1073 1353; x_wconf 85' lang='lat' dir='ltr'><strong>vol.</strong></span> <span class='ocrx_word' id='word_1_97' title='bbox 1085 1315 1149 1372; x_wconf 85' lang='lat' dir='ltr'><strong>r,p.</strong></span> <span class='ocrx_word' id='word_1_98' title='bbox 1161 1296 1235 1368; x_wconf 81' lang='lat'><strong>305,</strong></span> 
     </span>
     <span class='ocr_line' id='line_1_12' title="bbox 194 1389 1234 1462; baseline 0.007 -22"><span class='ocrx_word' id='word_1_99' title='bbox 194 1397 282 1441; x_wconf 85' lang='lat' dir='ltr'><strong>exstat</strong></span> <span class='ocrx_word' id='word_1_100' title='bbox 300 1407 442 1459; x_wconf 88' lang='lat' dir='ltr'><strong>nummus,</strong></span> <span class='ocrx_word' id='word_1_101' title='bbox 461 1390 492 1444; x_wconf 90' lang='lat' dir='ltr'><strong>iu</strong></span> <span class='ocrx_word' id='word_1_102' title='bbox 507 1389 584 1462; x_wconf 88' lang='lat' dir='ltr'><strong>cujus</strong></span> <span class='ocrx_word' id='word_1_103' title='bbox 602 1407 658 1446; x_wconf 87' lang='lat' dir='ltr'><strong>una</strong></span> <span class='ocrx_word' id='word_1_104' title='bbox 673 1389 744 1446; x_wconf 79' lang='lat' dir='ltr'><strong>facie</strong></span> <span class='ocrx_word' id='word_1_105' title='bbox 762 1389 836 1444; x_wconf 85' lang='lat' dir='ltr'><strong>circa</strong></span> <span class='ocrx_word' id='word_1_106' title='bbox 854 1407 971 1462; x_wconf 88' lang='lat' dir='ltr'><strong>equum,</strong></span> <span class='ocrx_word' id='word_1_107' title='bbox 995 1390 1183 1461; x_wconf 86' lang='lat' dir='ltr'><strong>COMMIOS,</strong></span> <span class='ocrx_word' id='word_1_108' title='bbox 1205 1391 1234 1446; x_wconf 89' lang='lat' dir='ltr'><strong>iu</strong></span> 
     </span>
     <span class='ocr_line' id='line_1_13' title="bbox 194 1480 1234 1556; baseline 0.004 -22"><span class='ocrx_word' id='word_1_109' title='bbox 194 1480 281 1538; x_wconf 77' lang='lat' dir='ltr'><strong>hiteta</strong></span> <span class='ocrx_word' id='word_1_110' title='bbox 289 1491 374 1553; x_wconf 88' lang='lat' dir='ltr'><strong>caput</strong></span> <span class='ocrx_word' id='word_1_111' title='bbox 381 1482 519 1555; x_wconf 80' lang='lat' dir='ltr'><strong>galeatum</strong></span> <span class='ocrx_word' id='word_1_112' title='bbox 533 1501 596 1538; x_wconf 90' lang='lat' dir='ltr'><strong>cum</strong></span> <span class='ocrx_word' id='word_1_113' title='bbox 608 1483 661 1539; x_wconf 77' lang='lat' dir='ltr'><strong>hec</strong></span> <span class='ocrx_word' id='word_1_114' title='bbox 674 1481 858 1556; x_wconf 84' lang='lat' dir='ltr'><strong>inscriptione</strong></span> <span class='ocrx_word' id='word_1_115' title='bbox 871 1482 1052 1551; x_wconf 61' lang='lat' dir='ltr'>GARMAN„</span> <span class='ocrx_word' id='word_1_116' title='bbox 1061 1501 1146 1555; x_wconf 82' lang='lat' dir='ltr'><strong>quam</strong></span> <span class='ocrx_word' id='word_1_117' title='bbox 1159 1501 1234 1538; x_wconf 89' lang='lat' dir='ltr'><strong>non-</strong></span> 
     </span>
     <span class='ocr_line' id='line_1_14' title="bbox 194 1571 1237 1646; baseline 0.004 -22"><span class='ocrx_word' id='word_1_118' title='bbox 194 1571 265 1626; x_wconf 90' lang='lat' dir='ltr'><strong>nulli</strong></span> <span class='ocrx_word' id='word_1_119' title='bbox 281 1572 424 1645; x_wconf 79' lang='lat' dir='ltr'><strong>explicant</strong></span> <span class='ocrx_word' id='word_1_120' title='bbox 442 1575 612 1643; x_wconf 71' lang='lat' dir='ltr'><strong>Germanus,</strong></span> <span class='ocrx_word' id='word_1_121' title='bbox 631 1575 682 1630; x_wconf 85' lang='lat' dir='ltr'><strong>sed</strong></span> <span class='ocrx_word' id='word_1_122' title='bbox 703 1575 763 1630; x_wconf 87' lang='lat' dir='ltr'><strong>siue</strong></span> <span class='ocrx_word' id='word_1_123' title='bbox 782 1573 955 1629; x_wconf 86' lang='lat' dir='ltr'><strong>auctoritate.</strong></span> <span class='ocrx_word' id='word_1_124' title='bbox 977 1575 1012 1629; x_wconf 91' lang='lat' dir='ltr'><strong>lu</strong></span> <span class='ocrx_word' id='word_1_125' title='bbox 1034 1572 1145 1630; x_wconf 87' lang='lat' dir='ltr'><strong>duobus</strong></span> <span class='ocrx_word' id='word_1_126' title='bbox 1162 1574 1237 1646; x_wconf 85' lang='lat' dir='ltr'><strong>ejus-</strong></span> 
     </span>
    </p>
   </div>
   <div class='ocr_carea' id='block_1_3' title="bbox 194 1755 1239 2754">
    <p class='ocr_par' dir='ltr' id='par_1_4' title="bbox 194 1755 1239 2754">
     <span class='ocr_line' id='line_1_15' title="bbox 194 1755 1236 1834; baseline 0 -22"><span class='ocrx_word' id='word_1_127' title='bbox 194 1773 257 1829; x_wconf 87' lang='lat' dir='ltr'><strong>pag.</strong></span> <span class='ocrx_word' id='word_1_128' title='bbox 276 1755 313 1812; x_wconf 87' lang='grc'><strong>86</strong></span> <span class='ocrx_word' id='word_1_129' title='bbox 328 1767 356 1812; x_wconf 87' lang='lat' dir='ltr'><strong>et</strong></span> <span class='ocrx_word' id='word_1_130' title='bbox 374 1756 422 1834; x_wconf 85' lang='lat'><strong>87)</strong></span> <span class='ocrx_word' id='word_1_131' title='bbox 433 1758 500 1831; x_wconf 88' lang='lat' dir='ltr'><strong>legit</strong></span> <span class='ocrx_word' id='word_1_132' title='bbox 512 1758 544 1813; x_wconf 90' lang='lat' dir='ltr'><strong>in</strong></span> <span class='ocrx_word' id='word_1_133' title='bbox 556 1757 650 1814; x_wconf 86' lang='lat' dir='ltr'><strong>antica</strong></span> <span class='ocrx_word' id='word_1_134' title='bbox 662 1768 742 1832; x_wconf 89' lang='lat' dir='ltr'><strong>parte</strong></span> <span class='ocrx_word' id='word_1_135' title='bbox 757 1757 947 1813; x_wconf 81' lang='lat' dir='ltr'>CARMANO.</span> <span class='ocrx_word' id='word_1_136' title='bbox 966 1766 994 1813; x_wconf 93' lang='lat' dir='ltr'><strong>et</strong></span> <span class='ocrx_word' id='word_1_137' title='bbox 1007 1755 1105 1827; x_wconf 63' lang='lat' dir='ltr'><strong>CAR„</strong></span> <span class='ocrx_word' id='word_1_138' title='bbox 1120 1756 1148 1812; x_wconf 90' lang='lat' dir='ltr'><strong>in</strong></span> <span class='ocrx_word' id='word_1_139' title='bbox 1167 1773 1236 1829; x_wconf 90' lang='lat' dir='ltr'><strong>pos-</strong></span> 
     </span>
     <span class='ocr_line' id='line_1_16' title="bbox 194 1847 1235 1925; baseline 0.002 -23"><span class='ocrx_word' id='word_1_140' title='bbox 194 1849 248 1904; x_wconf 88' lang='lat' dir='ltr'><strong>tica</strong></span> <span class='ocrx_word' id='word_1_141' title='bbox 266 1849 354 1905; x_wconf 88' lang='lat' dir='ltr'>COM.</span> <span class='ocrx_word' id='word_1_142' title='bbox 369 1860 398 1905; x_wconf 87' lang='lat' dir='ltr'><strong>et</strong></span> <span class='ocrx_word' id='word_1_143' title='bbox 412 1851 562 1906; x_wconf 84' lang='lat' dir='ltr'>COMIOS.</span> <span class='ocrx_word' id='word_1_144' title='bbox 579 1848 792 1925; x_wconf 76' lang='lat' dir='ltr'><strong>orthographia</strong></span> <span class='ocrx_word' id='word_1_145' title='bbox 808 1847 894 1923; x_wconf 87' lang='lat' dir='ltr'><strong>igitur</strong></span> <span class='ocrx_word' id='word_1_146' title='bbox 906 1849 987 1921; x_wconf 87' lang='lat' dir='ltr'><strong>hujus</strong></span> <span class='ocrx_word' id='word_1_147' title='bbox 1004 1848 1129 1904; x_wconf 88' lang='lat' dir='ltr'><strong>nominis</strong></span> <span class='ocrx_word' id='word_1_148' title='bbox 1150 1867 1235 1904; x_wconf 79' lang='lat' dir='ltr'><strong>ntun-</strong></span> 
     </span>
     <span class='ocr_line' id='line_1_17' title="bbox 194 1941 1236 2017; baseline 0.002 -23"><span class='ocrx_word' id='word_1_149' title='bbox 194 1941 247 1995; x_wconf 87' lang='lat' dir='ltr'><strong>mis</strong></span> <span class='ocrx_word' id='word_1_150' title='bbox 264 1960 325 1996; x_wconf 89' lang='lat' dir='ltr'><strong>nou</strong></span> <span class='ocrx_word' id='word_1_151' title='bbox 347 1941 460 1998; x_wconf 88' lang='lat' dir='ltr'><strong>sistitur.</strong></span> <span class='ocrx_word' id='word_1_152' title='bbox 491 1944 525 1998; x_wconf 90' lang='lat' dir='ltr'><strong>ln</strong></span> <span class='ocrx_word' id='word_1_153' title='bbox 549 1942 638 1998; x_wconf 87' lang='lat' dir='ltr'><strong>dubio</strong></span> <span class='ocrx_word' id='word_1_154' title='bbox 664 1960 778 2017; x_wconf 86' lang='lat' dir='ltr'><strong>quoque</strong></span> <span class='ocrx_word' id='word_1_155' title='bbox 799 1941 971 2017; x_wconf 79' lang='lat' dir='ltr'><strong>etymologia</strong></span> <span class='ocrx_word' id='word_1_156' title='bbox 996 1959 1057 1996; x_wconf 87' lang='lat' dir='ltr'><strong>eum</strong></span> <span class='ocrx_word' id='word_1_157' title='bbox 1084 1941 1236 2014; x_wconf 79' lang='lat' dir='ltr'><strong>relinquit3</strong></span> 
     </span>
     <span class='ocr_line' id='line_1_18' title="bbox 197 2032 1237 2112; baseline 0.002 -24"><span class='ocrx_word' id='word_1_158' title='bbox 197 2033 333 2088; x_wconf 79' lang='lat' dir='ltr'><strong>Cananius</strong></span> <span class='ocrx_word' id='word_1_159' title='bbox 353 2033 429 2089; x_wconf 90' lang='lat' dir='ltr'><strong>enim</strong></span> <span class='ocrx_word' id='word_1_160' title='bbox 452 2035 498 2090; x_wconf 85' lang='lat' dir='ltr'><strong>vel</strong></span> <span class='ocrx_word' id='word_1_161' title='bbox 524 2035 635 2092; x_wconf 76' lang='lat' dir='ltr'><strong>comeus</strong></span> <span class='ocrx_word' id='word_1_162' title='bbox 655 2054 673 2093; x_wconf 84' lang='lat' dir='ltr'><strong>a</strong></span> <span class='ocrx_word' id='word_1_163' title='bbox 693 2053 785 2112; x_wconf 76' lang='lat' dir='ltr'><strong>greco</strong></span> <span class='ocrx_word' id='word_1_164' title='bbox 808 2032 927 2104; x_wconf 74' lang='grc' dir='ltr'><strong>κομμδε,</strong></span> <span class='ocrx_word' id='word_1_165' title='bbox 945 2045 1060 2091; x_wconf 85' lang='lat' dir='ltr'><strong>ornatus</strong></span> <span class='ocrx_word' id='word_1_166' title='bbox 1082 2035 1237 2090; x_wconf 74' lang='lat' dir='ltr'><strong>accuratior</strong></span> 
     </span>
     <span class='ocr_line' id='line_1_19' title="bbox 195 2119 1232 2203; baseline 0.001 -22"><span class='ocrx_word' id='word_1_167' title='bbox 195 2136 223 2181; x_wconf 91' lang='lat' dir='ltr'><strong>et</strong></span> <span class='ocrx_word' id='word_1_168' title='bbox 240 2125 359 2195; x_wconf 82' lang='lat' dir='ltr'><strong>fucatus,</strong></span> <span class='ocrx_word' id='word_1_169' title='bbox 376 2128 421 2182; x_wconf 87' lang='lat' dir='ltr'><strong>vel</strong></span> <span class='ocrx_word' id='word_1_170' title='bbox 437 2147 452 2182; x_wconf 87' lang='lat' dir='ltr'><strong>a</strong></span> <span class='ocrx_word' id='word_1_171' title='bbox 466 2119 553 2200; x_wconf 70' lang='lat' dir='ltr'><strong>uouit,</strong></span> <span class='ocrx_word' id='word_1_172' title='bbox 567 2148 665 2199; x_wconf 83' lang='lat' dir='ltr'><strong>coma,</strong></span> <span class='ocrx_word' id='word_1_173' title='bbox 680 2129 804 2186; x_wconf 64' lang='lat' dir='ltr'><strong>menies</strong></span> <span class='ocrx_word' id='word_1_174' title='bbox 819 2130 906 2198; x_wconf 86' lang='lat' dir='ltr'><strong>culta,</strong></span> <span class='ocrx_word' id='word_1_175' title='bbox 919 2138 1013 2203; x_wconf 90' lang='lat' dir='ltr'><strong>potest</strong></span> <span class='ocrx_word' id='word_1_176' title='bbox 1030 2128 1161 2184; x_wconf 85' lang='lat' dir='ltr'><strong>derivari</strong></span> <span class='ocrx_word' id='word_1_177' title='bbox 1179 2127 1232 2183; x_wconf 91' lang='lat' dir='ltr'><strong>Co·</strong></span> 
     </span>
     <span class='ocr_line' id='line_1_20' title="bbox 195 2207 1237 2293; baseline 0.002 -21"><span class='ocrx_word' id='word_1_178' title='bbox 195 2219 280 2274; x_wconf 82' lang='lat' dir='ltr'><strong>mium</strong></span> <span class='ocrx_word' id='word_1_179' title='bbox 294 2236 362 2292; x_wconf 86' lang='lat' dir='ltr'><strong>ergo</strong></span> <span class='ocrx_word' id='word_1_180' title='bbox 375 2221 473 2290; x_wconf 87' lang='lat' dir='ltr'><strong>lectio,</strong></span> <span class='ocrx_word' id='word_1_181' title='bbox 486 2232 516 2277; x_wconf 86' lang='lat' dir='ltr'><strong>ut</strong></span> <span class='ocrx_word' id='word_1_182' title='bbox 523 2207 630 2277; x_wconf 85' lang='lat' dir='ltr'><strong>habent</strong></span> <span class='ocrx_word' id='word_1_183' title='bbox 643 2220 754 2278; x_wconf 88' lang='lat' dir='ltr'><strong>codices</strong></span> <span class='ocrx_word' id='word_1_184' title='bbox 763 2232 791 2278; x_wconf 93' lang='lat' dir='ltr'><strong>et</strong></span> <span class='ocrx_word' id='word_1_185' title='bbox 799 2222 938 2278; x_wconf 84' lang='lat' dir='ltr'><strong>editiones</strong></span> <span class='ocrx_word' id='word_1_186' title='bbox 947 2221 1079 2276; x_wconf 85' lang='lat' dir='ltr'><strong>nonnulli</strong></span> <span class='ocrx_word' id='word_1_187' title='bbox 1086 2239 1141 2293; x_wconf 86' lang='lat' dir='ltr'><strong>pro</strong></span> <span class='ocrx_word' id='word_1_188' title='bbox 1152 2220 1237 2277; x_wconf 86' lang='lat' dir='ltr'><strong>Com·</strong></span> 
     </span>
     <span class='ocr_line' id='line_1_21' title="bbox 195 2313 1239 2387; baseline 0.003 -23"><span class='ocrx_word' id='word_1_189' title='bbox 195 2313 298 2378; x_wconf 62' lang='lat' dir='ltr'><strong>indm,</strong></span> <span class='ocrx_word' id='word_1_190' title='bbox 314 2314 471 2387; x_wconf 78' lang='lat' dir='ltr'><strong>ableganda</strong></span> <span class='ocrx_word' id='word_1_191' title='bbox 485 2333 546 2370; x_wconf 89' lang='lat' dir='ltr'><strong>uon</strong></span> <span class='ocrx_word' id='word_1_192' title='bbox 563 2325 612 2370; x_wconf 88' lang='lat' dir='ltr'><strong>est.</strong></span> <span class='ocrx_word' id='word_1_193' title='bbox 626 2317 738 2371; x_wconf 86' lang='lat' dir='ltr'><strong>Nomen</strong></span> <span class='ocrx_word' id='word_1_194' title='bbox 752 2324 844 2369; x_wconf 85' lang='lat' dir='ltr'><strong>autern</strong></span> <span class='ocrx_word' id='word_1_195' title='bbox 862 2314 1023 2369; x_wconf 73' lang='lat' dir='ltr'><strong>Carmanos</strong></span> <span class='ocrx_word' id='word_1_196' title='bbox 1040 2313 1111 2368; x_wconf 81' lang='lat' dir='ltr'><strong>mihi</strong></span> <span class='ocrx_word' id='word_1_197' title='bbox 1126 2313 1239 2368; x_wconf 88' lang='lat' dir='ltr'><strong>videtur</strong></span> 
     </span>
     <span class='ocr_line' id='line_1_22' title="bbox 196 2404 1238 2478; baseline 0 -20"><span class='ocrx_word' id='word_1_198' title='bbox 196 2404 347 2478; x_wconf 88' lang='lat' dir='ltr'><strong>legendum</strong></span> <span class='ocrx_word' id='word_1_199' title='bbox 356 2407 526 2474; x_wconf 73' lang='lat' dir='ltr'><strong>Gentianus,</strong></span> <span class='ocrx_word' id='word_1_200' title='bbox 541 2406 650 2462; x_wconf 89' lang='lat' dir='ltr'><strong>sicutin</strong></span> <span class='ocrx_word' id='word_1_201' title='bbox 659 2425 776 2462; x_wconf 88' lang='lat' dir='ltr'><strong>nummo</strong></span> <span class='ocrx_word' id='word_1_202' title='bbox 792 2405 930 2461; x_wconf 78' lang='lat' dir='ltr'><strong>Germani</strong></span> <span class='ocrx_word' id='word_1_203' title='bbox 939 2405 1148 2477; x_wconf 82' lang='lat' dir='ltr'><strong>Indutillifilii,</strong></span> <span class='ocrx_word' id='word_1_204' title='bbox 1164 2414 1238 2471; x_wconf 83' lang='lat' dir='ltr'><strong>not,</strong></span> 
     </span>
     <span class='ocr_line' id='line_1_23' title="bbox 196 2495 1239 2572; baseline 0.002 -25"><span class='ocrx_word' id='word_1_205' title='bbox 196 2515 228 2563; x_wconf 83' lang='lat' dir='ltr'><strong>v,</strong></span> <span class='ocrx_word' id='word_1_206' title='bbox 246 2495 277 2564; x_wconf 86' lang='lat'><strong>3;</strong></span> <span class='ocrx_word' id='word_1_207' title='bbox 293 2507 340 2552; x_wconf 82' lang='lat' dir='ltr'><strong>aut</strong></span> <span class='ocrx_word' id='word_1_208' title='bbox 359 2499 462 2553; x_wconf 85' lang='lat' dir='ltr'><strong>rectius</strong></span> <span class='ocrx_word' id='word_1_209' title='bbox 483 2499 654 2565; x_wconf 72' lang='lat' dir='ltr'><strong>Cumanos,</strong></span> <span class='ocrx_word' id='word_1_210' title='bbox 675 2497 753 2572; x_wconf 89' lang='lat' dir='ltr'><strong>quod</strong></span> <span class='ocrx_word' id='word_1_211' title='bbox 772 2508 838 2553; x_wconf 89' lang='lat' dir='ltr'><strong>tuuc</strong></span> <span class='ocrx_word' id='word_1_212' title='bbox 856 2496 1012 2553; x_wconf 83' lang='lat' dir='ltr'><strong>derivatum</strong></span> <span class='ocrx_word' id='word_1_213' title='bbox 1029 2507 1101 2554; x_wconf 87' lang='lat' dir='ltr'><strong>esset</strong></span> <span class='ocrx_word' id='word_1_214' title='bbox 1116 2514 1133 2552; x_wconf 88' lang='lat' dir='ltr'><strong>a</strong></span> <span class='ocrx_word' id='word_1_215' title='bbox 1148 2513 1239 2568; x_wconf 81' lang='lat' dir='ltr'><strong>graeco</strong></span> 
     </span>
     <span class='ocr_line' id='line_1_24' title="bbox 196 2586 1239 2665; baseline -0.001 -24"><span class='ocrx_word' id='word_1_216' title='bbox 196 2586 314 2662; x_wconf 76' lang='grc' dir='ltr'>χαρμή,</span> <span class='ocrx_word' id='word_1_217' title='bbox 338 2589 446 2645; x_wconf 85' lang='lat' dir='ltr'><strong>animus</strong></span> <span class='ocrx_word' id='word_1_218' title='bbox 464 2589 500 2645; x_wconf 88' lang='lat' dir='ltr'><strong>ad</strong></span> <span class='ocrx_word' id='word_1_219' title='bbox 522 2591 707 2665; x_wconf 87' lang='lat' dir='ltr'><strong>pugnandum</strong></span> <span class='ocrx_word' id='word_1_220' title='bbox 725 2591 828 2658; x_wconf 82' lang='lat' dir='ltr'><strong>alacer,</strong></span> <span class='ocrx_word' id='word_1_221' title='bbox 850 2607 959 2662; x_wconf 88' lang='lat' dir='ltr'><strong>pugna,</strong></span> <span class='ocrx_word' id='word_1_222' title='bbox 980 2587 1142 2657; x_wconf 88' lang='lat' dir='ltr'><strong>conflictus,</strong></span> <span class='ocrx_word' id='word_1_223' title='bbox 1164 2587 1239 2642; x_wconf 90' lang='lat' dir='ltr'><strong>unde</strong></span> 
     </span>
     <span class='ocr_line' id='line_1_25' title="bbox 197 2680 945 2754; baseline 0.005 -22"><span class='ocrx_word' id='word_1_224' title='bbox 197 2699 281 2737; x_wconf 87' lang='lat' dir='ltr'><strong>voces</strong></span> <span class='ocrx_word' id='word_1_225' title='bbox 298 2681 404 2754; x_wconf 84' lang='lat' dir='ltr'><strong>gallicae</strong></span> <span class='ocrx_word' id='word_1_226' title='bbox 421 2683 533 2737; x_wconf 79' lang='lat' dir='ltr'><strong>escrime</strong></span> <span class='ocrx_word' id='word_1_227' title='bbox 550 2694 578 2738; x_wconf 91' lang='lat' dir='ltr'><strong>et</strong></span> <span class='ocrx_word' id='word_1_228' title='bbox 595 2680 791 2738; x_wconf 79' lang='lat' dir='ltr'><strong>escarmouche</strong></span> <span class='ocrx_word' id='word_1_229' title='bbox 809 2681 945 2739; x_wconf 85' lang='lat' dir='ltr'><strong>oriuntur.</strong></span> 
     </span>
    </p>
   </div>
   <div class='ocr_carea' id='block_1_4' title="bbox 198 2781 1242 3397">
    <p class='ocr_par' dir='ltr' id='par_1_5' title="bbox 198 2781 1242 3397">
     <span class='ocr_line' id='line_1_26' title="bbox 235 2781 1237 2861; baseline -0.003 -22"><span class='ocrx_word' id='word_1_230' title='bbox 235 2785 301 2840; x_wconf 75' lang='lat' dir='ltr'><strong>Car.</strong></span> <span class='ocrx_word' id='word_1_231' title='bbox 309 2785 418 2840; x_wconf 81' lang='lat' dir='ltr'>XXIII.</span> <span class='ocrx_word' id='word_1_232' title='bbox 428 2785 606 2839; x_wconf 70' lang='lat' dir='ltr'><strong>Britanniam</strong></span> <span class='ocrx_word' id='word_1_233' title='bbox 615 2787 709 2861; x_wconf 75' lang='lat' dir='ltr'><strong>attigit.</strong></span> <span class='ocrx_word' id='word_1_234' title='bbox 719 2787 879 2861; x_wconf 88' lang='lat' dir='ltr'><strong>Suspicatur</strong></span> <span class='ocrx_word' id='word_1_235' title='bbox 885 2783 1032 2840; x_wconf 79' lang='lat' dir='ltr'><strong>D’Anville</strong></span> <span class='ocrx_word' id='word_1_236' title='bbox 1041 2781 1152 2856; x_wconf 80' lang='lat' dir='ltr'><strong>(Ge&#39;ogr.</strong></span> <span class='ocrx_word' id='word_1_237' title='bbox 1163 2799 1237 2850; x_wconf 76' lang='lat' dir='ltr'><strong>aaa,</strong></span> 
     </span>
     <span class='ocr_line' id='line_1_27' title="bbox 198 2871 1241 2952; baseline -0.004 -20"><span class='ocrx_word' id='word_1_238' title='bbox 198 2888 267 2932; x_wconf 89' lang='lat' dir='ltr'><strong>tom.</strong></span> <span class='ocrx_word' id='word_1_239' title='bbox 288 2897 318 2946; x_wconf 90' lang='lat'><strong>1,</strong></span> <span class='ocrx_word' id='word_1_240' title='bbox 341 2896 369 2951; x_wconf 93' lang='lat' dir='ltr'><strong>p.</strong></span> <span class='ocrx_word' id='word_1_241' title='bbox 391 2871 456 2952; x_wconf 81' lang='lat' dir='ltr'><strong>roi)</strong></span> <span class='ocrx_word' id='word_1_242' title='bbox 475 2878 611 2932; x_wconf 76' lang='lat' dir='ltr'><strong>Caesarem</strong></span> <span class='ocrx_word' id='word_1_243' title='bbox 627 2878 768 2951; x_wconf 83' lang='lat' dir='ltr'><strong>appulisse</strong></span> <span class='ocrx_word' id='word_1_244' title='bbox 785 2878 822 2933; x_wconf 85' lang='lat' dir='ltr'><strong>ad</strong></span> <span class='ocrx_word' id='word_1_245' title='bbox 838 2895 899 2933; x_wconf 85' lang='lat' dir='ltr'><strong>eam</strong></span> <span class='ocrx_word' id='word_1_246' title='bbox 917 2873 1068 2930; x_wconf 74' lang='lat' dir='ltr'><strong>Brit&#39;snniae</strong></span> <span class='ocrx_word' id='word_1_247' title='bbox 1081 2891 1161 2929; x_wconf 87' lang='lat' dir='ltr'><strong>oram</strong></span> <span class='ocrx_word' id='word_1_248' title='bbox 1179 2891 1241 2946; x_wconf 81' lang='lat' dir='ltr'><strong>quae</strong></span> 
     </span>
     <span class='ocr_line' id='line_1_28' title="bbox 198 2966 1240 3042; baseline -0.003 -18"><span class='ocrx_word' id='word_1_249' title='bbox 198 2989 274 3026; x_wconf 91' lang='lat' dir='ltr'><strong>nunc</strong></span> <span class='ocrx_word' id='word_1_250' title='bbox 290 2968 393 3025; x_wconf 79' lang='lat' dir='ltr'><strong>dicittu</strong></span> <span class='ocrx_word' id='word_1_251' title='bbox 401 2971 490 3041; x_wconf 83' lang='lat' dir='ltr'><strong>Lyme</strong></span> <span class='ocrx_word' id='word_1_252' title='bbox 493 3010 503 3038; x_wconf 92' lang='lat'><strong>,</strong></span> <span class='ocrx_word' id='word_1_253' title='bbox 514 2969 601 3026; x_wconf 83' lang='lat' dir='ltr'><strong>latine</strong></span> <span class='ocrx_word' id='word_1_254' title='bbox 611 2971 742 3025; x_wconf 75' lang='lat' dir='ltr'><strong>Lemanis</strong></span> <span class='ocrx_word' id='word_1_255' title='bbox 746 3009 756 3036; x_wconf 94' lang='lat'><strong>,</strong></span> <span class='ocrx_word' id='word_1_256' title='bbox 770 2969 846 3026; x_wconf 85' lang='lat' dir='ltr'><strong>haud</strong></span> <span class='ocrx_word' id='word_1_257' title='bbox 858 2969 943 3042; x_wconf 91' lang='lat' dir='ltr'><strong>louge</strong></span> <span class='ocrx_word' id='word_1_258' title='bbox 957 2966 1107 3022; x_wconf 87' lang='lat' dir='ltr'><strong>distantem</strong></span> <span class='ocrx_word' id='word_1_259' title='bbox 1120 2966 1157 3021; x_wconf 86' lang='lat' dir='ltr'><strong>ab</strong></span> <span class='ocrx_word' id='word_1_260' title='bbox 1170 2967 1240 3022; x_wconf 89' lang='lat' dir='ltr'><strong>urbe</strong></span> 
     </span>
     <span class='ocr_line' id='line_1_29' title="bbox 199 3057 1240 3138; baseline -0.006 -20"><span class='ocrx_word' id='word_1_261' title='bbox 199 3063 304 3118; x_wconf 78' lang='lat' dir='ltr'><strong>Dubris</strong></span> <span class='ocrx_word' id='word_1_262' title='bbox 323 3059 482 3138; x_wconf 86' lang='lat' dir='ltr'><strong>(Douvres).</strong></span> <span class='ocrx_word' id='word_1_263' title='bbox 499 3062 579 3117; x_wconf 86' lang='lat' dir='ltr'><strong>Hanc</strong></span> <span class='ocrx_word' id='word_1_264' title='bbox 600 3061 788 3134; x_wconf 87' lang='lat' dir='ltr'><strong>conjecturam</strong></span> <span class='ocrx_word' id='word_1_265' title='bbox 808 3059 1017 3116; x_wconf 83' lang='lat' dir='ltr'><strong>firmatnatura</strong></span> <span class='ocrx_word' id='word_1_266' title='bbox 1040 3059 1186 3126; x_wconf 87' lang='lat' dir='ltr'><strong>locorum,</strong></span> <span class='ocrx_word' id='word_1_267' title='bbox 1210 3057 1240 3113; x_wconf 93' lang='lat' dir='ltr'><strong>id</strong></span> 
     </span>
     <span class='ocr_line' id='line_1_30' title="bbox 200 3150 1240 3230; baseline -0.007 -19"><span class='ocrx_word' id='word_1_268' title='bbox 200 3167 241 3211; x_wconf 85' lang='lat' dir='ltr'><strong>est</strong></span> <span class='ocrx_word' id='word_1_269' title='bbox 254 3167 384 3230; x_wconf 84' lang='lat' dir='ltr'><strong>apertum</strong></span> <span class='ocrx_word' id='word_1_270' title='bbox 397 3167 426 3209; x_wconf 87' lang='lat' dir='ltr'><strong>et</strong></span> <span class='ocrx_word' id='word_1_271' title='bbox 434 3158 559 3228; x_wconf 85' lang='lat' dir='ltr'><strong>planum</strong></span> <span class='ocrx_word' id='word_1_272' title='bbox 572 3157 650 3222; x_wconf 71' lang='grc' dir='ltr'><strong>ἱὶιιιςς</strong></span> <span class='ocrx_word' id='word_1_273' title='bbox 663 3153 756 3209; x_wconf 76' lang='lat' dir='ltr'><strong>linunt</strong></span> <span class='ocrx_word' id='word_1_274' title='bbox 768 3164 796 3211; x_wconf 87' lang='lat' dir='ltr'><strong>et</strong></span> <span class='ocrx_word' id='word_1_275' title='bbox 809 3150 996 3226; x_wconf 77' lang='lat' dir='ltr'><strong>etymologia:</strong></span> <span class='ocrx_word' id='word_1_276' title='bbox 1010 3152 1145 3206; x_wconf 52' lang='lat' dir='ltr'><strong>lernam&amp;</strong></span> <span class='ocrx_word' id='word_1_277' title='bbox 1163 3151 1240 3206; x_wconf 88' lang='lat' dir='ltr'><strong>enim</strong></span> 
     </span>
     <span class='ocr_line' id='line_1_31' title="bbox 201 3241 1242 3322; baseline -0.008 -20"><span class='ocrx_word' id='word_1_278' title='bbox 201 3259 242 3302; x_wconf 88' lang='lat' dir='ltr'><strong>est</strong></span> <span class='ocrx_word' id='word_1_279' title='bbox 260 3266 317 3302; x_wconf 84' lang='lat' dir='ltr'><strong>vox</strong></span> <span class='ocrx_word' id='word_1_280' title='bbox 339 3266 428 3322; x_wconf 75' lang='lat' dir='ltr'><strong>greca</strong></span> <span class='ocrx_word' id='word_1_281' title='bbox 446 3243 545 3318; x_wconf 65' lang='grc' dir='ltr'><strong><em>λιμὴν,</em></strong></span> <span class='ocrx_word' id='word_1_282' title='bbox 559 3258 670 3322; x_wconf 80' lang='lat' dir='ltr'><strong>portus,</strong></span> <span class='ocrx_word' id='word_1_283' title='bbox 682 3247 839 3302; x_wconf 88' lang='lat' dir='ltr'><strong>mutatione</strong></span> <span class='ocrx_word' id='word_1_284' title='bbox 852 3245 951 3300; x_wconf 75' lang='lat' dir='ltr'><strong>littera</strong></span> <span class='ocrx_word' id='word_1_285' title='bbox 969 3261 984 3301; x_wconf 85' lang='lat' dir='ltr'><strong>n</strong></span> <span class='ocrx_word' id='word_1_286' title='bbox 1000 3241 1030 3297; x_wconf 91' lang='lat' dir='ltr'><strong>iu</strong></span> <span class='ocrx_word' id='word_1_287' title='bbox 1046 3262 1079 3314; x_wconf 78' lang='lat' dir='ltr'><strong>a,</strong></span> <span class='ocrx_word' id='word_1_288' title='bbox 1091 3261 1147 3318; x_wconf 92' lang='lat' dir='ltr'><strong>pro</strong></span> <span class='ocrx_word' id='word_1_289' title='bbox 1162 3259 1242 3297; x_wconf 85' lang='lat' dir='ltr'><strong>more</strong></span> 
     </span>
     <span class='ocr_line' id='line_1_32' title="bbox 200 3339 447 3397; baseline 0.004 -3"><span class='ocrx_word' id='word_1_290' title='bbox 200 3339 312 3394; x_wconf 83' lang='lat' dir='ltr'><strong>dialecti</strong></span> <span class='ocrx_word' id='word_1_291' title='bbox 332 3340 447 3397; x_wconf 67' lang='lat' dir='ltr'><strong>dorica.</strong></span> 
     </span>
    </p>
   </div>
   <div class='ocr_carea' id='block_1_5' title="bbox 581 3444 864 3502">
    <p class='ocr_par' dir='ltr' id='par_1_6' title="bbox 581 3444 864 3502">
     <span class='ocr_line' id='line_1_33' title="bbox 581 3444 864 3502; baseline -0.014 0"><span class='ocrx_word' id='word_1_292' title='bbox 581 3447 626 3502; x_wconf 88' lang='lat' dir='ltr'><strong>IN</strong></span> <span class='ocrx_word' id='word_1_293' title='bbox 644 3445 809 3502; x_wconf 86' lang='lat' dir='ltr'>LIBRUM</span> <span class='ocrx_word' id='word_1_294' title='bbox 829 3444 864 3498; x_wconf 78' lang='lat' dir='ltr'><strong>V.</strong></span> 
     </span>
    </p>
   </div>
   <div class='ocr_carea' id='block_1_6' title="bbox 202 3589 1300 4042">
    <p class='ocr_par' dir='ltr' id='par_1_7' title="bbox 202 3589 1300 4042">
     <span class='ocr_line' id='line_1_34' title="bbox 241 3589 1300 3670; baseline -0.01 -18"><span class='ocrx_word' id='word_1_295' title='bbox 241 3597 305 3652; x_wconf 76' lang='lat' dir='ltr'><strong>eu.</strong></span> <span class='ocrx_word' id='word_1_296' title='bbox 320 3599 356 3652; x_wconf 91' lang='lat'><strong>11.</strong></span> <span class='ocrx_word' id='word_1_297' title='bbox 374 3598 424 3652; x_wconf 83' lang='lat' dir='ltr'><strong>Ad</strong></span> <span class='ocrx_word' id='word_1_298' title='bbox 431 3589 636 3670; x_wconf 75' lang='lat' dir='ltr'><strong>portrrmItiuni.</strong></span> <span class='ocrx_word' id='word_1_299' title='bbox 651 3595 745 3652; x_wconf 84' lang='lat' dir='ltr'><strong>Hodie</strong></span> <span class='ocrx_word' id='word_1_300' title='bbox 761 3595 804 3653; x_wconf 89' lang='lat' dir='ltr'><em>W</em></span> <span class='ocrx_word' id='word_1_301' title='bbox 801 3595 913 3650; x_wconf 82' lang='lat' dir='ltr'><strong>it-sand</strong></span> <span class='ocrx_word' id='word_1_302' title='bbox 927 3611 976 3650; x_wconf 85' lang='lat' dir='ltr'><strong>seu</strong></span> <span class='ocrx_word' id='word_1_303' title='bbox 993 3591 1134 3655; x_wconf 80' lang='lat' dir='ltr'><strong>Wissant,</strong></span> <span class='ocrx_word' id='word_1_304' title='bbox 1151 3605 1241 3662; x_wconf 90' lang='lat' dir='ltr'><strong>prope</strong></span> <span class='ocrx_word' id='word_1_305' title='bbox 1295 3625 1300 3636; x_wconf 37' lang='lat' dir='ltr'><strong>t</strong></span> 
     </span>
     <span class='ocr_line' id='line_1_35' title="bbox 203 3681 1241 3761; baseline -0.012 -16"><span class='ocrx_word' id='word_1_306' title='bbox 203 3689 461 3760; x_wconf 85' lang='lat' dir='ltr'><strong>Bononiam,sicuti</strong></span> <span class='ocrx_word' id='word_1_307' title='bbox 471 3688 659 3744; x_wconf 89' lang='lat' dir='ltr'><strong>eruditissimo</strong></span> <span class='ocrx_word' id='word_1_308' title='bbox 668 3688 814 3744; x_wconf 84' lang='lat' dir='ltr'><strong>D’Anville</strong></span> <span class='ocrx_word' id='word_1_309' title='bbox 822 3686 942 3761; x_wconf 87' lang='lat' dir='ltr'><strong>placuit,</strong></span> <span class='ocrx_word' id='word_1_310' title='bbox 956 3695 983 3740; x_wconf 89' lang='lat' dir='ltr'><strong>et</strong></span> <span class='ocrx_word' id='word_1_311' title='bbox 995 3693 1093 3757; x_wconf 89' lang='lat' dir='ltr'><strong>postea</strong></span> <span class='ocrx_word' id='word_1_312' title='bbox 1106 3681 1169 3735; x_wconf 78' lang='lat' dir='ltr'><strong>viro</strong></span> <span class='ocrx_word' id='word_1_313' title='bbox 1182 3697 1241 3734; x_wconf 87' lang='lat' dir='ltr'><strong>non</strong></span> 
     </span>
     <span class='ocr_line' id='line_1_36' title="bbox 202 3775 1244 3856; baseline -0.012 -17"><span class='ocrx_word' id='word_1_314' title='bbox 202 3783 321 3839; x_wconf 81' lang='lat' dir='ltr'><strong>minoris</strong></span> <span class='ocrx_word' id='word_1_315' title='bbox 335 3783 365 3838; x_wconf 88' lang='lat' dir='ltr'><strong>in</strong></span> <span class='ocrx_word' id='word_1_316' title='bbox 380 3785 464 3840; x_wconf 88' lang='lat' dir='ltr'><strong>rebus</strong></span> <span class='ocrx_word' id='word_1_317' title='bbox 477 3782 672 3856; x_wconf 83' lang='lat' dir='ltr'><strong>geographicis</strong></span> <span class='ocrx_word' id='word_1_318' title='bbox 685 3781 810 3855; x_wconf 72' lang='lat' dir='ltr'><strong>peritia,</strong></span> <span class='ocrx_word' id='word_1_319' title='bbox 827 3777 958 3835; x_wconf 87' lang='lat' dir='ltr'><strong>Gosselin</strong></span> <span class='ocrx_word' id='word_1_320' title='bbox 971 3775 981 3852; x_wconf 86' lang='lat'><strong>(</strong></span> <span class='ocrx_word' id='word_1_321' title='bbox 989 3775 1077 3831; x_wconf 75' lang='lat' dir='ltr'><strong>Serae.</strong></span> <span class='ocrx_word' id='word_1_322' title='bbox 1091 3775 1161 3849; x_wconf 83' lang='lat' dir='ltr'><strong>gall.</strong></span> <span class='ocrx_word' id='word_1_323' title='bbox 1178 3791 1244 3828; x_wconf 84' lang='lat' dir='ltr'><strong>ver-</strong></span> 
     </span>
     <span class='ocr_line' id='line_1_37' title="bbox 202 3865 1243 3950; baseline -0.011 -20"><span class='ocrx_word' id='word_1_324' title='bbox 202 3877 273 3932; x_wconf 81' lang='lat' dir='ltr'><strong>sion.</strong></span> <span class='ocrx_word' id='word_1_325' title='bbox 300 3895 329 3944; x_wconf 91' lang='lat' dir='ltr'><strong>t,</strong></span> <span class='ocrx_word' id='word_1_326' title='bbox 352 3895 403 3945; x_wconf 87' lang='lat'><strong>77,</strong></span> <span class='ocrx_word' id='word_1_327' title='bbox 420 3879 456 3930; x_wconf 75' lang='grc' dir='ltr'><strong>ιι0</strong></span> <span class='ocrx_word' id='word_1_328' title='bbox 482 3875 516 3950; x_wconf 86' lang='lat' dir='ltr'><strong>r).</strong></span> <span class='ocrx_word' id='word_1_329' title='bbox 537 3876 578 3930; x_wconf 86' lang='lat' dir='ltr'><strong>Ex</strong></span> <span class='ocrx_word' id='word_1_330' title='bbox 600 3873 656 3929; x_wconf 89' lang='lat' dir='ltr'><strong>hoc</strong></span> <span class='ocrx_word' id='word_1_331' title='bbox 675 3875 751 3930; x_wconf 89' lang='lat' dir='ltr'><strong>enim</strong></span> <span class='ocrx_word' id='word_1_332' title='bbox 772 3883 856 3947; x_wconf 89' lang='lat' dir='ltr'><strong>portu</strong></span> <span class='ocrx_word' id='word_1_333' title='bbox 872 3869 1052 3927; x_wconf 83' lang='lat' dir='ltr'><strong>brevissimus</strong></span> <span class='ocrx_word' id='word_1_334' title='bbox 1067 3879 1109 3924; x_wconf 90' lang='lat' dir='ltr'><strong>est</strong></span> <span class='ocrx_word' id='word_1_335' title='bbox 1130 3867 1159 3920; x_wconf 88' lang='lat' dir='ltr'><strong>iu</strong></span> <span class='ocrx_word' id='word_1_336' title='bbox 1178 3865 1243 3920; x_wconf 81' lang='lat' dir='ltr'><strong>Bri-</strong></span> 
     </span>
     <span class='ocr_line' id='line_1_38' title="bbox 204 3957 1240 4042; baseline -0.013 -19"><span class='ocrx_word' id='word_1_337' title='bbox 204 3969 328 4025; x_wconf 87' lang='lat' dir='ltr'><strong>tanniam</strong></span> <span class='ocrx_word' id='word_1_338' title='bbox 354 3969 496 4042; x_wconf 87' lang='lat' dir='ltr'><strong>trajectus,</strong></span> <span class='ocrx_word' id='word_1_339' title='bbox 518 3977 548 4022; x_wconf 89' lang='lat' dir='ltr'><strong>ut</strong></span> <span class='ocrx_word' id='word_1_340' title='bbox 569 3967 609 4020; x_wconf 85' lang='lat' dir='ltr'><strong>ait</strong></span> <span class='ocrx_word' id='word_1_341' title='bbox 633 3969 735 4036; x_wconf 58' lang='lat' dir='ltr'><strong>Caesen</strong></span> <span class='ocrx_word' id='word_1_342' title='bbox 757 3965 834 4040; x_wconf 91' lang='lat' dir='ltr'><strong>quod</strong></span> <span class='ocrx_word' id='word_1_343' title='bbox 860 3974 886 4019; x_wconf 90' lang='lat' dir='ltr'><strong>et</strong></span> <span class='ocrx_word' id='word_1_344' title='bbox 913 3961 1051 4017; x_wconf 90' lang='lat' dir='ltr'><strong>indicatur</strong></span> <span class='ocrx_word' id='word_1_345' title='bbox 1071 3957 1240 4034; x_wconf 80' lang='lat' dir='ltr'><strong>etymologia</strong></span> 
     </span>
    </p>
   </div>
   <div class='ocr_carea' id='block_1_7' title="bbox 0 0 1530 4768">
    <p class='ocr_par' dir='ltr' id='par_1_8' title="bbox 0 0 1530 4768">
     <span class='ocr_line' id='line_1_39' title="bbox 0 0 1530 4768; baseline 0 0"><span class='ocrx_word' id='word_1_346' title='bbox 0 0 1530 4768; x_wconf 95' lang='lat' dir='ltr'><strong> </strong></span> 
     </span>
    </p>
   </div>
  </div>
 </body>
</html>
