3042 4772
459 399 510 454 DE
532 399 654 456 ultum
674 399 792 454 CIVILI
811 397 882 454 ΗΒ.
899 393 950 454 111.
1170 394 1224 462 145

193 521 368 615 Pompeius
386 521 454 590 suis
473 520 683 614 praedixerat,
706 533 742 590 ut
759 521 899 590 Caesaris
921 522 1079 614 impetum
1098 520 1221 612 excipe·

193 655 284 724 rent,
303 663 385 708 neve
401 665 435 710 se
450 637 524 711 loco
541 655 732 725 moverent,
747 641 917 732 aciemque
927 639 998 731 ejus
1010 637 1146 707 distrahi
1163 662 1223 733 pa·

192 773 366 830 terentur:
389 757 489 852 idque
514 759 684 830 admonitu
705 761 744 830 C.
764 760 883 829 Triarii
903 757 1017 828 iecisse
1038 757 1232 844 dicebatur,

193 894 231 948 ut
248 879 374 972 primus
393 903 548 948 excursus
563 882 678 973 visque
695 877 838 949 militum
859 876 1113 972 infringeretur,
1125 878 1226 946 acies·

193 1023 258 1092 que
273 997 530 1088 distenderetur,
549 1013 649 1094 atque
670 997 704 1070 in
722 1001 789 1068 suis
805 995 976 1068 ordinibus
996 997 1145 1091 dispositi
1161 995 1226 1064 dis·
1251 1043 1257 1056 ·

192 1141 306 1212 percos
331 1117 541 1188 adorirentur
560 1144 568 1186 :
587 1117 757 1212 Ioniusque
776 1141 892 1187 casura
916 1113 983 1210 pila
1006 1116 1225 1210 sperabat,·in

192 1235 266 1308 loco
284 1237 420 1308 retentis
446 1235 620 1320 militibus,
641 1236 785 1331 quamsi
814 1236 875 1330 ipsi
904 1235 1057 1304 immissis
1075 1233 1147 1303 telis
1165 1255 1224 1304 oc·

192 1356 371 1426 currissent
398 1353 522 1424 :simul
552 1355 638 1444 lore,
668 1369 720 1443 ut,
750 1354 918 1449 duplicato
942 1379 1066 1443 cursu,
1086 1355 1224 1425 Cesaris

192 1472 313 1544 milites¹
326 1477 603 1564 exanimarentur,
618 1490 651 1544 et
660 1473 1111 1544 lassitudineoonlicerentur.
1121 1471 1226 1563 Quod

193 1594 288 1664 nobis
305 1592 436 1686 quidem
460 1593 552 1664 nulla
572 1595 700 1664 ratione
722 1593 843 1664 factum
862 1618 879 1662 a
898 1594 1056 1687 Pompeio
1077 1591 1224 1673 videtur,

193 1726 366 1806 propterea
381 1712 529 1805 quodest
542 1711 693 1807 quaedam
710 1713 813 1782 animi
833 1713 1090 1804 incitatioatque
1105 1709 1223 1780 alacri-

192 1846 241 1900 tas
261 1829 454 1902 naturaliter
480 1833 592 1902 innata
617 1833 789 1920 omnibus,
807 1856 880 1925 quae
910 1811 1019 1900 studio
1035 1853 1156 1924 pugne
1175 1830 1224 1899 in·

192 1950 353 2022 cenditur.
377 1955 471 2020 Hanc
488 1975 555 2020 non
580 1952 776 2044 reprimere,
799 1949 857 2020 sed
873 1973 995 2045 augere
1012 1951 1224 2044 imperatores

192 2067 333 2154 debent;
345 2093 451 2162 neque
466 2068 585 2140 frustra
601 2071 781 2163 antiquitus
798 2069 987 2138 institutum
998 2082 1064 2154 est,
1078 2081 1116 2136 ut
1131 2070 1224 2163 signa

193 2187 339 2281 undique
359 2190 587 2275 concinerent,
605 2188 848 2284 clamoremque
871 2189 1015 2259 universi
1040 2184 1193 2256 tollerent
1215 2213 1223 2255 :

192 2307 313 2400 quibus
326 2309 428 2379 rebus
438 2323 476 2378 et
495 2308 606 2378 hostes
625 2310 758 2395 terreri,
772 2321 806 2376 et
820 2332 896 2378 suos
914 2307 1045 2376 incitari
1060 2307 1224 2376 existima·

191 2441 321 2498 verunt

239 2549 361 2616 XCIII.
388 2546 452 2616 Sed
471 2549 575 2616 nostri
594 2544 728 2632 milites,
747 2544 825 2614 dato
843 2544 956 2638 signo,
976 2569 1080 2637 quum
1098 2545 1223 2614 infestis

193 2663 267 2758 pilis
282 2667 583 2760 procucurrissent,
605 2679 703 2757 atque
716 2660 1043 2747 animadvertissent,
1060 2687 1126 2733 non
1146 2687 1224 2733 eon·

192 2786 281 2852 curri
303 2809 323 2852 e
347 2784 574 2878 Pompeianis,
590 2805 652 2850 usu
671 2781 785 2875 periti,
806 2804 844 2850 ac
862 2781 1088 2875 superioribus
1102 2783 1224 2875 pugnis

192 2903 378 2989 exercitati,
403 2925 461 2972 sua
486 2915 603 2996 sponte
620 2923 754 2970 cunum
774 2914 1017 2995 represserunt,
1042 2913 1076 2968 et
1100 2898 1142 2968 ed
1158 2921 1225 2968 me·

192 3019 285 3090 diurn
309 3019 376 3090 lere
399 3021 540 3114 spatium
563 3020 796 3103 constiterunt,
814 3043 856 3088 ne
869 3019 1075 3112 consumptis
1098 3017 1223 3088 viribus

192 3138 514 3233 appropinquarent,
534 3163 704 3235 parvoque
724 3140 908 3208 intermisso
927 3140 1083 3233 temporis
1097 3138 1224 3232 spatio,

193 3280 232 3324 ac
258 3280 372 3326 rursus
390 3275 549 3329 renormo
569 3283 683 3346 cursu,
706 3257 772 3354 pila
789 3259 965 3346 miserunt,
991 3255 1224 3351 celeriterque,
1315 3285 1319 3292 ’

193 3390 231 3444 ut
250 3390 320 3446 erat
337 3392 565 3472 preceptuma
581 3381 726 3463 Cerere,
741 3375 868 3472 gladios
879 3377 1094 3446 strinxerunt.
1107 3377 1226 3470 Neque

192 3517 272 3563 vero
291 3497 482 3590 Pompeiani
499 3497 576 3566 huie
588 3498 636 3565 rei
662 3495 838 3566 delirerunt
858 3521 866 3563 s
891 3519 968 3564 nam
994 3509 1027 3564 et
1044 3493 1107 3564 tela
1126 3495 1225 3564 misse

193 3631 409 3708 exceperunt,
429 3629 463 3686 et
484 3617 643 3708 impetum
666 3613 834 3710 legionum
858 3611 1023 3700 tulerunt,
1041 3627 1076 3682 et
1093 3611 1228 3690 ordines,

193 3749 487 3820 conservaverunt,
512 3733 653 3829 pilisque
672 3735 799 3820 missis,
827 3731 870 3802 ad
893 3731 1017 3827 gladios
1042 3729 1223 3800 redierunt.

193 3851 318 3922 Eodem
343 3854 636 3948 temporeequites
654 3853 696 3924 nb
718 3854 850 3923 sinistro
866 3850 1015 3947 Pompeii
1044 3873 1170 3936 cornu,
1188 3864 1226 3919 ut

194 3983 265 4037 erat
297 3972 511 4065 imperatum,
547 3974 692 4043 universi
727 3985 1023 4066 procucurrerunt,
1053 3969 1226 4062 omnisque

336 4115 372 4158 rr.
1048 4113 1090 4160 ιο
