3042 4772
501 385 552 442 nn
574 385 696 440 annno
717 384 1007 444 numennumo.
1212 385 1265 457 ηε

234 526 311 582 sunt
337 535 376 580 ex
404 533 541 580 numero
567 506 822 603 legionariorum
842 507 983 578 militum
999 509 1131 583 ¹circiter
1150 531 1216 596 cn,
1233 525 1266 580 et

234 630 334 725 paulo
351 628 439 698 ultra
455 651 531 698 eum
551 650 725 709 numerum
741 627 897 698 classiarii
908 642 942 698 et
956 630 1104 723 remiges.
1122 628 1265 700 Alexan·

234 750 320 820 drini
339 773 379 818 eo
394 747 469 818 loco
487 745 657 818 castellum
677 749 805 844 magnis
832 748 1070 818 munitionibus
1088 745 1265 843 multisque
1361 827 1365 839 ,

233 869 405 939 tormentis
429 865 725 954 confirmaverunt,
743 882 860 960 atque,
883 868 1001 962 egestis
1021 891 1060 937 ex
1077 869 1161 938 mari
1181 867 1266 962 lapi·

233 987 345 1069 dibus‚
359 986 464 1056 libere
478 1000 555 1056 sunt
571 987 628 1056 usi.
641 1000 752 1081 postea
769 985 812 1056 ad
827 986 987 1066 mittenda
1001 987 1142 1082 navigia.
1166 1053 1167 1056 ,

280 1109 389 1178 xxn.
410 1107 482 1176 Hoc
508 1103 706 1174 detrimento
725 1102 844 1175 milites
874 1106 977 1176 nostri
1000 1119 1128 1176 tanturn
1153 1105 1265 1178 abfue-
1324 1127 1326 1132 ·

232 1240 312 1296 runt
330 1239 367 1296 ut
386 1223 674 1320 perturbarentur,
695 1237 732 1292 ut
750 1223 872 1294 incensi
894 1227 1003 1319 potins
1019 1240 1117 1318 atque
1137 1225 1265 1298 incitati

232 1358 375 1440 magnas·
388 1344 587 1426 accessiones
607 1343 753 1438 fecerint
770 1344 806 1414 iu
826 1345 980 1438 operibus
1001 1345 1146 1422 hostium
1163 1369 1265 1440 erpu-

231 1463 385 1560 gnaudis,
398 1465 433 1534 in
447 1443 569 1559 proeliis
585 1442 784 1557 quotidianis
794 1513 803 1547 ,
813 1463 1077 1558 quandocunque
1088 1465 1155 1534 fors
1168 1465 1265 1534 obtu-

230 1583 335 1670 lerat,
359 1583 628 1679 procurrentibus
655 1597 688 1651 et
706 1583 952 1676 erumpentibus
974 1581 1204 1655 Alexandrinis
1206 1635 1261 1654 .....

231 1729 367 1774 manum
396 1700 628 1796 comprehendi
653 1699 794 1770 multum
818 1701 994 1794 operibus,
1013 1716 1046 1770 et
1072 1701 1264 1771 ardentibus

231 1822 347 1896 studiis
366 1807 508 1892 militnm
528 1845 536 1890 ε
560 1844 620 1890 nec
638 1819 807 1913 divulgata
824 1820 961 1890 Cascis
979 1820 1165 1890 cohortatio
1183 1822 1262 1891 sub·

230 1943 322 2035 sequi
349 1941 517 2036 legionum
536 1953 594 2009 aut
612 1938 774 2025 laborem,
789 1953 847 2008 aut
872 1939 1042 2035 pugnandi
1059 1954 1188 2035 poterat
1203 1967 1262 2012 cu·

230 2060 418 2155 piditatem,
443 2075 481 2130 ut
506 2060 611 2156 magis
631 2058 815 2130 deterrendi
843 2074 876 2128 et
901 2059 1091 2130 continendi
1121 2085 1140 2130 a
1172 2063 1261 2156 peri-

231 2177 439 2252 culosissimis
464 2193 574 2250 esseut
599 2177 883 2265 dimicationibus,
910 2203 1011 2276 quam
1039 2179 1197 2251 incitandi
1218 2181 1262 2252 ad

230 2299 454 2394 pugnandum.

277 2421 403 2492 XXIll.
420 2417 649 2506 Alexandrini,
664 2444 766 2514 quum
782 2424 948 2492 Romanos
956 2435 989 2492 et
1002 2420 1153 2491 secundis
1162 2422 1261 2492 rebus

229 2539 437 2628 confirmari,
463 2555 496 2610 et
517 2539 660 2610 adversis
681 2540 810 2610 incitari
835 2537 1001 2625 viderent,
1024 2563 1130 2633 neque
1156 2539 1260 2610 ullum

228 2657 304 2730 belli
316 2661 450 2729 tertium
466 2682 577 2728 casum
595 2673 747 2744 nossent,
766 2681 833 2750 quo
851 2672 983 2750 possent
997 2681 1066 2727 esse
1081 2657 1262 2746 firmiores,

228 2792 265 2847 ut
283 2778 471 2870 conjectura
491 2776 646 2868 consequi
665 2799 855 2868 possumus,
872 2791 930 2845 aut
949 2775 1110 2846 admoniti
1136 2801 1155 2846 a
1175 2781 1261 2873 regis

227 2897 360 2982 amicis,
378 2895 486 2989 quiin
504 2895 641 2964 Caesaris
663 2910 757 2964 erant
784 2894 961 2988 presidiis,
984 2910 1041 2965 aut
1068 2919 1130 2965 suo
1150 2898 1261 2990 priore

227 3014 385 3099 consilio,
411 3039 470 3109 per
497 3009 644 3083 occultos
669 3016 801 3083 nuntios
825 3015 910 3108 regis
940 3015 1103 3109 probato,
1135 3013 1260 3110 legatos

227 3131 269 3202 ad
294 3137 454 3204 Caesarem
479 3133 658 3220 miserunt,
684 3160 701 3197 α
723 3148 760 3203 ut
782 3132 962 3206 dimitteret
993 3159 1124 3229 regem,
1151 3149 1260 3216 trans·

227 3253 339 3346 ireque
357 3239 399 3320 sd
415 3277 492 3324 suos
513 3265 680 3346 pateretur
699 3279 707 3322 :
728 3267 875 3347 paratam
893 3254 980 3324 enim
999 3278 1132 3326 ornnem
1144 3252 1260 3324 multi·

226 3371 373 3440 tudinem
400 3397 487 3460 esse,
517 3371 705 3448 confectam·
725 3372 822 3441 taedio
846 3373 981 3467 puelle,
1010 3373 1181 3442 fiduciario
1208 3397 1261 3444 re·

226 3515 312 3584 gno,
335 3488 560 3564 dominatione
576 3489 801 3561 crudelissima
826 3493 1049 3587 Ganymedis,
1075 3493 1182 3574 facere
1203 3493 1261 3580 id,

225 3608 316 3702 quod
341 3635 397 3680 rex
421 3610 637 3706 imperasset:
656 3637 723 3707 quc
747 3613 774 3682 si
791 3627 925 3683 auctore
940 3613 1135 3684 taeesaris
1158 3611 1258 3682 fidem

226 3729 468 3824 amicitiamque
494 3735 624 3802 venturi
647 3747 771 3822 essem,
796 3731 919 3804 nullius
942 3731 1080 3827 periculi
1106 3731 1258 3802 timorem

226 3843 430 3918 multitudini
460 3849 530 3922 lore
565 3852 822 3947 impedimento,
857 3877 924 3946 quo
953 3853 1062 3924 minus
1090 3874 1125 3922 se
1157 3848 1257 3922 dede·

226 3977 308 4032 rent.
325 3995 342 4030 u
