3020 4768
258 373 275 434 4
417 371 447 425 C.
465 369 564 424 JULll
586 369 750 426 castula·
770 369 1132 426 COMMENTARIORUM

307 496 347 562 V.
367 492 425 561 His
438 493 597 562 decausis
613 508 758 587 aguntur
773 495 885 562 omnia
898 497 1019 589 raptim
1034 508 1133 588 atque
1149 492 1295 578 turbate;

257 637 317 682 nec
329 611 469 682 docendi
486 613 623 682 Caesaris
635 597 831 707 propinquis
850 615 920 707 ejus
937 615 1082 708 spatium
1105 613 1217 699 datur;
1233 637 1294 680 nec

257 732 399 800 tribunis
417 730 523 826 plebis
540 735 590 802 sui
606 731 747 826 periculi
764 732 978 827 deprecandi,
996 758 1104 828 neque
1121 733 1220 801 etiam
1237 757 1294 800 ex-

253 853 353 920 tremi
370 853 455 946 juris
477 855 713 922 intercessione
735 853 919 941 retinendi,
937 855 1027 946 quod
1049 857 1087 923 L.
1108 851 1197 946 Sylla
1215 851 1293 921 reli-

255 986 388 1063 querat,
406 970 545 1041 facultas
563 972 721 1042 tribuitur
735 999 744 1040 :
758 972 815 1042 sed
831 973 872 1042 de
889 997 949 1041 sua
966 970 1072 1042 salute
1088 975 1229 1065 septimo
1240 970 1293 1039 die

255 1091 401 1183 cogitare
422 1106 608 1185 coguntur3
634 1092 724 1185 quod
745 1090 794 1159 illi
818 1091 1093 1161 turbulentissimi
1120 1092 1295 1184 superiori·

256 1210 318 1278 bus
334 1211 538 1302 temporibus
548 1213 674 1281 tribuni
690 1211 794 1306 plebis
806 1226 923 1280 octavo
939 1211 1082 1305 denique
1096 1235 1209 1279 mense
1222 1234 1295 1280 sua·

256 1354 331 1397 rum
351 1332 521 1400 actionum
548 1334 711 1425 respicere
730 1357 770 1401 ac
794 1334 909 1401 timere
932 1346 1143 1400 consuerant.
1167 1334 1294 1400 Decur·
1379 1419 1382 1428 ,

255 1450 341 1517 ritur
358 1449 401 1518 ad
418 1449 512 1519 illum
530 1466 713 1520 extremum
731 1467 830 1544 atque
848 1450 1003 1520 ultimum
1021 1455 1054 1520 S.
1073 1453 1113 1521 C.
1131 1475 1214 1544 quo,
1230 1453 1293 1519 nisi

256 1593 348 1662 paene
364 1572 400 1638 in
417 1571 490 1662 ipso
498 1572 600 1641 Urbis
617 1571 773 1640 incendio
785 1585 884 1665 atque
900 1562 1126 1664 desperatione
1143 1572 1293 1638 omnium

255 1689 383 1775 salutis,
402 1689 547 1759 latorum
565 1691 717 1778 audacia,
736 1716 906 1785 nunquam
925 1706 1003 1760 ante
1024 1691 1204 1759 discessum
1223 1705 1291 1758 est:

255 1813 377 1878 «Dent
399 1835 536 1904 operam
557 1808 723 1899 consules,
743 1825 912 1905 praetores,
935 1811 1062 1879 tribuni
1082 1808 1202 1904 plebis,
1218 1809 1294 1902 qui-

254 1953 319 2020 que
338 1928 527 1998 consulares
548 1929 685 1998 suntad
702 1931 848 2018 Urbem,
871 1929 1011 2022 nequid
1032 1913 1218 2021 respublica
1236 1929 1292 1996 de·

256 2049 404 2117 trimcnti
423 2050 574 2140 capiat.»
590 2052 666 2118 Haeo
684 2051 717 2118 S.
728 2051 767 2118 C.
782 2051 1040 2142 praescribuntur
1058 2074 1086 2117 a.
1107 2047 1138 2116 d.
1153 2071 1200 2116 vn
1218 2047 1292 2116 idus

252 2167 429 2259 januarias.
446 2169 561 2260 Itaque
581 2171 728 2262 quinque
749 2168 864 2263 primis
882 2168 1016 2255 diebus,
1036 2163 1157 2262 quibus
1176 2169 1293 2236 haberi

254 2299 387 2353 senatus
409 2287 531 2379 potuit,
557 2312 622 2380 qua
646 2311 687 2356 ex
713 2287 766 2355 die
789 2288 995 2357 consulatum
1017 2289 1091 2356 iniit
1113 2286 1292 2373 Lentulus,

254 2403 357 2472 biduo
385 2420 521 2499 excepto
542 2406 718 2494 comitiali,
738 2421 771 2476 et
792 2406 832 2476 de
851 2409 991 2501 imperio
1016 2409 1168 2494 casaris,
1193 2422 1227 2475 et
1251 2407 1292 2476 de

254 2522 463 2618 amplissimis
483 2526 579 2611 viris,
601 2527 742 2595 tribunis
765 2525 886 2620 plebis,
910 2529 1100 2621 gravissime
1121 2528 1292 2597 acerbissi-

255 2669 373 2739 meque
397 2643 597 2714 decernitur.
618 2645 819 2741 Profugiunt
850 2649 962 2716 statim
988 2673 1029 2716 ex
1050 2648 1141 2718 Urbe
1164 2646 1291 2715 tribuni

254 2761 376 2857 plebis,
401 2789 536 2858 seseque
557 2764 600 2834 ad
620 2769 782 2836 Caesarem
812 2767 997 2836 conferunt.
1022 2771 1055 2836 Is
1080 2791 1119 2835 eo
1142 2781 1290 2859 tempore

254 2899 324 2953 erat
343 2887 527 2974 Ravennae,
548 2887 820 2980 exspectabatque
839 2891 906 2957 suis
927 2887 1099 2958 lenissimis
1116 2885 1289 2981 postulatis
1382 2899 1393 2920 ⁶

255 3028 429 3098 responsa,
445 3007 472 3072 si
489 3029 554 3098 qua
570 3005 743 3073 bominum
759 3008 912 3098 aequitate
929 3032 980 3076 res
997 3007 1038 3076 ad
1051 3009 1154 3076 otium
1173 3004 1290 3076 deduci

253 3139 373 3216 posset.

301 3245 359 3312 VI.
386 3245 548 3312 Proximis
574 3245 690 3315 diebus
716 3246 857 3317 habetur
884 3260 1015 3316 senatus
1041 3261 1133 3316 extra
1161 3249 1288 3316 urbem.

253 3362 430 3455 Pompeius
453 3362 568 3432 eadem
591 3363 661 3453 illa,
685 3391 758 3458 quae
783 3391 843 3460 per
868 3367 1055 3466 Scipionem
1082 3365 1289 3451 ostenderat,

254 3485 351 3579 agit:
378 3499 511 3552 senatus
536 3485 694 3555 virtutem
720 3487 1003 3585 constantiamque
1028 3483 1207 3573 collaudat;
1233 3511 1289 3554 co·

254 3605 324 3698 pias
343 3628 418 3674 suas
439 3605 589 3698 exponit;
610 3603 754 3698 legiones
776 3604 896 3674 babere
915 3631 984 3674 sese
1002 3620 1132 3699 paratas
1148 3630 1187 3688 x;
1206 3631 1290 3700 prae·

255 3742 342 3793 terea
363 3727 534 3820 cognitum
561 3739 832 3818 compertumque
858 3725 935 3812 sibi,
958 3723 1064 3794 alieno
1086 3750 1155 3793 esse
1178 3726 1289 3794 animo

254 3846 289 3912 iu
306 3845 469 3912 Caesarem
486 3843 620 3932 milites,
637 3867 743 3937 neque
757 3844 797 3911 iis
815 3868 908 3937 posse
924 3843 1129 3939 persuaderi,
1146 3845 1195 3914 uti
1213 3869 1289 3914 eum

255 3961 432 4032 defendant
456 3980 515 4034 ant
536 3978 726 4058 sequantur.
748 3961 873 4034 Saltem
900 3964 940 4034 de
964 3963 1099 4059 reliquis
1123 3965 1289 4035 rebusad
