3050 4772
269 385 323 437 ¹7⁰
425 369 456 425 C.
479 371 578 428 JULll
598 371 762 429 cessonis
783 372 1151 430 consummem

314 495 406 564 XIV.
434 498 711 593 Vercingetorix,
734 513 783 567 tot
803 498 971 568 continuis
995 497 1213 592 incommodis
1232 498 1310 570 Vei·

266 612 472 720 leuandum,
489 617 640 704 Genabi,
666 607 859 692 Novioduni
882 619 1042 712 acceptis,
1067 642 1144 688 suos
1163 617 1206 688 ad
1231 638 1311 688 con·

267 733 381 805 cilium
394 751 567 806 convocat.
582 743 707 826 Docet,
721 769 738 804 a
767 737 865 833 longe
879 737 946 808 alia
954 741 1084 808 ratione
1100 764 1171 810 esse
1185 737 1309 808 bellum

266 855 466 948 gerendum,
481 873 580 951 atque
596 872 693 927 antee
710 860 753 927 sit
767 873 906 954 gestum
925 860 1093 930 Omnibus
1110 860 1311 929 modishuie

265 976 313 1042 rei
343 975 563 1064 studendum,
593 993 628 1047 ut
656 976 869 1072 pabulatione
896 994 930 1048 et
954 994 1143 1048 commeatu
1168 980 1310 1048 Romani

266 1095 518 1188 prohibeantur.
543 1098 583 1167 Id
607 1123 676 1168 esse
695 1097 813 1186 secile,
832 1097 922 1192 quod
942 1099 1093 1192 equitatu
1116 1099 1179 1192 ipsi
1202 1099 1310 1168 abuu

265 1217 364 1303 dent,
383 1233 417 1286 et
439 1219 529 1311 quod
549 1219 628 1286 anni
647 1233 796 1311 tempore
818 1216 1031 1287 subleventur
1050 1215 1237 1310 :pabulum
1261 1241 1311 1285 se·

266 1338 334 1406 cari
361 1363 428 1406 non
447 1363 562 1432 posse;
582 1339 766 1407 necessario
782 1335 948 1431 dispersos
971 1336 1082 1406 hostes
1101 1361 1142 1410 ex
1165 1335 1310 1406 adificiis

265 1473 406 1552 petere:
427 1459 488 1527 hos
513 1482 629 1527 omnes
649 1457 797 1551 quotidie
822 1459 863 1526 ab
889 1457 1056 1550 equitibus
1079 1455 1180 1525 deleri
1204 1480 1310 1550 posse.

264 1581 426 1648 Praeterea
454 1577 568 1650 salutis
594 1603 690 1648 cansa
719 1579 767 1646 rei
800 1576 973 1646 familiaris
1002 1574 1179 1647 commoda
1209 1574 1311 1670 negli-

265 1698 390 1793 gendn;
406 1701 496 1768 vicos
512 1714 613 1794 atque
628 1697 766 1767 aedificia
785 1696 917 1766 incendi
932 1711 1087 1791 oportere
1105 1697 1169 1766 boc
1187 1697 1310 1791 spatio,

265 1825 381 1892 aboia
402 1847 670 1918 quoquoversus,
686 1847 769 1917 quos
786 1821 968 1916 pabulandi
987 1847 1086 1893 causa
1104 1822 1196 1891 adire
1216 1847 1312 1916 posse
1410 1875 1414 1882 .

265 1941 453 2010 videantur.
466 1948 593 2012 Harum
609 1943 688 2036 ipsis
706 1967 819 2011 rerum
839 1945 970 2037 copiam
990 1958 1182 2037 suppetere,
1203 1941 1311 2035 quod,

267 2084 408 2152 quorum
426 2061 599 2131 infinibus
618 2060 743 2132 bellum
758 2077 907 2158 geratur,
928 2087 1043 2134 eorum
1065 2065 1185 2157 opibus
1202 2062 1312 2132 suble·

269 2195 387 2248 ventur
407 2206 415 2248 τ
436 2185 604 2252 Romanos
623 2197 682 2253 aut
702 2184 848 2278 inopiam
869 2207 936 2250 non
957 2180 1097 2266 laturos,
1115 2196 1174 2251 aut
1191 2207 1312 2277 magno

267 2325 344 2369 cum
364 2299 511 2394 periculo
530 2301 661 2396 longius
681 2328 700 2370 a
717 2304 834 2371 castris
854 2325 1085 2396 progressuros
1106 2327 1113 2368 :
1136 2326 1244 2395 neque
1265 2305 1314 2370 in-

268 2436 405 2509 teresse,
419 2423 552 2515 ipsosne
567 2421 781 2508 interficiant,
792 2421 1081 2516 impedimentisne
1092 2437 1232 2508 exuant,
1243 2424 1313 2515 qui-

267 2544 329 2611 bus
346 2543 475 2612 amissis
496 2540 622 2610 beilum
642 2543 711 2637 geri
730 2567 794 2611 non
817 2543 929 2638 possit.
946 2545 1109 2610 Praeterea
1126 2541 1250 2637 oppida
1266 2544 1312 2611 in·

267 2662 364 2731 cendi
388 2675 558 2757 oportere,
586 2686 659 2756 quae
681 2687 748 2731 non
775 2663 961 2732 munitione
988 2677 1022 2731 et
1041 2661 1105 2730 loci
1131 2677 1250 2733 natura
1271 2663 1312 2731 ab

266 2785 359 2852 omni
384 2785 450 2852 sint
474 2782 622 2877 periculo
647 2797 717 2852 tuta
744 2809 751 2850 :
783 2808 848 2851 neu
872 2783 938 2852 suis
964 2784 1031 2853 sint
1055 2782 1096 2854 ad
1122 2784 1312 2862 detrectan-

267 2901 342 2970 dam
368 2901 521 2972 militiam
550 2901 771 2997 receptacula,
796 2929 861 2972 neu
889 2907 1050 2974 Romanis
1074 2907 1244 2999 proposita
1270 2902 1312 2973 ad

268 3022 398 3114 copiam
418 3039 623 3093 commeatus
647 3022 859 3117 predamque
880 3020 1071 3092 tollendam.
1092 3028 1170 3094 Haec
1188 3029 1215 3095 si
1235 3049 1312 3122 gra·

267 3141 322 3208 ria
348 3156 407 3210 eut
429 3143 546 3212 acerba
573 3141 764 3228 videantur,
786 3141 892 3210 multo
916 3139 973 3209 illa
997 3143 1131 3235 gravius
1152 3147 1313 3214 aestimare
1386 3151 1391 3165 “

268 3259 403 3348 debere,
422 3259 558 3346 liberos,
578 3261 736 3357 conjuges
758 3263 793 3329 in
819 3261 1010 3330 servitutem
1037 3261 1201 3350 abstrahi,
1224 3266 1313 3356 ipsos

269 3379 429 3467 interfici3
442 3403 515 3474 quae
534 3381 575 3448 sit
588 3404 722 3450 necesse
733 3381 883 3452 accidere
898 3381 1005 3450 vietis.
1025 3409 1042 3446 n

315 3497 391 3571 ΧΥ.
414 3501 575 3572 Omnium
602 3525 764 3571 consensu
789 3503 851 3571 bac
874 3503 1037 3572 sententia
1063 3503 1221 3596 probata,
1244 3526 1312 3571 uno

269 3623 321 3692 die
336 3620 479 3718 emplius
495 3647 541 3692 xx
561 3621 659 3691 urbes
676 3625 862 3716 Biturigum
880 3623 1116 3692 incenduntur.
1132 3626 1205 3692 Hoc
1224 3621 1309 3691 idem

267 3743 304 3812 fit
322 3743 356 3810 in
381 3741 516 3835 reliquis
533 3742 733 3812 civitatibus.
755 3746 794 3812 ln
817 3741 973 3810 omnibus
991 3741 1140 3835 partibus
1160 3743 1310 3811 incendia

268 3863 520 3955 conspiciuntur
537 3886 545 3929 :
562 3886 636 3956 quae
652 3863 714 3932 etsi
729 3885 851 3957 magno
871 3885 948 3930 eum
967 3861 1082 3931 dolore
1100 3887 1215 3932 omncs
1230 3861 1313 3930 ferc-

267 3981 363 4068 bant,
375 3995 486 4052 tamen
499 3981 562 4051 hoc
579 3983 639 4051 sibi
656 3981 763 4052 solatii
777 3983 1025 4076 proponebant,
1039 3984 1128 4077 quod
1142 4009 1194 4072 se,
1207 4007 1310 4076 prope
