3020 4768
431 367 483 426 us
505 371 624 428 sunno
645 372 805 430 cituco
826 373 895 429 uu.
913 373 990 428 vm.
1183 379 1239 449 249

172 492 339 584 ‘primum
363 492 453 560 enim
479 494 634 562 veniebat
657 492 699 563 ab
728 494 786 563 illo
813 499 973 566 universae
998 495 1115 566 Galliae
1140 493 1238 565 bello.

191 610 285 680 Nihil
306 611 557 706 relinquebatur
575 614 667 708 quod
684 614 726 684 ad
744 629 901 684 ornatum
924 631 1115 711 portarum,
1142 618 1240 686 itine-

193 757 287 819 rum,
308 729 459 801 locorum
477 735 628 802 omnium
655 759 721 828 qua
746 736 857 804 Caesar
871 737 978 805 iturus
999 751 1088 823 erat,
1108 738 1239 832 excogi-

194 853 256 920 tari
275 867 396 947 posset.
416 855 504 922 Cum
525 851 637 923 liberis
653 856 762 924 omnis
779 854 962 924 multitudo
977 856 1109 924 obviam
1126 881 1241 952 proce·

194 972 306 1058 debat;
318 973 434 1042 hostiae
446 973 603 1043 omuibus
617 972 697 1043 locis
708 974 982 1063 immolabantur;
993 975 1146 1045 tricliniis
1156 991 1240 1046 stra-

195 1094 236 1161 tis
256 1093 326 1162 fora
348 1091 539 1189 templaque
557 1095 822 1189 occupabantur,
840 1111 883 1165 ut
896 1093 948 1163 vel
967 1097 1239 1191 exspectatissimi

194 1215 356 1310 triumphi
372 1213 484 1282 laetitia
499 1215 634 1309 praecipi
651 1230 772 1309 posset.
785 1218 892 1284 Tanta
905 1230 978 1284 erat
994 1215 1238 1309 magnificentia

193 1334 283 1430 apud
302 1332 544 1429 opulentiores,
560 1334 724 1431 cupiditas
740 1335 830 1431 apud
846 1331 1059 1405 humiliores!

15 1479 16 1488 ¹
130 1518 133 1524 .
240 1457 315 1524 LII.
332 1455 447 1544 Quum
462 1479 578 1524 omnes
592 1454 744 1549 regiones
758 1454 877 1524 Gallioe
893 1458 1028 1551 Togatae
1039 1458 1239 1551 Caesarper-

192 1576 408 1662 cucurrisset,
427 1599 557 1644 summa
574 1599 651 1644 cum
669 1574 837 1645 celeritate
855 1575 898 1644 ad
917 1576 1098 1644 exercitum
1115 1577 1238 1645 Neme-

193 1710 369 1764 tocennam
385 1694 499 1782 rediit;
521 1693 772 1790 legionibusque
792 1719 833 1764 ex
853 1695 1010 1764 omnibus
1027 1694 1175 1762 hibernis
1195 1693 1237 1762 ad
1328 1740 1330 1745 ,

192 1815 274 1884 lines
290 1816 507 1884 Trevirorum
523 1815 682 1901 evocatis,
698 1839 738 1882 eo
756 1814 924 1908 profectus
940 1829 1008 1901 est,
1022 1814 1135 1907 ibique
1145 1837 1237 1882 exer·

192 1939 295 2006 citum
321 1934 483 2005 lustravit.
509 1938 546 2004 T.
567 1935 751 2004 Labienum
771 1932 890 2004 Galliae
915 1937 1050 2030 Togatae
1071 1933 1236 2030 praefecit,

173 2084 260 2153 quo
279 2059 405 2152 majore
421 2055 708 2126 commendatione
726 2054 959 2124 conciliaretur
981 2055 1024 2124 ad
1045 2053 1236 2123 consulatus

192 2180 398 2275 petitionem.
416 2181 492 2273 Ipse
510 2190 642 2246 tantum
658 2175 816 2244 itinerum
836 2173 990 2264 faciebat,
1009 2173 1172 2269 quantum
1186 2200 1237 2244 sa·

193 2301 236 2368 tis
254 2323 325 2368 esse
344 2298 385 2368 ad
404 2297 624 2368 mutationem
641 2294 813 2383 locorum,
829 2309 966 2391 propter
986 2293 1234 2384 salubritatem,

193 2418 410 2488 existimabat.
438 2417 490 2486 Ibi
512 2422 705 2511 quanquam
724 2417 847 2485 crebro·
866 2416 1022 2485 audiebat
1047 2417 1234 2486 Labienum

192 2540 233 2608 ab
252 2539 394 2607 inimicis
415 2539 482 2606 suis
501 2534 684 2623 sollicitari,
704 2537 892 2629 certiorque
912 2535 1010 2605 fiebat
1025 2535 1060 2604 id
1077 2538 1130 2630 agi
1152 2561 1233 2631 pau-

192 2683 308 2729 corum
327 2656 486 2745 consiliis,
507 2671 562 2744 ut,
581 2657 776 2751 interposita
793 2669 926 2725 senatus
946 2657 1159 2743 auctoritate,
1176 2655 1235 2724 ali·

193 2804 259 2873 qua
271 2793 366 2874 parte
376 2778 538 2846 exercitus
547 2773 762 2870 spoliaretur,
777 2789 888 2844 tamen
906 2797 1014 2866 neque
1027 2773 1067 2841 de
1084 2775 1234 2870 Labieno

193 2898 333 2969 credidit
351 2897 550 2991 quidquam,
569 2919 677 2988 neque
704 2909 822 2963 contra
843 2908 975 2962 senatus
1000 2895 1234 2963 auctoritatem

194 3035 231 3089 ut
246 3016 374 3113 aliquid
386 3017 509 3086 faceret
533 3015 643 3110 potuit
668 3013 807 3083 adduci:
822 3013 993 3108 judicabat
1014 3013 1103 3082 enim
1123 3011 1234 3084 liberis

193 3139 365 3209 sententiis
382 3151 515 3232 patrum
529 3135 795 3229 conscriptorum
815 3157 947 3201 causam
968 3130 1063 3202 facile
1079 3135 1231 3205 obtineri.

194 3263 282 3329 Nam
301 3260 341 3327 C.
361 3257 480 3344 Curio,
500 3255 655 3324 tribunus
677 3250 798 3348 plebis,
822 3278 926 3347 quum
946 3255 1083 3324 Caesaris
1103 3280 1234 3326 causam

192 3379 455 3474 dignitatemque
469 3373 710 3444 defendendam
727 3375 935 3469 suscepisset,
952 3399 1036 3469 saepe
1053 3390 1124 3444 erat
1145 3400 1235 3444 sena·

196 3500 244 3568 tui
260 3496 447 3592 pollicitus,
469 3496 497 3563 si
509 3518 609 3588 quem
630 3495 730 3562 timor
748 3518 916 3592 armorum
932 3495 1068 3563 Caesaris
1089 3493 1234 3582 laederet,

194 3632 227 3686 et
253 3617 413 3711 quoniam
434 3615 585 3708 Pompeii
609 3613 793 3682 dominatio
815 3631 913 3708 atque
936 3639 1028 3682 arma
1050 3635 1119 3680 nou
1152 3614 1233 3680 mini

195 3763 286 3806 mum
313 3751 474 3805 terrorem
505 3734 578 3804 foro
611 3733 785 3823 inferrent,
816 3734 998 3804 discederet
1029 3747 1169 3827 uterque
1193 3735 1234 3803 ab

194 3860 308 3945 armis,
329 3858 559 3949 exercitusque
578 3854 775 3942 dimitteret;
793 3854 863 3925 fore
882 3879 921 3924 eo
939 3853 1027 3924 facto
1045 3853 1181 3924 liberam
1203 3871 1236 3925 et

195 3979 246 4046 sui
258 3978 343 4070 juris
356 3977 535 4045 civitatem.
555 3977 674 4067 Neque
687 3977 751 4044 hoc
767 3992 896 4045 tantum
912 3974 1077 4070 pollicitus
1094 3991 1158 4064 est,
1179 3977 1252 4046 sed
