3014 4780
594 705 871 839 noun
946 883 949 889 A

295 1037 363 1138 ΙΝ
402 1037 459 1140 C.
495 1036 546 1138 J.
585 1034 892 1138 CAESARIS
926 1033 1169 1138 OPERA.

629 1680 664 1728 IN
682 1681 833 1728 LIBRUM!

298 1899 360 1965 DE
381 1897 523 1966 BELLO
549 1894 687 1963 ClVlLI
715 1893 1161 1964 COllssllENTARIORUM.

256 2073 349 2128 clm
360 2072 383 2126 l.
392 2069 506 2126 linens
513 2088 533 2124 a
540 2069 628 2123 Fabio
642 2067 671 2122 C.
683 2067 806 2122 Caesan's
816 2067 971 2122 consultius
982 2069 1105 2126 redditis.
1120 2071 1162 2126 De
1172 2090 1243 2144 qua-

214 2181 276 2218 rum
290 2180 396 2217 summu
406 2161 540 2216 sichubet
553 2159 690 2234 Appinn,
706 2161 780 2213 Bell.
793 2159 864 2224 Cin,
879 2159 897 2214 l.
910 2177 934 2213 n
944 2199 952 2227 ,
962 2177 992 2232 p.
1008 2159 1079 2230 737,
1092 2161 1137 2216 ed.
1159 2163 1244 2218 Van:

216 2265 322 2334 πιριιῑχι
335 2257 365 2314 δί
376 2263 481 2332 ispani
494 2261 628 2332 κατάλογόν
638 2281 665 2312 τι
676 2263 775 2329 ulpius,
785 2255 815 2312 in
831 2259 855 2320 li
868 2260 942 2330 ἀρχῆς
958 2261 970 2312 l
988 2261 1086 2331 Καῖσαρ
1104 2265 1244 2334 ὖπιπράχιι.

214 2350 343 2404 Ceterum
356 2347 413 2402 Dio
427 2346 549 2414 Cassius,
562 2345 612 2400 lib.
629 2363 694 2413 m,
708 2353 735 2398 et
749 2343 886 2416 upplan,
908 2344 972 2398 loco
986 2343 1048 2412 uit„
1065 2345 1148 2402 husee
1165 2348 1244 2404 litte·
1276 2381 1283 2390 ·

214 2457 259 2496 sus
272 2457 330 2494 uon
349 2459 365 2494 a
385 2439 489 2506 Fabio,
508 2437 558 2494 sed
576 2435 723 2493 acutione
736 2433 820 2488 finisse
832 2433 957 2490 redditas
970 2449 1136 2492 asseverant.
1151 2439 1243 2508 Quum

215 2543 306 2589 autem
328 2532 412 2589 codd.
431 2532 522 2588 nostri
538 2531 596 2587 lere
620 2547 718 2584 omnes
737 2547 775 2582 «n
792 2527 905 2584 Fabio»
923 2529 1058 2598 habeant,
1071 2532 1141 2586 nihil
1161 2534 1244 2589 nobis

212 2625 378 2681 mutandum
395 2624 514 2678 videtur.

258 2699 435 2770 Tnimnorum
453 2713 550 2786 plebis
574 2708 755 2766 contentione.
777 2711 864 2766 Cassii
884 2711 990 2768 scilicet
1014 2722 1042 2768 et
1062 2716 1194 2785 Antonii,
1213 2727 1243 2772 ut

211 2804 308 2860 videre
326 2815 367 2859 est
382 2821 398 2860 e
411 2821 471 2875 cup.
493 2821 528 2858 11.

250 2895 384 2968 llesemnt
400 2897 537 2950 consules.
555 2897 587 2950 L.
608 2894 742 2951 Lentulus
755 2904 783 2950 et
798 2897 828 2952 C.
847 2897 1010 2968 Marcellus,
1026 2907 1142 2972 uterque
1155 2898 1243 2956 Casu-

211 2987 250 3042 ris
263 2986 398 3042 inimicus.

252 3079 354 3152 Scipio.
374 3079 504 3135 Metellus
521 3079 632 3152 scipio,
651 3079 702 3135 Cn.
718 3079 846 3153 Pompeii
862 3097 950 3136 socer.

253 3169 316 3226 Cnn.
337 3171 374 3228 11
402 3171 444 3227 M.
472 3172 633 3229 Mamellus.
657 3170 736 3227 ldem
753 3189 819 3227 sune
837 3171 896 3241 cui,
914 3171 1043 3228 coniecto
1068 3173 1241 3248 Pompeiano

211 3263 306 3331 bello,
319 3263 409 3318 Cusus
428 3262 545 3336 ignovit.

254 3355 384 3428 Abruptis
408 3355 501 3410 abeo
525 3373 556 3409 ss
582 3355 742 3428 legionibus.
764 3355 849 3425 Vide,
873 3376 904 3412 ea
932 3357 968 3413 de
994 3377 1039 3427 re,
1060 3361 1134 3415 Bell.
1152 3361 1241 3427 Gali,

211 3465 285 3515 vni,
303 3444 349 3514 54.
906 3507 910 3514 ,
1038 3445 1039 3450 ’

251 3539 293 3593 M.
311 3537 409 3611 Ilissos.
429 3539 468 3593 Μ.
485 3537 589 3594 Coelius
600 3537 703 3608 Rufus,
721 3556 805 3612 quem
818 3539 853 3595 de
869 3540 898 3593 vi
910 3551 1067 3597 accusatum
1083 3541 1182 3597 Cicero
1191 3542 1238 3596 in-

209 3631 283 3705 signi
298 3631 426 3688 oratione
441 3631 576 3686 defendit.

251 3723 286 3793 Q.
304 3723 425 3780 Cassius.
444 3723 496 3778 Cui
512 3722 626 3796 quidem
639 3721 725 3776 irater
742 3731 801 3778 erut
819 3721 850 3778 C.
861 3725 984 3794 Cassius,
999 3743 1070 3780 uuus
1084 3741 1180 3780 eorum
1191 3723 1239 3797 qui

210 3813 235 3866 J.
254 3815 388 3870 &sarem
405 3825 607 3886 percusserunt.

249 3905 317 3977 Cap.
337 3907 389 3960 111.
403 3907 435 3960 L.
445 3907 561 3960 Roscius
573 3917 687 3979 proetur.
707 3905 786 3962 ldom
796 3907 844 3962 ille
861 3917 902 3962 est
918 3906 954 3963 de
970 3925 1026 3982 quo
1047 3908 1152 3982 agitur,
1165 3909 1237 3961 Bell.

210 3995 301 4060 Gali,
320 3995 369 4050 lib.
385 4015 419 4064 v,
435 4015 457 4050 c.
478 4001 523 4062 ui.
1185 4014 1190 4037 ⁸

379 4122 415 4168 11.
1050 4127 1094 4171 20
