3014 4780
306 414 363 472 aba
481 417 512 471 C.
530 414 629 470 JULII
649 413 819 472 cmstttts
840 413 1040 472 comm.
1061 415 1173 472 LIBER

306 567 373 612 xrrt
389 543 527 612 navibus
541 539 648 634 longis
664 538 887 610 Adrumetum
899 539 1012 609 eadem
1029 539 1070 610 de
1084 566 1182 611 causa
1202 546 1347 635 peremit·

306 663 357 730 tit.
373 663 521 756 Cispius,
534 685 601 754 qno
614 675 686 728 eret
700 659 837 747 missus,
851 658 1003 730 celeriter
1019 661 1189 754 pervenit:
1205 663 1344 756 Aquila,

305 796 501 875 tempestate
514 781 658 874 jactatus
667 831 677 864 ,
686 779 952 875 promontorium
964 801 1121 873 superare
1135 805 1201 852 non
1216 786 1345 876 potuit,

305 917 405 996 atque
422 897 583 995 angulum
611 897 788 992 quemdam
811 911 960 967 tutuma
988 913 1181 993 tempestate
1204 915 1344 987 mettas,

302 1044 384 1090 cum
398 1019 500 1090 classe
512 1045 547 1089 se
562 1018 724 1114 longiuse
739 1032 914 1112 prospectu
931 1020 1081 1088 removit.
1100 1019 1240 1114 Reliqua
1256 1021 1345 1092 cles·

302 1143 348 1212 ‘sis
366 1143 399 1210 in
418 1139 486 1210 selo
502 1139 544 1208 ad
560 1141 709 1233 Leptim,
727 1138 863 1232 egressis
880 1139 1083 1232 remigibus,
1100 1141 1288 1234 passimque
1304 1145 1343 1212 In

306 1259 403 1328 litore
420 1258 634 1352 vagantibus,
650 1259 771 1350 partim
789 1257 823 1325 in
839 1256 963 1351 oppido
980 1259 1086 1328 vietus
1101 1260 1151 1329 sui
1170 1263 1344 1333 mercandi

184 1445 187 1450 ,
304 1379 409 1472 gretie
429 1377 630 1472 progressis,
649 1399 749 1445 vacue
768 1402 787 1445 a
804 1375 1031 1446 defensoribus
1060 1377 1176 1446 stabat.
1206 1380 1344 1467 Quibus

304 1497 402 1566 rebus
437 1498 545 1566 Verus
563 1520 607 1564 cx
633 1497 770 1591 perfuga
791 1497 949 1590 cognitis,
979 1498 1184 1568 occasionem
1207 1516 1344 1587 nectus,

306 1615 417 1711 vIgilin
436 1615 581 1686 secunda
608 1615 792 1686 Adrumeto
816 1640 854 1683 ex
889 1615 1040 1686 Cotbone
1063 1641 1236 1710 egressus,
1262 1645 1344 1690 cnm

303 1741 413 1846 primo
426 1763 524 1812 mane
535 1740 667 1831 Leptim
681 1739 833 1806 universa
847 1735 949 1806 classe
965 1752 1093 1824 vectus,
1112 1763 1209 1808 naves
1224 1765 1343 1810 onere·

305 1863 386 1946 ries,
404 1883 479 1952 quae
499 1858 629 1953 longius
647 1883 666 1926 a
685 1871 782 1951 portu
803 1857 837 1924 in
858 1852 928 1926 salo
952 1857 1099 1943 stabant,
1126 1859 1287 1947 incendit,
1305 1877 1344 1930 et

306 1992 456 2070 penteres
474 1979 554 2047 duas
573 2001 692 2046 vacuas
712 2002 731 2044 a
748 1975 987 2062 defensoribus,
1004 1975 1097 2046 nullo
1118 1995 1342 2073 repugnante,

304 2099 401 2189 cepit.
494 2135 497 2142 ·

352 2219 476 2286 LXIII.
498 2220 606 2286 Caesar
616 2215 748 2284 interim
759 2215 910 2286 celeriter
924 2241 984 2311 per
997 2219 1131 2288 nuntios
1147 2221 1182 2288 in
1200 2223 1338 2301 castris.

304 2361 408 2429 quum
419 2337 702 2428 operanircuiret,
710 2335 961 2422 certiorsectus,
974 2338 1194 2429 quteeberant
1206 2364 1229 2408 a
1236 2355 1337 2433 portu

306 2454 408 2523 millia
421 2477 577 2549 passuum
589 2479 642 2540 vr,
652 2479 737 2548 equo
747 2453 907 2539 admisso,
918 2457 1046 2526 omissis
1060 2457 1213 2528 omnibus
1222 2460 1338 2546 rebus,

303 2573 453 2645 celeriter
467 2576 618 2668 pervenit
635 2575 766 2670 Leptim
786 2600 794 2642 :
811 2573 921 2668 ibique
940 2574 1106 2662 hortatus,
1123 2601 1235 2648 omnes
1249 2593 1285 2646 ut
1304 2603 1340 2648 se

215 2690 222 2709 '
306 2721 404 2766 naves
422 2709 719 2788 consequerentur,
740 2695 885 2788 primum
905 2696 974 2791 ipse
997 2695 1200 2790 navigiolum
1223 2721 1338 2791 parvu-

304 2814 374 2884 lum
388 2803 597 2901 conscendit3
612 2815 647 2882 in
662 2837 760 2908 cursu
777 2813 949 2906 Aquilam,
964 2813 1177 2884 multitudine
1193 2817 1337 2911 navigio·

303 2959 377 3003 rum
405 2935 617 3028 perterritum
638 2947 737 3025 atque
765 2931 1002 3027 trepidantem,
1035 2949 1166 3020 nactus,
1192 2935 1336 3004 hostium

177 3086 183 3103 ·
303 3051 441 3124 classem
460 3054 552 3146 sequi
577 3053 686 3146 coepit.
709 3053 846 3120 Interim
866 3056 991 3140 Verus,
1012 3051 1179 3123 celeritate
1202 3056 1338 3124 Caesaris

304 3172 506 3264 audaciaque
523 3179 652 3257 motus,
672 3195 747 3240 cum
767 3173 918 3240 universe
934 3170 1050 3258 classe,
1067 3175 1233 3242 conversis
1250 3175 1340 3242 nevi·

304 3291 386 3379 bus,
403 3291 622 3362 Adrumetum
638 3315 752 3362 versus
770 3293 883 3386 fugere
900 3291 1081 3361 contendit.
1101 3295 1211 3382 Quem
1227 3297 1338 3362 Cesar

303 3414 337 3479 in
354 3409 499 3480 millibus
514 3435 671 3504 passuum
685 3436 721 3480 rv
733 3427 928 3482 consecutus
941 3461 951 3500 ,
964 3425 1156 3503 recuperata
1170 3413 1339 3503 quinque-

304 3531 387 3600 remi
405 3555 480 3602 cum
506 3531 661 3600 omnibus
683 3535 749 3601 suis
771 3533 926 3628 epibatis,
951 3547 1049 3624 atque
1070 3531 1169 3598 etium
1191 3529 1339 3602 hostium

304 3651 496 3722 custodibus
515 3675 604 3722 cxxx
627 3652 661 3720 in
687 3677 726 3722 ea
749 3675 831 3720 nave
862 3651 982 3744 ceptis,
1002 3650 1158 3717 triremen
1191 3649 1338 3721 hostium

305 3774 509 3866 proximam,
535 3797 606 3864 quae
628 3772 663 3840 in
683 3769 899 3864 repugnando
921 3783 992 3837 eret
1013 3783 1232 3856 cornmoreta,
1254 3795 1340 3840 onu-

305 3903 391 3960 stem
405 3892 568 3986 remigum
586 3891 855 3985 epibatarumque
871 3889 986 3982 oepit:
1007 3887 1140 3983 reliquae
1160 3913 1260 3960 naves
1278 3891 1340 3959 bo-

307 4012 405 4079 stium
425 4014 690 4105 promontorium
709 4023 926 4103 supererunt,
947 4023 1047 4104 etque
1063 4008 1280 4086 Adrumetum
1302 4011 1338 4078 in
