3048 4770
456 325 506 382 DE
527 321 648 380 BELLO
669 320 835 378 GALLICO
856 323 925 376 ΜΒ.
944 313 995 374 ΠΙ.
1212 317 1249 374 63

210 447 313 542 pulsis
337 449 528 535 Germanis,
552 450 645 518 victis
674 449 708 514 in
731 445 870 538 Alpibus
897 443 1054 528 Sedunis,
1081 457 1180 535 atque
1206 445 1251 513 ita

211 569 291 636 inita
311 569 420 638 hieme
441 569 475 636 in
494 566 664 662 Illyricum
682 565 851 661 profectus
868 578 967 646 esset,
986 561 1076 656 quod
1096 587 1151 630 eas
1170 589 1252 656 quo

211 713 275 780 que
292 690 441 757 nationes
460 687 567 772 adire,
588 702 622 755 et
644 687 795 780 regiones
814 707 1013 779 cognoscere
1028 681 1176 769 volebat,
1196 708 1252 751 su·

211 807 319 876 bitum
337 804 460 876 bellum
477 807 513 874 in
533 804 643 874 Gallia
660 820 812 874 coortum
828 818 887 872 est.
910 803 989 896 Ejus
1010 799 1087 870 belli
1105 801 1176 870 haec
1190 801 1255 871 fuit

214 951 322 995 causa.
340 929 377 994 Ρ.
395 929 533 996 Crassus
545 923 734 994 adolescens
748 948 823 992 cum
842 921 972 1017 legione
986 922 1126 1015 septima
1142 924 1254 1015 proxi·

214 1069 289 1114 mus
308 1069 398 1114 mare
420 1047 593 1114 Oceanum
620 1045 654 1113 in
675 1041 826 1114 Andibus
846 1043 1016 1111 hicmarat.
1037 1044 1085 1128 Is,
1104 1040 1195 1134 quod
1219 1043 1255 1108 in

215 1165 265 1232 liis
295 1163 376 1234 locis
401 1163 514 1258 inopia
540 1162 698 1232 frumenti
722 1176 810 1249 erat,
835 1159 1005 1254 praefectos
1036 1159 1256 1255 tribunosque

214 1280 358 1353 militum
373 1282 561 1378 complures
578 1283 613 1350 in
633 1281 791 1351 finitimas
806 1281 970 1366 civitates,
985 1278 1144 1349 frumenti
1161 1305 1253 1352 com-

215 1417 409 1496 meatusque
425 1403 560 1498 petendi
576 1426 688 1488 cansa,
705 1400 830 1470 dimisit
851 1426 858 1466 :
881 1422 949 1492 quo
966 1399 1000 1467 in
1022 1423 1163 1468 numero
1184 1416 1257 1470 erat

215 1524 255 1591 T.
267 1522 489 1608 Terrasidius,
505 1523 625 1592 missus
640 1523 674 1589 in
690 1517 843 1606 Unellos,
859 1521 907 1588 Μ.
927 1518 1068 1588 Trebius
1086 1516 1205 1588 Gallus
1221 1522 1256 1588 in

218 1640 451 1729 Curiosolitas‚
466 1643 510 1730 Q.
527 1640 686 1711 Velanius
704 1663 781 1710 cum
798 1642 836 1707 T.
854 1638 936 1708 Silio
953 1640 988 1708 in
1002 1641 1158 1707 Venetos.

266 1765 360 1832 VIII.
377 1763 486 1855 Hujus
504 1762 647 1830 civitatis
667 1774 717 1830 est
735 1759 834 1854 longe
857 1756 1058 1852 amplissima
1079 1758 1258 1828 auctoritas

218 1883 417 1952 omnis.orae
442 1882 616 1950 maritimae
634 1881 809 1975 regionum
832 1902 963 1965 aarum,
988 1878 1078 1972 quod
1101 1893 1135 1947 et
1157 1903 1258 1948 naves

218 2002 341 2071 babent
357 2001 479 2070 Veneti
499 1998 673 2094 plurimas,
694 2001 813 2092 quibus
828 2000 863 2067 in
880 1999 1086 2068 Britanniam
1104 1998 1259 2093 navigare

218 2133 437 2209 consuerunt,
468 2134 501 2188 et
529 2120 665 2196 scientia
694 2133 794 2212 atquc
825 2141 887 2187 usn
911 2117 1121 2188 nauticarum
1145 2141 1259 2188 rerum

220 2238 365 2334 reliquos
382 2238 597 2326 antecedunt,
618 2254 652 2308 et
677 2241 711 2307 in
736 2263 857 2333 magno
881 2239 1007 2331 impetu
1035 2238 1137 2305 maris
1161 2250 1260 2330 atque

221 2373 351 2455 aperto,
378 2361 493 2453 paucis
519 2360 682 2453 portubus
709 2359 904 2452 interjectis,
929 2381 1013 2450 quos
1036 2370 1154 2426 tenent
1180 2358 1259 2453 ipsi,

222 2503 338 2550 omnes
357 2479 440 2558 fere.
462 2481 520 2574 qui
539 2505 579 2549 eo
606 2481 691 2550 mari
714 2479 763 2547 uti
781 2490 996 2566 consuerunt,
1015 2478 1140 2547 babent
1159 2479 1260 2546 vecti·

223 2597 321 2693 galas.
344 2601 394 2670 Ab
420 2601 460 2669 iis
481 2601 521 2669 fit
544 2601 678 2669 initium
702 2596 866 2667 retinendi
890 2595 963 2667 Silii
987 2611 1086 2690 atque
1110 2594 1261 2682 Velanii‚

222 2716 315 2810 quod
331 2742 390 2811 per
401 2742 458 2787 eos
474 2742 551 2786 suos
565 2741 599 2786 se
617 2716 760 2795 obsides,
775 2740 859 2809 quos
875 2718 996 2785 Crasso
1011 2714 1194 2801 dedissent,
1209 2740 1262 2783 re·

224 2851 442 2932 cuperatnros
471 2837 712 2906 existimabant.
740 2840 871 2906 Horum
902 2834 1099 2904 auctoritate
1128 2833 1262 2905 finitimi

224 2957 358 3026 adducti
374 2954 429 3047 (ut
450 2968 527 3024 sunt
539 2954 713 3026 Gallorum
728 2955 838 3025 subita
849 2969 883 3024 et
898 2953 1069 3049 repentina
1089 2953 1262 3050 consilia),

224 3076 341 3146 eadem
363 3073 404 3144 de
424 3099 520 3145 causa
539 3077 699 3146 Trebium
716 3075 1007 3169 Terrasidiumque
1033 3075 1178 3144 retinent
1202 3101 1210 3143 t
1230 3091 1261 3144 et

225 3195 376 3266 celeriter
392 3197 506 3266 missis*
520 3196 655 3292 legatis,
675 3220 735 3289 per
754 3220 831 3266 suos
848 3195 1016 3291 principes
1033 3197 1120 3267 inter
1137 3222 1171 3266 se
1187 3220 1265 3266 con·

224 3318 359 3408 jurant,
375 3315 474 3404 nihil,
489 3318 551 3385 nisi
567 3318 736 3385 communi
760 3315 917 3404 consilio,
932 3329 1079 3404 acturos,
1096 3316 1265 3386 eumdem·

228 3459 293 3527 que
314 3435 422 3504 omnis
444 3435 584 3504 fortunae
600 3435 725 3503 exitum
739 3459 808 3505 esse
827 3433 969 3522 laturos;
986 3435 1196 3530 reliquasque
1218 3437 1266 3506 ei·

228 3555 346 3622 vitates
363 3551 558 3642 sollicitant,
579 3569 617 3623 ut
635 3555 670 3622 in
689 3579 727 3623 ea
746 3553 914 3643 libertate,
929 3580 1030 3649 quam
1048 3578 1068 3622 a
1086 3555 1267 3648 majoribus

229 3687 438 3766 acceperant,
464 3698 672 3767 permanere,
697 3699 796 3768 qnam
819 3679 1046 3746 Romanorum
1076 3673 1267 3744 servitutem

231 3791 394 3885 perferre,
409 3793 537 3863 malint.
562 3796 665 3863 Omni
690 3819 749 3864 ora
765 3796 930 3866 maritima
947 3794 1097 3868 celeriter
1114 3794 1155 3863 ad
1175 3817 1264 3863 sumn

233 3912 427 3982 sententiam
444 3913 618 4006 perducta,
631 3939 841 3986 communem
858 3914 1055 4012 legationem
1071 3913 1112 3990 ad
1128 3918 1164 3984 P.
1175 3915 1270 3983 Cras·
