3086 4766
166 341 189 348 ”
286 367 323 424 ao
440 364 470 418 e.
492 363 589 418 suen
612 364 775 421 cassan
796 361 1162 421 counanrnnionun

284 487 501 574 transierunt,
523 503 639 580 atque,
660 489 815 556 omnibus
835 511 949 556 eorum
971 486 1118 556 aediliciis
1136 484 1321 577 occupatis,

283 603 443 698 reliquam
458 620 586 700 partem
599 606 716 678 hiemis
727 631 761 674 se
773 631 888 675 eorum
906 606 1009 701 copiis
1022 604 1187 674 aluerunt.

332 727 374 794 V.
398 727 457 794 His
475 725 630 794 derebus
647 727 755 794 Caesar
773 726 894 793 certior
910 725 1030 810 factus,
1047 739 1080 792 et
1097 719 1323 796 infirmitatem

285 841 459 914 Gallorum
480 847 621 931 veritus,
641 843 732 939 quod
749 859 828 914 sunt
845 847 880 912 in
900 841 1046 913 consiliis
1066 843 1233 935 capiendis
1255 867 1323 911 mo-

284 961 381 1046 biles,
400 979 434 1032 et
449 966 542 1032 novis
560 961 755 1057 plerumque
771 963 870 1033 rebus
889 961 1040 1050 student,
1060 959 1144 1029 nibil
1165 961 1216 1029 his
1233 985 1323 1029 com·

284 1081 484 1150 mittendum
510 1082 716 1152 existimavit.
743 1085 800 1150 Est
820 1096 931 1151 autem
955 1080 1019 1150 hoc
1039 1077 1166 1174 gallica
1188 1104 1322 1149 consue·

284 1200 424 1286 tudinis,
444 1203 494 1270 uti
506 1215 539 1269 et
548 1205 707 1287 viatores,
722 1201 822 1269 etiam
839 1202 975 1286 invitos,
990 1201 1169 1268 consistere
1185 1213 1320 1292 cogant,

285 1333 334 1400 et,
348 1319 437 1415 quod
450 1322 588 1414 quisque
602 1344 717 1389 eorum
731 1319 772 1389 de
784 1343 915 1413 quaque
927 1343 964 1387 re
976 1319 1186 1386 audieritaut
1201 1341 1321 1411 cogno·

283 1439 386 1524 verit,
402 1454 563 1532 quaerant,
580 1455 615 1508 et
628 1453 826 1508 mercatores
841 1440 877 1507 in
897 1436 1027 1532 oppidis
1045 1434 1164 1529 vulgus
1180 1439 1321 1505 circum·

285 1561 394 1645 sistat,
412 1558 596 1651 quibusque
614 1583 653 1628 ex
670 1557 859 1653 regionibus
879 1558 1028 1644 veniant,
1046 1578 1192 1648 quasque
1208 1553 1253 1623 ibi
1270 1579 1321 1623 res

285 1679 518 1771 cognoverint,
537 1680 757 1772 pronunciare
777 1689 907 1772 cogant.
929 1677 990 1744 His
1012 1674 1200 1743 rumoribus
1221 1687 1320 1767 atque

284 1798 511 1868 auditionibus
536 1799 693 1892 permoti,
721 1796 762 1866 de
789 1797 927 1866 summis
952 1819 1036 1890 sepe
1061 1794 1159 1863 rebus
1184 1791 1320 1862 consilia

284 1919 416 2003 ineunt,
429 1941 572 2016 quorum
584 1941 639 1985 eos
651 1916 816 2010 evestigio
828 1916 989 2008 poenitere
999 1905 1130 1984 necesse
1139 1926 1204 1999 est,
1221 1935 1321 2003 quum

286 2035 420 2102 incertis
439 2035 628 2103 munoribus
651 2036 811 2120 serviant,
831 2048 865 2102 et
885 2031 1034 2126 plerique
1053 2031 1095 2102 ad
1117 2030 1319 2102 voluntatem

285 2175 400 2222 eorum
417 2151 494 2221 ficta
509 2135 738 2245 respondeant.
992 2135 994 2144 ,

332 2273 392 2340 vl.
404 2274 482 2361 Qua
490 2271 728 2341 consuetudine
738 2272 1072 2367 cognita,Caesar,ne
1081 2272 1225 2366 graviori
1234 2269 1322 2339 bello

284 2406 492 2477 occurreret,
518 2392 699 2479 maturius,
727 2415 827 2484 quam
856 2405 1047 2478 consuerat,
1073 2390 1115 2457 ad
1140 2391 1321 2458 exercitum

284 2507 514 2603 proficiscitur.
531 2513 579 2578 Eo
595 2534 699 2603 quum
716 2512 874 2594 venisset,
890 2533 943 2593 ea,
961 2534 1033 2602 quae
1048 2507 1119 2577 fore
1136 2509 1321 2601 suspicatus

284 2643 373 2717 crat,
393 2629 479 2697 facta
498 2631 669 2724 cognovit;
687 2631 800 2698 missas
821 2628 1034 2724 legationesa
1056 2626 1224 2698 nonnullis
1243 2628 1322 2696 civi·

271 2727 407 2818 Turinus
435 2749 476 2818 ad
504 2753 703 2835 Germanos,
730 2751 951 2843 invitatusque
983 2773 1053 2838 eos,
1079 2751 1127 2818 uti
1143 2749 1185 2816 ab
1204 2747 1332 2844 Rheno,

285 2867 508 2956 discederent;
520 2869 713 2962 omniaque,
730 2892 803 2962 quae
820 2869 1054 2962 postulassent,
1071 2869 1112 2938 ab
1132 2893 1165 2938 se
1182 2868 1252 2937 fore
1268 2891 1323 2960 pa-

286 3001 366 3054 rata.
380 2989 455 3074 Qua
466 3011 522 3080 spe
536 2988 671 3057 adducti
683 2989 843 3057 Germani
860 2988 958 3058 latius
970 2990 1039 3082 jam
1057 2988 1274 3082 vagabantur,
1289 3001 1322 3054 et

287 3107 320 3174 in
335 3104 416 3174 fines
439 3109 635 3178 Eburonum
658 3125 690 3176 et
713 3108 980 3194 Condrusorum,
1002 3111 1058 3202 qui
1077 3123 1155 3175 sunt
1170 3108 1322 3176 Treviro·

287 3250 360 3293 rurn
377 3223 529 3312 clientes,
546 3243 775 3321 pervenerant.
792 3229 1002 3321 Principibus
1030 3224 1148 3295 Galliae
1163 3229 1322 3311 evocatis,

287 3348 468 3429 Caesarea,
489 3369 561 3438 quae
583 3363 800 3442 cognoverat,
818 3343 1054 3414 dissimulanda
1075 3344 1136 3412 sihi
1158 3344 1322 3412 existima·

286 3465 351 3548 vit3
375 3488 556 3555 eorumque
574 3466 693 3533 animis
713 3463 886 3568 permulsis
906 3480 938 3534 ct
958 3464 1175 3546 confirmatis,
1196 3466 1322 3556 equita·

287 3597 389 3675 tuque
402 3583 446 3650 im
450 3597 579 3678 peratq,
594 3582 717 3652 bellum
729 3609 805 3653 cum
817 3586 994 3654 Germanis
1011 3609 1125 3680 gerere
1139 3585 1322 3653 constituit.

333 3705 408 3770 vlt.
430 3706 479 3771 Re
497 3702 710 3771 frumentaria
734 3717 941 3796 comparata,
962 3705 1194 3798 equitibusque
1219 3703 1326 3772 delec-

287 3823 344 3907 tis,
357 3821 418 3888 iter
433 3823 468 3889 in
481 3845 518 3889 ea
534 3820 604 3890 loca
619 3821 725 3891 facere
745 3825 860 3916 coepit,
875 3823 996 3916 quibus
1013 3825 1046 3891 in
1063 3823 1143 3892 locis
1160 3849 1228 3893 esse
1240 3828 1325 3895 Ger-

288 3967 400 4012 manos
417 3939 581 4010 audiebat
604 3943 633 4010 Α
653 3942 773 4034 quibus
789 3967 892 4037 quum
908 3967 1092 4037 paucorum
1113 3943 1241 4012 dierum
1263 3947 1326 4014 iter
