3048 4770
461 383 514 439 DE
541 379 662 436 BELDO
683 381 974 438 damnumst.
1208 397 1242 452 ¹7

205 531 298 576 mons
311 509 447 577 suberat
463 506 593 574 circiter
606 503 698 574 mille
714 528 891 597 passuum,
909 528 948 571 eo
965 526 999 572 se
1015 505 1162 597 recipere
1181 529 1246 594 cte·

205 642 338 720 perunt.
358 629 470 720 Capto
489 640 617 713 monte,
638 641 672 694 et
692 623 947 694 succedentibus
967 625 1104 712 nostris,
1124 626 1196 693 Boii
1213 639 1247 692 et

203 745 355 841 Tulingi,
375 747 433 839 qui
453 747 624 814 hominum
644 743 791 814 millibus
810 745 944 815 circiter
967 769 1011 812 xv
1030 768 1148 840 agmen
1170 746 1246 813 hos-

207 871 292 936 tium
304 864 518 952 claudebant,
532 879 566 932 et
580 866 765 934 novissimis
779 863 932 958 praesidio
948 879 1061 949 erant,
1078 890 1119 934 ex
1129 866 1249 934 itinere

208 1000 335 1055 nostros
351 983 453 1074 latere
470 999 586 1078 aperto
605 983 765 1080 adgressi,
782 985 1029 1054 circumvenere
1046 1011 1054 1053 :
1073 999 1105 1052 et
1121 984 1155 1052 id
1171 1008 1249 1052 con-

208 1106 323 1199 spicati
343 1103 504 1190 Helvetii,
525 1105 635 1198 quiin
656 1119 803 1173 montem
821 1128 890 1173 sese
907 1118 1115 1198 receperant,
1136 1126 1250 1172 rursus
1323 1159 1329 1170 .

206 1227 342 1312 instare,
359 1239 392 1294 et
406 1221 561 1318 proelium
576 1224 802 1318 redintegrare
816 1239 999 1317 coeperunt.
1016 1225 1159 1293 Romani
1173 1247 1252 1292 con·

208 1369 301 1414 versa
312 1346 407 1440 signa
420 1345 579 1439 bipartito
593 1342 778 1412 intulerunt
794 1369 801 1410 :
818 1344 925 1437 prima
938 1367 977 1412 ac
991 1343 1135 1412 secunda
1148 1344 1250 1428 acies,

208 1481 245 1534 ut
259 1466 353 1534 victis
371 1489 409 1534 ac
429 1463 590 1532 submotis
608 1465 790 1550 resisteret;
808 1464 920 1551 tertia,
937 1477 974 1530 ut
994 1463 1161 1534 venientes
1182 1486 1252 1531 sue

209 1599 338 1654 tmeret.

256 1708 379 1776 XXVI.
399 1709 465 1793 Ita,
486 1707 623 1799 ancipiti
643 1705 775 1799 proelio,
794 1706 850 1774 diu
869 1720 968 1798 atque
983 1707 1105 1774 acriter
1122 1729 1251 1799 pugne·

209 1843 281 1896 tum
295 1840 354 1894 est.
371 1827 506 1894 Diutius
518 1849 622 1918 quum
635 1838 826 1892 nostrorum
840 1826 1000 1918 impetum
1010 1827 1171 1894 sustinere
1184 1850 1252 1895 non

148 1983 154 1994 ·
208 1961 360 2040 possent,
373 1944 468 2014 alteri
485 1969 539 2031 se,
558 1957 597 2012 ut
611 1960 800 2038 coeperant,
817 1946 850 2012 in
872 1960 1020 2013 montem
1037 1962 1251 2038 receperunt,

209 2065 303 2135 alteri
330 2065 373 2135 ad
400 2064 639 2158 impedimenta
669 2078 703 2131 et
723 2089 834 2132 carros
862 2075 938 2134 euos
967 2089 1001 2134 se
1027 2064 1251 2136 contulerunt.

210 2187 296 2256 Nam
309 2187 373 2254 hoc
387 2200 459 2254 toto
471 2184 606 2278 proelio,
619 2184 774 2278 quumab
785 2185 867 2252 hora
876 2186 1015 2278 septima
1026 2185 1068 2253 ad
1077 2210 1252 2279 vesperum

210 2321 395 2400 pugnatum
414 2308 472 2386 sit,
492 2327 644 2374 aversum
666 2299 795 2372 hostem
813 2304 925 2373 videre
944 2329 1042 2374 nemo
1059 2308 1178 2401 potuit.
1201 2307 1251 2376 Ad

210 2424 348 2494 multam
375 2439 507 2494 noctem
533 2423 695 2494 etiamad
720 2423 957 2516 impedimenta
979 2440 1165 2519 pugnatum
1189 2442 1252 2515 est,

209 2560 386 2640 propterea
410 2543 501 2638 quod
526 2568 588 2637 pro
609 2541 697 2612 vallo
721 2567 834 2612 carros
854 2543 1060 2637 objecerant,
1082 2561 1154 2614 ete
1181 2545 1253 2616 luco

208 2665 380 2758 superiore
395 2665 431 2731 in
448 2678 579 2732 nostros
596 2664 765 2732 venientes
784 2661 848 2732 tela
863 2665 1099 2757 conjiciebant,
1122 2682 1154 2734 et
1171 2689 1254 2737 uon·

209 2781 296 2851 nulli
318 2785 406 2850 inter
429 2805 539 2850 carros
568 2796 722 2876 rotasque
747 2796 890 2851 mataras
916 2809 956 2852 ac
980 2784 1125 2878 tragulas
1150 2786 1253 2881 subji-

209 2902 358 2991 ciebant,
375 2917 572 2997 nostrosque
586 2900 812 2972 vulnerabant.
830 2906 900 2973 Diu
912 2929 1016 2997 quum
1026 2921 1110 2974 esset
1123 2930 1253 3002 pugna·

211 3039 298 3108 tum,
326 3022 574 3116 impedimentis
601 3024 780 3117 castrisque
810 3025 915 3094 nostri
961 3027 1059 3119 potiti
1087 3009 1185 3096 sunt(
1202 3028 1253 3096 Ibi

211 3143 420 3238 Orgetorigis
444 3141 532 3232 filia,
555 3159 656 3238 etque
675 3169 762 3213 unus
785 3169 804 3214 e
825 3144 901 3214 filiis
926 3161 1043 3240 captus
1061 3163 1119 3218 est.
1144 3149 1194 3218 Ex
1214 3173 1253 3217 eo

163 3353 168 3362 1
210 3263 328 3358 proelio
341 3265 473 3334 circiter
483 3262 587 3332 millia
598 3263 772 3333 hominum
784 3289 873 3336 cxxx
884 3266 1135 3360 superfuerunt,
1149 3293 1254 3364 eaque

211 3399 281 3452 tota
294 3399 405 3473 nocte,
421 3385 632 3454 continenter
644 3385 757 3453 ierunt
770 3410 778 3453 :
793 3383 919 3456 nullam
932 3402 1061 3479 partem
1078 3390 1185 3456 noctis
1199 3389 1253 3458 iti-

211 3528 290 3572 nere
307 3504 512 3588 intermisso,
531 3504 568 3570 in
587 3503 668 3571 fines
687 3505 877 3597 Lingonum
894 3504 947 3572 die
963 3529 998 3574 tv
1014 3524 1253 3600 pervenerunt,

211 3649 315 3717 quum
332 3638 367 3692 et
379 3637 517 3717 propter
528 3621 666 3692 vulnera
683 3621 841 3713 militum,
854 3639 887 3692 et
899 3615 1035 3718 propter
1048 3627 1253 3719 sepulturam

210 3746 411 3827 occisorum,
439 3743 560 3831 nostri,
588 3742 738 3813 triduum
759 3744 896 3832 morati,
917 3767 973 3812 eos
992 3749 1084 3838 sequi
1104 3770 1172 3814 non
1192 3773 1253 3842 po·

212 3868 363 3934 tuissent.
384 3866 494 3934 Caesar
514 3863 557 3932 ad
581 3865 749 3958 Lingonas
774 3863 900 3932 litteras
921 3867 1126 3959 nunciusque
1146 3869 1253 3956 misit,

213 4008 256 4054 ne
272 4009 327 4054 eos
342 3984 524 4070 frumento,
539 4007 622 4052 neve
640 3981 704 4054 alia
721 4007 757 4052 re
767 3984 924 4077 jurarent
939 4009 947 4052 ε
965 3987 1022 4079 qni
1038 3987 1253 4080 minuissent,

358 4129 380 4172 ι.
1089 4129 1108 4172 a
