3038 4766
501 389 550 442 nn
573 387 692 443 nanno
713 390 829 445 crum
851 391 920 446 nra.
942 393 993 450 nn
1018 361 1021 368 ’
1207 403 1261 460 133

229 510 305 580 dam
324 511 476 579 omnibus
489 535 649 605 operam,
668 526 714 591 ut,
730 528 900 606 acceptum
918 517 1171 598 incommodum
1192 527 1260 592 vir-

229 646 299 700 tute
318 627 495 700 sarciretur
516 655 524 698 :
547 631 636 724 quod
657 634 683 700 si
703 647 787 702 esset
805 632 952 722 lactum,
974 636 1208 712 detrimentum
1227 646 1261 712 in

227 750 352 818 bonum
371 765 524 834 verteret,
545 753 592 820 uti
613 750 655 818 ad
675 753 873 847 Gergoviam
894 755 1082 847 accidisset3
1101 775 1201 852 atque
1221 763 1261 850 ii,

228 871 375 964 quiante
391 868 547 940 dimicare
561 873 760 955 timuissent,
776 871 864 940 ultro
879 897 913 942 se
927 873 1043 967 proelio
1060 875 1227 949 offerrent.
1244 911 1261 946 s

275 993 429 1060 LXXIV.
464 991 535 1058 Hac
558 990 670 1059 habita
692 993 866 1079 concione,
886 993 1064 1064 nonnullo's
1084 997 1261 1093 signiferos

229 1109 409 1202 ignominia
433 1109 579 1192 notavit,
603 1133 642 1178 ac
674 1109 747 1178 loco
780 1113 893 1180 movit.
929 1116 1096 1184 Exercitui
1128 1118 1260 1210 quidem

227 1228 318 1295 omni
346 1241 457 1296 tantus
484 1229 616 1296 incessit
638 1252 677 1296 ex
698 1230 907 1298 incommodo
929 1229 1042 1320 dolor,
1066 1248 1261 1330 tantumque

222 1344 373 1414 'studium
402 1345 543 1416 infamiae
562 1346 755 1432 sarciendae,
778 1363 817 1415 ut
841 1374 937 1418 nemo
966 1366 1025 1420 aut
1050 1353 1175 1423 tribuni
1203 1371 1261 1425 aut

227 1464 428 1547 centurionis
446 1466 619 1559 imperium
638 1464 852 1550 desideraret,
869 1483 902 1536 et
921 1469 982 1537 sibi
1002 1472 1142 1566 quisque
1162 1475 1259 1542 etiam

227 1605 330 1677 poeuae
349 1582 422 1652 loco
443 1585 608 1678 graviores
632 1584 814 1680 imponeret
839 1583 981 1676 labores,
1005 1588 1168 1683 simulque
1187 1617 1258 1661 om·

227 1727 284 1772 nes
294 1703 448 1772 arderent
457 1702 637 1796 cupiditate
654 1703 837 1798 pugnandi,
854 1731 957 1798 quum
966 1709 1144 1803 superioris
1160 1711 1258 1780 etiam

225 1823 351 1890 ordinis
369 1819 537 1908 nonnulli,
555 1823 705 1892 oratione
722 1825 880 1915 permoti,
899 1825 1152 1917 manendumeo
1167 1825 1258 1916 loco,

225 1957 257 2009 et
285 1965 354 2009 rem
377 1939 494 2035 proelio
516 1940 786 2010 committendam
807 1944 1039 2014 existimarent.
1073 1949 1200 2016 Contra
1219 1973 1258 2018 eu

224 2063 334 2128 Caesar
352 2083 457 2152 neque
476 2061 553 2127 satis
573 2057 732 2128 militibus
750 2064 930 2153 perterritis
958 2064 1163 2151 confidebat,
1184 2091 1258 2161 spa·
1335 2129 1338 2136 .

225 2180 371 2272 tiumque
388 2177 664 2271 interponendum
682 2177 723 2246 ad
740 2181 937 2251 recreandos
960 2185 1086 2252 animos
1102 2185 1257 2278 putabat,

223 2296 344 2366 relictis
379 2299 633 2380 munitionibus,
667 2312 700 2365 et
726 2323 925 2393 magnopere
957 2304 1005 2369 rei
1033 2303 1255 2374 frumentariae

223 2419 368 2487 timebat.
406 2421 536 2511 ltaque,
572 2417 663 2488 nulla
699 2421 890 2513 interposita
925 2445 1033 2508 mora,
1068 2425 1255 2492 sauciorum

222 2537 376 2608 modoet
398 2563 560 2634 aegrorum
584 2539 695 2607 habita
722 2540 867 2626 ratione,
890 2541 1122 2632 impedimenta
1145 2545 1255 2611 omnia

222 2656 352 2726 silentio
370 2659 476 2752 prima
493 2673 590 2726 nocte
606 2682 647 2726 en
666 2659 781 2726 castris
798 2655 1006 2750 Apolloniam
1026 2661 1197 2756 praemisit,
1213 2686 1253 2729 ac

221 2779 449 2870 conquiescere
469 2790 545 2846 ante
565 2776 625 2843 iter
645 2775 828 2844 conlectum
850 2779 963 2844 vetuit.
1002 2778 1061 2844 His
1080 2801 1146 2845 una
1166 2776 1254 2872 legio
1308 2801 1310 2806 ·

221 2898 320 2978 missa
336 2887 490 2989 praesidio
505 2909 563 2963 est.
1204 2875 1207 2884 ¹

268 3019 405 3085 LXXV.
443 3017 502 3084 His
530 3014 688 3109 explicitis
716 3018 829 3100 rebus,
857 3015 937 3086 duas
968 3017 1000 3083 in
1019 3019 1132 3084 castris
1152 3014 1252 3110 legio·
1367 3021 1377 3040 ’

219 3159 278 3203 nes
307 3135 463 3222 retinuit,
487 3133 628 3228 reliquas
657 3136 699 3204 de
727 3150 844 3229 quarta
868 3135 998 3230 vigilia,
1027 3134 1252 3230 compluribus

220 3257 325 3348 portis
342 3253 492 3340 eductas,
512 3255 628 3324 eodem
648 3257 764 3323 itinere
785 3257 963 3349 premisit3
985 3279 1154 3350 parvoque
1176 3281 1251 3350 spa-

220 3373 268 3443 tio
288 3375 490 3460 intermisso,
511 3389 547 3443 ut
568 3389 602 3442 et
620 3373 762 3442 militare
788 3376 974 3444 institutum
994 3390 1194 3462 servaretur,
1219 3389 1252 3443 et

215 3519 320 3587 quam
346 3496 507 3564 serissime
534 3496 603 3588 ejus
633 3493 791 3587 profectio
816 3509 1086 3587 cognosceretur,
1118 3490 1250 3562 concla-

221 3617 304 3682 mari
321 3615 431 3708 jussit3
452 3615 629 3705 statimque
650 3637 813 3707 egressus,
836 3625 869 3680 et
891 3614 1103 3681 novissimum
1126 3635 1250 3705 ¹agmen

217 3747 436 3820 consecutus,
457 3731 606 3802 celeriter
627 3757 665 3800 ex
690 3745 866 3824 conspectu
888 3749 1072 3800 castrorum
1092 3729 1247 3800 discessit.

218 3851 337 3944 Neque
359 3877 437 3921 vero
460 3853 655 3946 Pompeius,
681 3852 814 3944 cognito
843 3848 980 3920 consilio
1008 3849 1097 3941 ejus,
1122 3871 1248 3930 moram

219 3969 320 4038 ullam
339 3969 379 4037 ad
399 3970 639 4062 insequendum
663 3969 776 4038 intulit
794 3997 801 4037 :
818 3968 874 4039 sed
898 3969 1011 4038 eadem
1028 3983 1203 4064 spectans,
1223 3965 1250 4034 si
