3020 4768
495 405 545 460 DE
567 405 688 461 BELLO
709 407 823 461 ClVlLI
843 407 913 463 LIB.
931 407 954 463 1.
981 433 986 445 ¹
1204 412 1237 482 37

210 527 361 617 licentur,
378 543 491 620 atque,
508 529 661 596 omnibus
682 527 829 621 undique
854 531 1046 622 conquisitis
1066 533 1238 624 jumentis,

210 650 242 716 in
260 661 366 716 castra
384 645 569 739 deportant.
589 647 722 716 Transit
734 648 834 716 etiam
852 649 970 716 cohors
988 647 1238 743 Illurgavonen-

208 769 252 835 sis
265 765 308 834 ad
335 789 430 849 eum,
453 766 586 859 cognito
605 765 744 834 civitatis
767 766 919 853 consilio,
937 782 971 836 et
993 769 1086 863 signa
1110 793 1150 838 ex
1177 785 1240 838 sta·

209 885 296 952 tione
312 881 475 950 transfert.
493 885 617 976 Magna
628 879 779 953 celeriter
797 888 1009 955 commutatio
1024 910 1145 956 rerum.
1161 890 1238 956 Per·

207 1001 294 1070 fecto
307 1015 422 1095 ponte,
436 1001 563 1095 magnis
576 1025 599 1070 v
610 1001 796 1072 civitatibus
811 1003 852 1071 ad
870 1004 1045 1074 amicitiam
1060 1003 1237 1096 adjunctis,

207 1120 357 1216 expedita
377 1143 413 1188 re
429 1119 663 1208 frumentaria,
683 1123 850 1190 exstinctis
866 1123 1056 1191 rumoribus
1082 1123 1123 1191 de
1146 1124 1238 1190 auxi·

207 1239 259 1308 liis
277 1237 461 1334 legionum,
483 1263 651 1332 quaecum
672 1242 829 1333 Pompeio
853 1265 912 1334 per
929 1241 1164 1311 Mauritaniam
1184 1265 1237 1308 re·

207 1361 277 1427 nire
297 1359 505 1444 dicebantur,
525 1356 634 1427 multae
655 1357 902 1452 longinquiores
924 1362 1069 1429 civitates
1085 1360 1127 1429 ab
1144 1358 1237 1429 Afra·

208 1479 263 1546 nio
280 1477 486 1564 desciscunt,
502 1493 536 1546 et
554 1479 691 1548 cesaris
709 1479 884 1548 amicitiam
901 1495 1091 1573 sequuntur.

256 1599 342 1666 LXI.
360 1598 490 1686 Quibus
509 1597 606 1666 rebus
624 1599 806 1692 perterritis
824 1599 941 1666 animis
959 1599 1234 1685 adversariorum,

206 1719 327 1801 Caesar,
344 1739 384 1784 ne
400 1739 528 1808 semper
551 1739 672 1810 magno
689 1717 828 1784 circuitu
845 1740 904 1808 per
919 1732 1053 1809 pontem
1070 1719 1235 1809 equitatus

206 1835 503 1920 summittendus,
528 1850 641 1904 nactus
662 1835 816 1904 idoneum
838 1835 966 1923 locum,
987 1837 1087 1904 fossas
1115 1837 1232 1930 pedum

205 1957 330 2024 xxxin
356 1952 560 2024 latitudinem
585 1954 771 2049 complures
797 1955 903 2025 lacere
930 1957 1091 2042 instituit,
1115 1957 1231 2050 quibus

194 2091 332 2167 'partem
353 2073 496 2167 aliquam
521 2074 643 2143 Sicoris
661 2090 837 2163 averteret,
863 2073 1047 2168 vadumque
1068 2078 1100 2144 in
1117 2099 1156 2142 eo
1172 2075 1234 2142 llu-

205 2196 295 2262 tnine
312 2192 462 2262 efficeret.
488 2195 547 2262 His
570 2217 662 2288 paene
679 2193 816 2280 effectis,
844 2217 999 2288 magnum
1029 2196 1062 2260 in
1082 2195 1232 2266 timorem
1258 2279 1261 2284 ,

206 2313 360 2383 Afranius
376 2314 588 2406 Petreiusque
606 2315 820 2407 perveniunt,
846 2337 887 2380 ne
906 2312 1042 2380 omnino
1066 2311 1234 2381 frumento

207 2411 812 2525 pabuloqueintercluderentur,quod
824 2429 1233 2524 multumCaesarequitatu

207 2551 345 2622 valebat.
364 2555 480 2645 ltaque
500 2555 708 2620 constituunt
725 2552 785 2644 ipsi
804 2553 842 2618 iis
858 2548 937 2618 locis
957 2549 1127 2637 excedere,
1148 2565 1182 2618 et
1199 2552 1232 2617 in

207 2670 414 2740 Celtiberiam
438 2667 561 2738 bellum
580 2669 766 2738 transferre.
794 2671 877 2737 Huic
904 2669 1042 2738 consilio
1072 2669 1232 2763 suffraga-

206 2791 304 2859 batur
314 2790 410 2857 etiam
420 2787 474 2856 illa
488 2786 659 2878 res‚quod
673 2811 712 2854 ex
722 2786 850 2855 duobus
860 2789 1031 2856 contrariis
1045 2787 1233 2882 generibus,

207 2933 279 3003 quae
296 2909 465 3001 superiore
478 2903 565 2976 bello
582 2909 710 2976 cumb.
729 2908 877 2976 Sertorio
892 2921 1050 2976 steterant
1067 2909 1233 2994 civitates,

207 3029 300 3096 victae
324 3051 444 3095 nomen
472 3041 571 3118 atque
595 3027 768 3119 imperium
799 3027 940 3096 absentis
965 3026 1139 3113 timebant3
1161 3051 1233 3119 quae

207 3147 241 3212 in
259 3145 401 3213 amicitia
425 3159 627 3232 manserant,
647 3147 794 3238 Pompeii
810 3145 938 3240 magnis
965 3145 1089 3215 affecte
1114 3145 1233 3214 benefi-

206 3266 265 3333 ciis
282 3289 357 3333 eum
373 3262 553 3358 diligebant
571 3289 579 3330 r
598 3265 735 3332 Caesaris
753 3279 862 3332 autem
878 3265 912 3332 in
926 3264 1072 3334 barbaris
1087 3279 1157 3332 erat
1174 3289 1232 3332 no·

206 3407 279 3452 men
296 3383 478 3454 obscurius.
498 3384 584 3452 Hinc
603 3407 739 3475 magnos
758 3386 923 3476 equitatus
945 3407 1130 3479 magnaque
1140 3385 1232 3451 auxi·

205 3502 247 3571 lia
264 3504 511 3596 exspectabant,
528 3517 561 3570 et
579 3506 647 3571 suis
663 3500 742 3571 locis
761 3500 883 3572 bellum
906 3505 939 3570 in
954 3505 1096 3574 hiemem
1111 3502 1231 3571 ducere

206 3621 403 3715 cogitabant.
421 3624 494 3691 Hoc
513 3622 595 3724 inito
612 3619 764 3709 consilio,
784 3636 855 3692 toto
869 3621 1003 3689 flumine
1018 3622 1113 3690 Ibero
1133 3643 1231 3688 naves

206 3742 416 3832 conquirere,
434 3756 467 3810 et
490 3745 688 3836 Octogesam
710 3741 828 3810 adduci
843 3741 970 3835 jubent.
989 3740 1028 3809 Id
1049 3753 1120 3808 erat
1136 3741 1232 3832 oppi-

206 3855 283 3924 dum
303 3861 443 3952 positum
465 3859 506 3929 ad
529 3861 677 3948 Iberum,
705 3859 870 3953 milliaque
893 3883 1047 3952 passuum
1072 3883 1092 3926 a
1116 3859 1230 3926 castris

205 3974 317 4043 aberat
342 4001 394 4045 xx.
431 3977 478 4048 nd
510 4003 584 4048 eum
613 3979 719 4050 locum
744 3979 900 4067 fluminis,
930 3980 1066 4048 navibus
1091 3978 1231 4071 junctis,
