<?xml version="1.0" encoding="UTF-8"?>
<!DOCTYPE html PUBLIC "-//W3C//DTD XHTML 1.0 Transitional//EN"
    "http://www.w3.org/TR/xhtml1/DTD/xhtml1-transitional.dtd">
<html xmlns="http://www.w3.org/1999/xhtml" xml:lang="en" lang="en">
 <head>
  <title>
</title>
<meta http-equiv="Content-Type" content="text/html;charset=utf-8" />
  <meta name='ocr-system' content='tesseract 3.04.00' />
  <meta name='ocr-capabilities' content='ocr_page ocr_carea ocr_par ocr_line ocrx_word'/>
</head>
<body>
  <div class='ocr_page' id='page_1' title='image "./cjcaesarisopera00caesgoog_0275.png"; bbox 0 0 3020 4768; ppageno 0'>
   <div class='ocr_carea' id='block_1_1' title="bbox 309 653 1151 788">
    <p class='ocr_par' dir='ltr' id='par_1_1' title="bbox 309 653 1151 788">
     <span class='ocr_line' id='line_1_1' title="bbox 309 653 1151 788; baseline 0.006 -6"><span class='ocrx_word' id='word_1_1' title='bbox 309 653 515 782; x_wconf 89' lang='lat' dir='ltr'>NOTAE</span> <span class='ocrx_word' id='word_1_2' title='bbox 551 679 621 784; x_wconf 88' lang='grc' dir='ltr'><strong>ΙΝ</strong></span> <span class='ocrx_word' id='word_1_3' title='bbox 661 682 720 786; x_wconf 86' lang='lat' dir='ltr'><strong>C.</strong></span> <span class='ocrx_word' id='word_1_4' title='bbox 758 683 809 786; x_wconf 90' lang='lat' dir='ltr'><strong>J.</strong></span> <span class='ocrx_word' id='word_1_5' title='bbox 850 681 1151 788; x_wconf 85' lang='lat' dir='ltr'>CAESARIS</span> 
     </span>
    </p>
   </div>
   <div class='ocr_carea' id='block_1_2' title="bbox 616 971 844 1056">
    <p class='ocr_par' dir='ltr' id='par_1_2' title="bbox 616 971 844 1056">
     <span class='ocr_line' id='line_1_2' title="bbox 616 971 844 1056; baseline 0 0"><span class='ocrx_word' id='word_1_6' title='bbox 616 971 844 1056; x_wconf 80' lang='lat' dir='ltr'><strong>OPERA.</strong></span> 
     </span>
    </p>
   </div>
   <div class='ocr_carea' id='block_1_3' title="bbox 517 1241 938 1270">
    <p class='ocr_par' dir='ltr' id='par_1_3' title="bbox 517 1241 938 1270">
     <span class='ocr_line' id='line_1_3' title="bbox 517 1241 938 1270; baseline 0.007 -12"><span class='ocrx_word' id='word_1_7' title='bbox 517 1241 938 1270; x_wconf 56' lang='lat'><strong>—-—*.—-—</strong></span> 
     </span>
    </p>
   </div>
   <div class='ocr_carea' id='block_1_4' title="bbox 620 1501 842 1550">
    <p class='ocr_par' dir='ltr' id='par_1_4' title="bbox 620 1501 842 1550">
     <span class='ocr_line' id='line_1_4' title="bbox 620 1501 842 1550; baseline 0.014 -2"><span class='ocrx_word' id='word_1_8' title='bbox 620 1501 656 1550; x_wconf 78' lang='grc' dir='ltr'><strong>ΙΝ</strong></span> <span class='ocrx_word' id='word_1_9' title='bbox 674 1502 809 1550; x_wconf 79' lang='lat' dir='ltr'><strong>LIBRUM</strong></span> <span class='ocrx_word' id='word_1_10' title='bbox 829 1503 842 1550; x_wconf 90' lang='lat'>1</span> 
     </span>
    </p>
   </div>
   <div class='ocr_carea' id='block_1_5' title="bbox 213 1716 1240 1790">
    <p class='ocr_par' dir='ltr' id='par_1_5' title="bbox 213 1716 1240 1790">
     <span class='ocr_line' id='line_1_5' title="bbox 213 1716 1240 1790; baseline 0.006 -6"><span class='ocrx_word' id='word_1_11' title='bbox 213 1717 280 1784; x_wconf 91' lang='lat' dir='ltr'><strong>DE</strong></span> <span class='ocrx_word' id='word_1_12' title='bbox 306 1716 470 1784; x_wconf 89' lang='lat' dir='ltr'>BELLO</span> <span class='ocrx_word' id='word_1_13' title='bbox 495 1716 719 1784; x_wconf 81' lang='lat' dir='ltr'>GALLICO</span> <span class='ocrx_word' id='word_1_14' title='bbox 743 1716 1240 1790; x_wconf 83' lang='lat' dir='ltr'><strong>COMMENTARIORUM.</strong></span> 
     </span>
    </p>
   </div>
   <div class='ocr_carea' id='block_1_6' title="bbox 167 1979 1344 4081">
    <p class='ocr_par' dir='ltr' id='par_1_6' title="bbox 167 1979 1321 2972">
     <span class='ocr_line' id='line_1_6' title="bbox 245 1979 1251 2055; baseline 0.006 -19"><span class='ocrx_word' id='word_1_15' title='bbox 245 1981 310 2036; x_wconf 65' lang='lat' dir='ltr'><strong>Cos.</strong></span> <span class='ocrx_word' id='word_1_16' title='bbox 332 1982 368 2035; x_wconf 93' lang='lat'><strong>11.</strong></span> <span class='ocrx_word' id='word_1_17' title='bbox 392 1979 548 2055; x_wconf 69' lang='lat' dir='ltr'><strong>Orgetorir.</strong></span> <span class='ocrx_word' id='word_1_18' title='bbox 566 1979 701 2050; x_wconf 86' lang='lat' dir='ltr'><strong>Oberlin,</strong></span> <span class='ocrx_word' id='word_1_19' title='bbox 718 1981 892 2051; x_wconf 85' lang='lat' dir='ltr'><strong>Bonterone,</strong></span> <span class='ocrx_word' id='word_1_20' title='bbox 907 1981 1015 2038; x_wconf 84' lang='lat' dir='ltr'><strong>Bochat</strong></span> <span class='ocrx_word' id='word_1_21' title='bbox 1028 1992 1057 2038; x_wconf 87' lang='lat' dir='ltr'><strong>et</strong></span> <span class='ocrx_word' id='word_1_22' title='bbox 1069 1984 1104 2038; x_wconf 90' lang='lat' dir='ltr'><strong>D.</strong></span> <span class='ocrx_word' id='word_1_23' title='bbox 1118 1985 1251 2043; x_wconf 86' lang='lat' dir='ltr'><strong>Mionnet</strong></span> 
     </span>
     <span class='ocr_line' id='line_1_7' title="bbox 206 2069 1249 2148; baseline 0.005 -20"><span class='ocrx_word' id='word_1_24' title='bbox 206 2069 315 2148; x_wconf 80' lang='lat' dir='ltr'><strong>(Descr.</strong></span> <span class='ocrx_word' id='word_1_25' title='bbox 329 2073 381 2128; x_wconf 85' lang='lat' dir='ltr'><strong>des</strong></span> <span class='ocrx_word' id='word_1_26' title='bbox 398 2073 488 2138; x_wconf 64' lang='lat' dir='ltr'><strong>need„</strong></span> <span class='ocrx_word' id='word_1_27' title='bbox 506 2082 574 2127; x_wconf 89' lang='lat' dir='ltr'><strong>tom.</strong></span> <span class='ocrx_word' id='word_1_28' title='bbox 590 2091 617 2142; x_wconf 90' lang='lat'><strong>1,</strong></span> <span class='ocrx_word' id='word_1_29' title='bbox 634 2090 663 2145; x_wconf 90' lang='lat' dir='ltr'><strong>p.</strong></span> <span class='ocrx_word' id='word_1_30' title='bbox 679 2070 728 2148; x_wconf 84' lang='lat'><strong>9²)</strong></span> <span class='ocrx_word' id='word_1_31' title='bbox 734 2113 743 2140; x_wconf 93' lang='lat'><strong>,</strong></span> <span class='ocrx_word' id='word_1_32' title='bbox 761 2091 908 2128; x_wconf 87' lang='lat' dir='ltr'><strong>nummum</strong></span> <span class='ocrx_word' id='word_1_33' title='bbox 924 2083 1090 2146; x_wconf 76' lang='lat' dir='ltr'><strong>argenteum</strong></span> <span class='ocrx_word' id='word_1_34' title='bbox 1107 2076 1249 2145; x_wconf 80' lang='lat' dir='ltr'><strong>referunt,</strong></span> 
     </span>
     <span class='ocr_line' id='line_1_8' title="bbox 205 2163 1250 2243; baseline 0.007 -25"><span class='ocrx_word' id='word_1_35' title='bbox 205 2163 284 2236; x_wconf 86' lang='lat' dir='ltr'><strong>cujus</strong></span> <span class='ocrx_word' id='word_1_36' title='bbox 299 2183 364 2238; x_wconf 87' lang='lat' dir='ltr'><strong>pars</strong></span> <span class='ocrx_word' id='word_1_37' title='bbox 377 2164 469 2220; x_wconf 84' lang='lat' dir='ltr'><strong>antica</strong></span> <span class='ocrx_word' id='word_1_38' title='bbox 486 2163 592 2237; x_wconf 81' lang='lat' dir='ltr'><strong>praebet</strong></span> <span class='ocrx_word' id='word_1_39' title='bbox 604 2174 689 2238; x_wconf 87' lang='lat' dir='ltr'><strong>caput</strong></span> <span class='ocrx_word' id='word_1_40' title='bbox 701 2163 831 2219; x_wconf 88' lang='lat' dir='ltr'><strong>imberhe</strong></span> <span class='ocrx_word' id='word_1_41' title='bbox 847 2163 1078 2237; x_wconf 63' lang='lat' dir='ltr'><strong>galeramnus</strong></span> <span class='ocrx_word' id='word_1_42' title='bbox 1097 2167 1250 2243; x_wconf 81' lang='lat' dir='ltr'>epigraphe</span> 
     </span>
     <span class='ocr_line' id='line_1_9' title="bbox 205 2255 1321 2331; baseline 0.002 -19"><span class='ocrx_word' id='word_1_43' title='bbox 205 2257 328 2324; x_wconf 88' lang='lat' dir='ltr'><strong>COIOS;</strong></span> <span class='ocrx_word' id='word_1_44' title='bbox 337 2255 444 2330; x_wconf 89' lang='lat' dir='ltr'><strong>postica</strong></span> <span class='ocrx_word' id='word_1_45' title='bbox 458 2275 527 2313; x_wconf 85' lang='lat' dir='ltr'><strong>vero</strong></span> <span class='ocrx_word' id='word_1_46' title='bbox 541 2273 644 2330; x_wconf 75' lang='lat' dir='ltr'><strong>eqstum</strong></span> <span class='ocrx_word' id='word_1_47' title='bbox 653 2266 812 2312; x_wconf 86' lang='lat' dir='ltr'><strong>currentem</strong></span> <span class='ocrx_word' id='word_1_48' title='bbox 825 2273 890 2312; x_wconf 89' lang='lat' dir='ltr'><strong>eum</strong></span> <span class='ocrx_word' id='word_1_49' title='bbox 902 2255 1088 2331; x_wconf 81' lang='lat' dir='ltr'><strong>inscriptione</strong></span> <span class='ocrx_word' id='word_1_50' title='bbox 1100 2261 1249 2319; x_wconf 84' lang='lat' dir='ltr'>ORCITI-</span> <span class='ocrx_word' id='word_1_51' title='bbox 1319 2309 1321 2314; x_wconf 81' lang='grc'>,</span> 
     </span>
     <span class='ocr_line' id='line_1_10' title="bbox 205 2345 1250 2426; baseline 0.004 -22"><span class='ocrx_word' id='word_1_52' title='bbox 205 2348 281 2404; x_wconf 75' lang='lat' dir='ltr'><strong>mx.</strong></span> <span class='ocrx_word' id='word_1_53' title='bbox 305 2349 466 2405; x_wconf 87' lang='lat' dir='ltr'><strong>Bouteroue</strong></span> <span class='ocrx_word' id='word_1_54' title='bbox 486 2345 653 2424; x_wconf 78' lang='lat' dir='ltr'><strong>(Momaies</strong></span> <span class='ocrx_word' id='word_1_55' title='bbox 673 2349 710 2404; x_wconf 85' lang='lat' dir='ltr'><strong>de</strong></span> <span class='ocrx_word' id='word_1_56' title='bbox 726 2349 849 2414; x_wconf 63' lang='lat' dir='ltr'><strong>stenes,</strong></span> <span class='ocrx_word' id='word_1_57' title='bbox 868 2365 897 2422; x_wconf 92' lang='lat' dir='ltr'><strong>p.</strong></span> <span class='ocrx_word' id='word_1_58' title='bbox 913 2345 962 2426; x_wconf 83' lang='lat'><strong>51)</strong></span> <span class='ocrx_word' id='word_1_59' title='bbox 975 2367 1036 2404; x_wconf 90' lang='lat' dir='ltr'><strong>non</strong></span> <span class='ocrx_word' id='word_1_60' title='bbox 1052 2349 1162 2407; x_wconf 88' lang='lat' dir='ltr'><strong>dubitat</strong></span> <span class='ocrx_word' id='word_1_61' title='bbox 1180 2353 1250 2426; x_wconf 86' lang='lat' dir='ltr'><strong>quin</strong></span> 
     </span>
     <span class='ocr_line' id='line_1_11' title="bbox 206 2429 1247 2512; baseline 0.006 -17"><span class='ocrx_word' id='word_1_62' title='bbox 206 2441 246 2508; x_wconf 89' lang='lat' dir='ltr'><strong>ei,</strong></span> <span class='ocrx_word' id='word_1_63' title='bbox 259 2439 335 2512; x_wconf 85' lang='lat' dir='ltr'><strong>cujus</strong></span> <span class='ocrx_word' id='word_1_64' title='bbox 348 2441 404 2496; x_wconf 90' lang='lat' dir='ltr'><strong>hoc</strong></span> <span class='ocrx_word' id='word_1_65' title='bbox 422 2442 487 2496; x_wconf 87' lang='lat' dir='ltr'><strong>loeo</strong></span> <span class='ocrx_word' id='word_1_66' title='bbox 504 2437 537 2495; x_wconf 84' lang='lat' dir='ltr'><strong>fit</strong></span> <span class='ocrx_word' id='word_1_67' title='bbox 553 2439 815 2508; x_wconf 87' lang='lat' dir='ltr'><strong>mentio‚nummus</strong></span> <span class='ocrx_word' id='word_1_68' title='bbox 832 2439 885 2496; x_wconf 91' lang='lat' dir='ltr'><strong>iste</strong></span> <span class='ocrx_word' id='word_1_69' title='bbox 902 2429 1083 2512; x_wconf 53' lang='lat' dir='ltr'><strong>tribuendus,</strong></span> <span class='ocrx_word' id='word_1_70' title='bbox 1097 2453 1125 2498; x_wconf 89' lang='lat' dir='ltr'><strong>et</strong></span> <span class='ocrx_word' id='word_1_71' title='bbox 1138 2443 1247 2501; x_wconf 77' lang='lat'>00108</span> 
     </span>
     <span class='ocr_line' id='line_1_12' title="bbox 205 2529 1247 2608; baseline 0.003 -21"><span class='ocrx_word' id='word_1_72' title='bbox 205 2550 311 2590; x_wconf 87' lang='lat' dir='ltr'><strong>nomen</strong></span> <span class='ocrx_word' id='word_1_73' title='bbox 327 2551 386 2589; x_wconf 85' lang='lat' dir='ltr'><strong>esse</strong></span> <span class='ocrx_word' id='word_1_74' title='bbox 399 2533 465 2607; x_wconf 82' lang='lat' dir='ltr'><strong>pagi</strong></span> <span class='ocrx_word' id='word_1_75' title='bbox 477 2543 580 2589; x_wconf 85' lang='lat' dir='ltr'><strong>censet.</strong></span> <span class='ocrx_word' id='word_1_76' title='bbox 600 2533 707 2589; x_wconf 89' lang='lat' dir='ltr'><strong>Bochat</strong></span> <span class='ocrx_word' id='word_1_77' title='bbox 721 2529 819 2608; x_wconf 61' lang='lat' dir='ltr'><strong>(Mem.</strong></span> <span class='ocrx_word' id='word_1_78' title='bbox 832 2550 883 2586; x_wconf 83' lang='lat' dir='ltr'><strong>sur</strong></span> <span class='ocrx_word' id='word_1_79' title='bbox 894 2534 925 2586; x_wconf 87' lang='lat' dir='ltr'><strong>la</strong></span> <span class='ocrx_word' id='word_1_80' title='bbox 940 2533 1048 2602; x_wconf 67' lang='lat' dir='ltr'><strong>Surise,</strong></span> <span class='ocrx_word' id='word_1_81' title='bbox 1064 2543 1083 2588; x_wconf 93' lang='lat' dir='ltr'><strong>t.</strong></span> <span class='ocrx_word' id='word_1_82' title='bbox 1095 2553 1122 2603; x_wconf 89' lang='lat'><strong>1,</strong></span> <span class='ocrx_word' id='word_1_83' title='bbox 1135 2553 1164 2608; x_wconf 93' lang='lat' dir='ltr'><strong>p.</strong></span> <span class='ocrx_word' id='word_1_84' title='bbox 1180 2534 1247 2604; x_wconf 72' lang='lat'>584)</span> 
     </span>
     <span class='ocr_line' id='line_1_13' title="bbox 204 2622 1249 2698; baseline 0.002 -18"><span class='ocrx_word' id='word_1_85' title='bbox 204 2626 265 2680; x_wconf 80' lang='lat' dir='ltr'><strong>vult</strong></span> <span class='ocrx_word' id='word_1_86' title='bbox 281 2623 362 2681; x_wconf 84' lang='lat' dir='ltr'><strong>Coios</strong></span> <span class='ocrx_word' id='word_1_87' title='bbox 379 2625 466 2680; x_wconf 87' lang='lat' dir='ltr'><strong>latine</strong></span> <span class='ocrx_word' id='word_1_88' title='bbox 481 2624 617 2698; x_wconf 77' lang='lat' dir='ltr'><strong>scripum</strong></span> <span class='ocrx_word' id='word_1_89' title='bbox 638 2641 697 2679; x_wconf 88' lang='lat' dir='ltr'><strong>esse</strong></span> <span class='ocrx_word' id='word_1_90' title='bbox 714 2642 768 2697; x_wconf 87' lang='lat' dir='ltr'><strong>pro</strong></span> <span class='ocrx_word' id='word_1_91' title='bbox 786 2622 884 2689; x_wconf 83' lang='lat' dir='ltr'><strong>Caius,</strong></span> <span class='ocrx_word' id='word_1_92' title='bbox 900 2632 928 2676; x_wconf 87' lang='lat' dir='ltr'><strong>et</strong></span> <span class='ocrx_word' id='word_1_93' title='bbox 950 2623 1083 2679; x_wconf 64' lang='lat' dir='ltr'><strong>Orciniaie</strong></span> <span class='ocrx_word' id='word_1_94' title='bbox 1100 2624 1249 2682; x_wconf 73' lang='lat' dir='ltr'><strong>denotasse</strong></span> 
     </span>
     <span class='ocr_line' id='line_1_14' title="bbox 205 2713 1248 2790; baseline 0.001 -19"><span class='ocrx_word' id='word_1_95' title='bbox 205 2715 362 2790; x_wconf 86' lang='lat' dir='ltr'><strong>principem</strong></span> <span class='ocrx_word' id='word_1_96' title='bbox 379 2714 455 2789; x_wconf 84' lang='lat' dir='ltr'><strong>pagi.</strong></span> <span class='ocrx_word' id='word_1_97' title='bbox 478 2717 539 2788; x_wconf 83' lang='lat' dir='ltr'><strong>Ego</strong></span> <span class='ocrx_word' id='word_1_98' title='bbox 555 2713 686 2770; x_wconf 84' lang='lat' dir='ltr'><strong>existimo</strong></span> <span class='ocrx_word' id='word_1_99' title='bbox 700 2714 810 2770; x_wconf 90' lang='lat' dir='ltr'>COIOS</span> <span class='ocrx_word' id='word_1_100' title='bbox 823 2731 883 2768; x_wconf 84' lang='lat' dir='ltr'><strong>esse</strong></span> <span class='ocrx_word' id='word_1_101' title='bbox 900 2731 1007 2768; x_wconf 85' lang='lat' dir='ltr'><strong>nomen</strong></span> <span class='ocrx_word' id='word_1_102' title='bbox 1023 2714 1071 2770; x_wconf 85' lang='lat' dir='ltr'><strong>dei</strong></span> <span class='ocrx_word' id='word_1_103' title='bbox 1085 2717 1131 2771; x_wconf 81' lang='lat' dir='ltr'><strong>vel</strong></span> <span class='ocrx_word' id='word_1_104' title='bbox 1149 2715 1248 2790; x_wconf 72' lang='lat' dir='ltr'><strong>digni-</strong></span> 
     </span>
     <span class='ocr_line' id='line_1_15' title="bbox 204 2800 1248 2880; baseline 0.004 -20"><span class='ocrx_word' id='word_1_105' title='bbox 204 2807 285 2875; x_wconf 81' lang='lat' dir='ltr'><strong>tatis,</strong></span> <span class='ocrx_word' id='word_1_106' title='bbox 304 2807 437 2880; x_wconf 84' lang='lat' dir='ltr'><strong>idemque</strong></span> <span class='ocrx_word' id='word_1_107' title='bbox 452 2823 512 2861; x_wconf 87' lang='lat' dir='ltr'><strong>esse</strong></span> <span class='ocrx_word' id='word_1_108' title='bbox 530 2821 562 2859; x_wconf 87' lang='lat' dir='ltr'><strong>ac</strong></span> <span class='ocrx_word' id='word_1_109' title='bbox 575 2800 670 2874; x_wconf 75' lang='lat' dir='ltr'><strong>Koios,</strong></span> <span class='ocrx_word' id='word_1_110' title='bbox 686 2823 792 2860; x_wconf 86' lang='lat' dir='ltr'><strong>nomen</strong></span> <span class='ocrx_word' id='word_1_111' title='bbox 804 2801 874 2871; x_wconf 86' lang='lat' dir='ltr'><strong>viri,</strong></span> <span class='ocrx_word' id='word_1_112' title='bbox 890 2821 944 2877; x_wconf 88' lang='lat' dir='ltr'><strong>pro</strong></span> <span class='ocrx_word' id='word_1_113' title='bbox 960 2801 1037 2863; x_wconf 67' lang='lat' dir='ltr'><strong>noim</strong></span> <span class='ocrx_word' id='word_1_114' title='bbox 1054 2809 1101 2862; x_wconf 84' lang='lat' dir='ltr'><strong>vel</strong></span> <span class='ocrx_word' id='word_1_115' title='bbox 1122 2807 1248 2879; x_wconf 70' lang='lat' dir='ltr'><strong>sotim,</strong></span> 
     </span>
     <span class='ocr_line' id='line_1_16' title="bbox 167 2889 1248 2972; baseline 0.005 -19"><span class='ocrx_word' id='word_1_116' title='bbox 167 2929 170 2938; x_wconf 89' lang='lat'>·</span> <span class='ocrx_word' id='word_1_117' title='bbox 203 2898 348 2966; x_wconf 84' lang='lat' dir='ltr'><strong>sacerd0s;</strong></span> <span class='ocrx_word' id='word_1_118' title='bbox 367 2908 396 2952; x_wconf 95' lang='lat' dir='ltr'><strong>et</strong></span> <span class='ocrx_word' id='word_1_119' title='bbox 417 2891 494 2954; x_wconf 76' lang='lat' dir='ltr'><strong>noim</strong></span> <span class='ocrx_word' id='word_1_120' title='bbox 513 2906 676 2972; x_wconf 78' lang='lat' dir='ltr'><strong>corruptum</strong></span> <span class='ocrx_word' id='word_1_121' title='bbox 695 2914 755 2952; x_wconf 83' lang='lat' dir='ltr'><strong>esse</strong></span> <span class='ocrx_word' id='word_1_122' title='bbox 775 2913 829 2969; x_wconf 87' lang='lat' dir='ltr'><strong>pro</strong></span> <span class='ocrx_word' id='word_1_123' title='bbox 846 2889 945 2971; x_wconf 71' lang='grc' dir='ltr'><strong>χοὶηε,</strong></span> <span class='ocrx_word' id='word_1_124' title='bbox 961 2896 1038 2970; x_wconf 86' lang='lat' dir='ltr'><strong>quod</strong></span> <span class='ocrx_word' id='word_1_125' title='bbox 1061 2898 1248 2958; x_wconf 81' lang='lat' dir='ltr'><strong>derivandum</strong></span> 
     </span>
    </p>

    <p class='ocr_par' dir='ltr' id='par_1_7' title="bbox 183 2977 1344 4081">
     <span class='ocr_line' id='line_1_17' title="bbox 203 2977 1344 3064; baseline 0.007 -19"><span class='ocrx_word' id='word_1_126' title='bbox 203 3001 246 3045; x_wconf 89' lang='lat' dir='ltr'><strong>est</strong></span> <span class='ocrx_word' id='word_1_127' title='bbox 258 3008 275 3045; x_wconf 84' lang='lat' dir='ltr'><strong>a</strong></span> <span class='ocrx_word' id='word_1_128' title='bbox 289 2985 363 3064; x_wconf 71' lang='grc' dir='ltr'><strong>χοὴ,</strong></span> <span class='ocrx_word' id='word_1_129' title='bbox 376 2988 514 3058; x_wconf 87' lang='lat' dir='ltr'><strong>libamen,</strong></span> <span class='ocrx_word' id='word_1_130' title='bbox 525 2985 621 3063; x_wconf 72' lang='grc' dir='ltr'><strong>χοαὶ,</strong></span> <span class='ocrx_word' id='word_1_131' title='bbox 633 2987 740 3046; x_wconf 75' lang='lat' dir='ltr'><strong>irit&#39;eriae</strong></span> <span class='ocrx_word' id='word_1_132' title='bbox 758 2987 909 3044; x_wconf 79' lang='lat' dir='ltr'><strong>libationes</strong></span> <span class='ocrx_word' id='word_1_133' title='bbox 921 2987 952 3044; x_wconf 88' lang='lat' dir='ltr'><strong>in</strong></span> <span class='ocrx_word' id='word_1_134' title='bbox 964 2988 1103 3046; x_wconf 83' lang='lat' dir='ltr'><strong>honorem</strong></span> <span class='ocrx_word' id='word_1_135' title='bbox 1121 3004 1248 3052; x_wconf 87' lang='lat' dir='ltr'><strong>mortuo-</strong></span> <span class='ocrx_word' id='word_1_136' title='bbox 1342 2977 1344 2982; x_wconf 28' lang='grc' dir='ltr'>Ι</span> 
     </span>
     <span class='ocr_line' id='line_1_18' title="bbox 203 3071 1248 3156; baseline 0.006 -18"><span class='ocrx_word' id='word_1_137' title='bbox 203 3099 282 3149; x_wconf 85' lang='lat' dir='ltr'><strong>rum,</strong></span> <span class='ocrx_word' id='word_1_138' title='bbox 294 3071 379 3156; x_wconf 72' lang='grc' dir='ltr'>χόες,</span> <span class='ocrx_word' id='word_1_139' title='bbox 393 3080 493 3135; x_wconf 84' lang='lat' dir='ltr'><strong>festum</strong></span> <span class='ocrx_word' id='word_1_140' title='bbox 511 3081 628 3136; x_wconf 81' lang='lat' dir='ltr'><strong>Athenis</strong></span> <span class='ocrx_word' id='word_1_141' title='bbox 643 3098 701 3155; x_wconf 89' lang='lat' dir='ltr'><strong>quo</strong></span> <span class='ocrx_word' id='word_1_142' title='bbox 716 3077 823 3135; x_wconf 85' lang='lat' dir='ltr'><strong>fiebant</strong></span> <span class='ocrx_word' id='word_1_143' title='bbox 838 3079 973 3136; x_wconf 88' lang='lat' dir='ltr'><strong>libamina</strong></span> <span class='ocrx_word' id='word_1_144' title='bbox 990 3081 1021 3136; x_wconf 92' lang='lat' dir='ltr'><strong>in</strong></span> <span class='ocrx_word' id='word_1_145' title='bbox 1036 3085 1136 3140; x_wconf 84' lang='lat' dir='ltr'><strong>Bacchi</strong></span> <span class='ocrx_word' id='word_1_146' title='bbox 1152 3087 1248 3144; x_wconf 87' lang='lat' dir='ltr'><strong>hono—</strong></span> 
     </span>
     <span class='ocr_line' id='line_1_19' title="bbox 203 3167 1248 3255; baseline 0.008 -25"><span class='ocrx_word' id='word_1_147' title='bbox 203 3192 282 3242; x_wconf 85' lang='lat' dir='ltr'><strong>rem,</strong></span> <span class='ocrx_word' id='word_1_148' title='bbox 308 3192 343 3230; x_wconf 77' lang='grc' dir='ltr'><strong>ει</strong></span> <span class='ocrx_word' id='word_1_149' title='bbox 368 3167 429 3248; x_wconf 80' lang='grc' dir='ltr'><strong>χέω</strong></span> <span class='ocrx_word' id='word_1_150' title='bbox 438 3214 447 3243; x_wconf 85' lang='grc'>,</span> <span class='ocrx_word' id='word_1_151' title='bbox 474 3173 552 3243; x_wconf 90' lang='lat' dir='ltr'><strong>libo,</strong></span> <span class='ocrx_word' id='word_1_152' title='bbox 580 3172 670 3229; x_wconf 78' lang='lat' dir='ltr'><strong>fundo</strong></span> <span class='ocrx_word' id='word_1_153' title='bbox 679 3192 688 3241; x_wconf 89' lang='lat'>;</span> <span class='ocrx_word' id='word_1_154' title='bbox 709 3171 887 3247; x_wconf 88' lang='lat' dir='ltr'><strong>proindeque</strong></span> <span class='ocrx_word' id='word_1_155' title='bbox 912 3173 970 3229; x_wconf 82' lang='lat' dir='ltr'><strong>sere</strong></span> <span class='ocrx_word' id='word_1_156' title='bbox 988 3174 1064 3231; x_wconf 88' lang='lat' dir='ltr'><strong>idem</strong></span> <span class='ocrx_word' id='word_1_157' title='bbox 1083 3196 1142 3235; x_wconf 85' lang='lat' dir='ltr'><strong>esse</strong></span> <span class='ocrx_word' id='word_1_158' title='bbox 1160 3198 1248 3255; x_wconf 80' lang='lat' dir='ltr'><strong>graece</strong></span> 
     </span>
     <span class='ocr_line' id='line_1_20' title="bbox 205 3263 1246 3341; baseline 0.007 -19"><span class='ocrx_word' id='word_1_159' title='bbox 205 3278 289 3341; x_wconf 87' lang='lat' dir='ltr'><strong>atque</strong></span> <span class='ocrx_word' id='word_1_160' title='bbox 311 3267 430 3324; x_wconf 82' lang='lat' dir='ltr'><strong>nomina</strong></span> <span class='ocrx_word' id='word_1_161' title='bbox 449 3267 537 3322; x_wconf 88' lang='lat' dir='ltr'><strong>latina</strong></span> <span class='ocrx_word' id='word_1_162' title='bbox 554 3265 622 3322; x_wconf 88' lang='lat' dir='ltr'><strong>Julii</strong></span> <span class='ocrx_word' id='word_1_163' title='bbox 642 3265 782 3320; x_wconf 77' lang='lat' dir='ltr'><strong>Sacmviri</strong></span> <span class='ocrx_word' id='word_1_164' title='bbox 801 3263 901 3336; x_wconf 83' lang='lat' dir='ltr'><strong>AEdui,</strong></span> <span class='ocrx_word' id='word_1_165' title='bbox 922 3275 951 3321; x_wconf 87' lang='lat' dir='ltr'><strong>et</strong></span> <span class='ocrx_word' id='word_1_166' title='bbox 973 3266 1138 3327; x_wconf 82' lang='lat' dir='ltr'><strong>Sacrativiri</strong></span> <span class='ocrx_word' id='word_1_167' title='bbox 1153 3273 1246 3328; x_wconf 80' lang='lat' dir='ltr'><strong>Caess-</strong></span> 
     </span>
     <span class='ocr_line' id='line_1_21' title="bbox 204 3357 1248 3436; baseline 0.004 -22"><span class='ocrx_word' id='word_1_168' title='bbox 204 3359 286 3414; x_wconf 88' lang='lat' dir='ltr'><strong>riani.</strong></span> <span class='ocrx_word' id='word_1_169' title='bbox 306 3360 438 3415; x_wconf 62' lang='lat' dir='ltr'><strong>Orciarir</strong></span> <span class='ocrx_word' id='word_1_170' title='bbox 446 3378 516 3414; x_wconf 85' lang='lat' dir='ltr'><strong>vero</strong></span> <span class='ocrx_word' id='word_1_171' title='bbox 530 3358 682 3413; x_wconf 80' lang='lat' dir='ltr'><strong>formatum</strong></span> <span class='ocrx_word' id='word_1_172' title='bbox 694 3367 736 3412; x_wconf 86' lang='lat' dir='ltr'><strong>est</strong></span> <span class='ocrx_word' id='word_1_173' title='bbox 745 3376 761 3412; x_wconf 93' lang='lat' dir='ltr'><strong>a</strong></span> <span class='ocrx_word' id='word_1_174' title='bbox 771 3375 841 3413; x_wconf 85' lang='lat' dir='ltr'><strong>voce</strong></span> <span class='ocrx_word' id='word_1_175' title='bbox 854 3375 941 3431; x_wconf 76' lang='lat' dir='ltr'><strong>graeca</strong></span> <span class='ocrx_word' id='word_1_176' title='bbox 952 3357 1109 3436; x_wconf 72' lang='grc' dir='ltr'><strong><em>ὀρχηστὴς,</em></strong></span> <span class='ocrx_word' id='word_1_177' title='bbox 1118 3365 1248 3433; x_wconf 88' lang='lat' dir='ltr'><strong>saltator,</strong></span> 
     </span>
     <span class='ocr_line' id='line_1_22' title="bbox 205 3448 1248 3528; baseline 0.004 -23"><span class='ocrx_word' id='word_1_178' title='bbox 205 3452 251 3506; x_wconf 86' lang='lat' dir='ltr'><strong>vel</strong></span> <span class='ocrx_word' id='word_1_179' title='bbox 268 3451 305 3507; x_wconf 83' lang='lat' dir='ltr'><strong>ah</strong></span> <span class='ocrx_word' id='word_1_180' title='bbox 325 3450 461 3528; x_wconf 65' lang='lat' dir='ltr'><strong>ippn‘tits,</strong></span> <span class='ocrx_word' id='word_1_181' title='bbox 479 3448 643 3517; x_wconf 85' lang='lat' dir='ltr'><strong>iracundus,</strong></span> <span class='ocrx_word' id='word_1_182' title='bbox 659 3460 687 3504; x_wconf 95' lang='lat' dir='ltr'><strong>et</strong></span> <span class='ocrx_word' id='word_1_183' title='bbox 704 3449 791 3504; x_wconf 89' lang='lat' dir='ltr'><strong>latina</strong></span> <span class='ocrx_word' id='word_1_184' title='bbox 809 3468 879 3519; x_wconf 75' lang='lat' dir='ltr'><strong>rex,</strong></span> <span class='ocrx_word' id='word_1_185' title='bbox 896 3451 958 3508; x_wconf 83' lang='lat' dir='ltr'><strong>Rex</strong></span> <span class='ocrx_word' id='word_1_186' title='bbox 975 3453 1093 3527; x_wconf 86' lang='lat' dir='ltr'><strong>tripudii</strong></span> <span class='ocrx_word' id='word_1_187' title='bbox 1108 3456 1179 3510; x_wconf 83' lang='lat' dir='ltr'><strong>sacri</strong></span> <span class='ocrx_word' id='word_1_188' title='bbox 1189 3495 1198 3523; x_wconf 99' lang='lat'><strong>,</strong></span> <span class='ocrx_word' id='word_1_189' title='bbox 1217 3467 1248 3511; x_wconf 89' lang='lat' dir='ltr'><strong>nt</strong></span> 
     </span>
     <span class='ocr_line' id='line_1_23' title="bbox 203 3540 1249 3617; baseline 0.004 -18"><span class='ocrx_word' id='word_1_190' title='bbox 203 3545 308 3617; x_wconf 80' lang='lat' dir='ltr'><strong>Apollo</strong></span> <span class='ocrx_word' id='word_1_191' title='bbox 317 3542 559 3601; x_wconf 75' lang='lat' dir='ltr'><strong>Omhestesdictus</strong></span> <span class='ocrx_word' id='word_1_192' title='bbox 564 3551 610 3609; x_wconf 89' lang='lat' dir='ltr'><strong>,et</strong></span> <span class='ocrx_word' id='word_1_193' title='bbox 616 3540 880 3598; x_wconf 85' lang='lat' dir='ltr'><strong>Davidantearcam</strong></span> <span class='ocrx_word' id='word_1_194' title='bbox 890 3543 1129 3615; x_wconf 77' lang='lat' dir='ltr'><strong>saltans,velRex</strong></span> <span class='ocrx_word' id='word_1_195' title='bbox 1135 3547 1249 3602; x_wconf 84' lang='lat' dir='ltr'><strong>iracun-</strong></span> 
     </span>
     <span class='ocr_line' id='line_1_24' title="bbox 204 3631 1247 3714; baseline 0.006 -24"><span class='ocrx_word' id='word_1_196' title='bbox 204 3635 270 3704; x_wconf 90' lang='lat' dir='ltr'><strong>dus,</strong></span> <span class='ocrx_word' id='word_1_197' title='bbox 283 3637 428 3712; x_wconf 89' lang='lat' dir='ltr'><strong>superbus.</strong></span> <span class='ocrx_word' id='word_1_198' title='bbox 443 3635 490 3692; x_wconf 89' lang='lat' dir='ltr'><strong>Sic</strong></span> <span class='ocrx_word' id='word_1_199' title='bbox 504 3635 542 3690; x_wconf 90' lang='lat' dir='ltr'><strong>ah</strong></span> <span class='ocrx_word' id='word_1_200' title='bbox 555 3631 641 3710; x_wconf 63' lang='grc' dir='ltr'><strong><em>ὀργὴ,</em></strong></span> <span class='ocrx_word' id='word_1_201' title='bbox 654 3634 741 3704; x_wconf 88' lang='lat' dir='ltr'><strong>ira,et</strong></span> <span class='ocrx_word' id='word_1_202' title='bbox 758 3632 890 3712; x_wconf 70' lang='grc' dir='ltr'><strong>ὀργίλος,</strong></span> <span class='ocrx_word' id='word_1_203' title='bbox 904 3635 1069 3706; x_wconf 81' lang='lat' dir='ltr'><strong>iracundus,</strong></span> <span class='ocrx_word' id='word_1_204' title='bbox 1082 3640 1247 3714; x_wconf 86' lang='lat' dir='ltr'><strong>nosmetipsi</strong></span> 
     </span>
     <span class='ocr_line' id='line_1_25' title="bbox 183 3727 1246 3806; baseline 0.006 -25"><span class='ocrx_word' id='word_1_205' title='bbox 183 3747 289 3783; x_wconf 84' lang='lat' dir='ltr'><strong>·voces</strong></span> <span class='ocrx_word' id='word_1_206' title='bbox 314 3729 422 3806; x_wconf 72' lang='lat' dir='ltr'><strong>orgueil</strong></span> <span class='ocrx_word' id='word_1_207' title='bbox 441 3737 469 3784; x_wconf 85' lang='lat' dir='ltr'><strong>et</strong></span> <span class='ocrx_word' id='word_1_208' title='bbox 490 3729 663 3803; x_wconf 69' lang='lat' dir='ltr'><strong>otgueilleux</strong></span> <span class='ocrx_word' id='word_1_209' title='bbox 679 3727 881 3798; x_wconf 83' lang='lat' dir='ltr'><strong>mutuavimns3</strong></span> <span class='ocrx_word' id='word_1_210' title='bbox 900 3728 1023 3802; x_wconf 85' lang='lat' dir='ltr'><strong>ideoque</strong></span> <span class='ocrx_word' id='word_1_211' title='bbox 1041 3729 1112 3784; x_wconf 88' lang='lat' dir='ltr'><strong>nihil</strong></span> <span class='ocrx_word' id='word_1_212' title='bbox 1132 3743 1246 3788; x_wconf 79' lang='lat' dir='ltr'><strong>mutan-</strong></span> 
     </span>
     <span class='ocr_line' id='line_1_26' title="bbox 205 3819 1245 3897; baseline 0.004 -22"><span class='ocrx_word' id='word_1_213' title='bbox 205 3819 271 3875; x_wconf 90' lang='lat' dir='ltr'><strong>dum</strong></span> <span class='ocrx_word' id='word_1_214' title='bbox 290 3819 320 3875; x_wconf 87' lang='lat' dir='ltr'><strong>in</strong></span> <span class='ocrx_word' id='word_1_215' title='bbox 334 3820 537 3894; x_wconf 76' lang='lat' dir='ltr'><strong>orthographia</strong></span> <span class='ocrx_word' id='word_1_216' title='bbox 556 3820 699 3894; x_wconf 84' lang='lat' dir='ltr'><strong>utriusque</strong></span> <span class='ocrx_word' id='word_1_217' title='bbox 717 3821 859 3890; x_wconf 88' lang='lat' dir='ltr'><strong>nominis;</strong></span> <span class='ocrx_word' id='word_1_218' title='bbox 877 3821 982 3878; x_wconf 75' lang='lat' dir='ltr'><strong>renim</strong></span> <span class='ocrx_word' id='word_1_219' title='bbox 999 3833 1030 3877; x_wconf 90' lang='lat' dir='ltr'><strong>ut</strong></span> <span class='ocrx_word' id='word_1_220' title='bbox 1046 3841 1056 3878; x_wconf 77' lang='lat' dir='ltr'><strong>s</strong></span> <span class='ocrx_word' id='word_1_221' title='bbox 1072 3825 1245 3897; x_wconf 86' lang='lat' dir='ltr'><strong>pronuncia-</strong></span> 
     </span>
     <span class='ocr_line' id='line_1_27' title="bbox 203 3912 1249 3989; baseline 0.006 -23"><span class='ocrx_word' id='word_1_222' title='bbox 203 3912 300 3980; x_wconf 84' lang='lat' dir='ltr'><strong>batur,</strong></span> <span class='ocrx_word' id='word_1_223' title='bbox 316 3924 344 3968; x_wconf 85' lang='lat' dir='ltr'><strong>et</strong></span> <span class='ocrx_word' id='word_1_224' title='bbox 361 3913 461 3970; x_wconf 74' lang='lat' dir='ltr'><strong>litterae</strong></span> <span class='ocrx_word' id='word_1_225' title='bbox 473 3931 501 3989; x_wconf 84' lang='grc' dir='ltr'>χ</span> <span class='ocrx_word' id='word_1_226' title='bbox 517 3923 546 3968; x_wconf 87' lang='lat' dir='ltr'><strong>et</strong></span> <span class='ocrx_word' id='word_1_227' title='bbox 561 3930 588 3989; x_wconf 75' lang='grc' dir='ltr'><em>γ</em></span> <span class='ocrx_word' id='word_1_228' title='bbox 603 3912 634 3966; x_wconf 90' lang='lat' dir='ltr'><strong>in</strong></span> <span class='ocrx_word' id='word_1_229' title='bbox 652 3931 670 3969; x_wconf 79' lang='grc' dir='ltr'><strong><em>κ</em></strong></span> <span class='ocrx_word' id='word_1_230' title='bbox 688 3913 777 3969; x_wconf 80' lang='lat' dir='ltr'><strong>facilis</strong></span> <span class='ocrx_word' id='word_1_231' title='bbox 794 3914 920 3969; x_wconf 89' lang='lat' dir='ltr'><strong>mutatio.</strong></span> <span class='ocrx_word' id='word_1_232' title='bbox 931 3914 967 3969; x_wconf 89' lang='lat' dir='ltr'><strong>Ni</strong></span> <span class='ocrx_word' id='word_1_233' title='bbox 985 3915 1068 3971; x_wconf 79' lang='lat' dir='ltr'><strong>fallor</strong></span> <span class='ocrx_word' id='word_1_234' title='bbox 1085 3916 1183 3989; x_wconf 79' lang='lat' dir='ltr'><strong>igittu,</strong></span> <span class='ocrx_word' id='word_1_235' title='bbox 1202 3917 1249 3973; x_wconf 86' lang='lat' dir='ltr'><strong>hic</strong></span> 
     </span>
     <span class='ocr_line' id='line_1_28' title="bbox 200 4006 1249 4081; baseline 0.005 -21"><span class='ocrx_word' id='word_1_236' title='bbox 200 4025 332 4062; x_wconf 89' lang='lat' dir='ltr'><strong>nummus</strong></span> <span class='ocrx_word' id='word_1_237' title='bbox 353 4006 389 4062; x_wconf 89' lang='lat' dir='ltr'><strong>ad</strong></span> <span class='ocrx_word' id='word_1_238' title='bbox 412 4006 528 4063; x_wconf 81' lang='lat' dir='ltr'><strong>Caesaris</strong></span> <span class='ocrx_word' id='word_1_239' title='bbox 553 4007 752 4081; x_wconf 77' lang='lat' dir='ltr'><strong>Orgetorigem</strong></span> <span class='ocrx_word' id='word_1_240' title='bbox 770 4017 863 4080; x_wconf 87' lang='lat' dir='ltr'><strong>potest</strong></span> <span class='ocrx_word' id='word_1_241' title='bbox 887 4007 994 4064; x_wconf 80' lang='lat' dir='ltr'><strong>referri.</strong></span> <span class='ocrx_word' id='word_1_242' title='bbox 1014 4009 1060 4064; x_wconf 86' lang='lat' dir='ltr'><strong>Sic</strong></span> <span class='ocrx_word' id='word_1_243' title='bbox 1080 4008 1110 4062; x_wconf 91' lang='lat' dir='ltr'><strong>in</strong></span> <span class='ocrx_word' id='word_1_244' title='bbox 1127 4009 1249 4065; x_wconf 77' lang='lat' dir='ltr'><strong>nmnmis</strong></span> 
     </span>
    </p>
   </div>
   <div class='ocr_carea' id='block_1_7' title="bbox 0 0 1514 4768">
    <p class='ocr_par' dir='ltr' id='par_1_8' title="bbox 0 0 1514 4768">
     <span class='ocr_line' id='line_1_29' title="bbox 0 0 1514 4768; baseline 0 0"><span class='ocrx_word' id='word_1_245' title='bbox 0 0 1514 4768; x_wconf 95' lang='lat' dir='ltr'><strong> </strong></span> 
     </span>
    </p>
   </div>
  </div>
 </body>
</html>
