3026 4768
263 401 317 441 raa
417 386 448 442 C.
470 384 567 441 sunit
588 385 752 443 GAESARE
774 385 1139 443 commurmonunt

260 509 335 581 lata.
360 510 446 580 Huic
467 535 601 605 quoque
621 511 760 596 accidit,
784 511 875 606 quod
898 512 963 581 tuit
984 535 1137 601 neccsse,
1159 527 1196 581 ut
1220 539 1304 585 non·

261 628 343 699 nulli
361 629 500 718 milites,
514 634 572 725 qui
588 628 780 727 lignationis
798 633 1063 726 munitionisque
1079 658 1178 702 causa
1198 636 1232 704 in
1248 633 1303 704 sil-

260 775 316 820 vas
335 747 576 838 discessissent,
597 755 772 846 repentino
787 754 938 847 equitum
958 753 1104 822 adventu
1126 757 1303 850 intercipe-

260 883 387 941 rentur.
404 871 464 940 nis
480 872 733 960 circumventis,
749 898 869 970 magna
888 897 990 942 manu
1008 875 1198 964 Eburones,
1217 877 1303 944 Ner·

260 989 322 1076 vii,
344 989 526 1080 Aduatuci,
548 1008 649 1086 atque
669 993 790 1064 horum
812 995 963 1063 omnium
986 995 1066 1062 socii
1091 1009 1125 1063 et
1148 992 1299 1079 clientes,

261 1106 427 1204 legionem
443 1137 638 1208 oppugnare
654 1115 844 1210 incipiunt:
863 1116 969 1209 nostri
984 1112 1136 1183 celeriter
1151 1113 1194 1182 ad
1210 1139 1303 1183 arma

260 1247 480 1322 concurrunt,
498 1232 622 1303 vallum
638 1235 875 1305 conscendunt.
896 1237 993 1330 AEgre
1011 1234 1121 1303 isdies
1138 1247 1303 1302 sustenta·
1370 1322 1372 1328 Ι

179 1371 194 1448 γ’
262 1368 332 1439 tur,
354 1351 446 1446 quod
466 1379 600 1424 omnem
624 1379 716 1450 spem
734 1357 846 1425 hostes
872 1357 906 1424 in
927 1353 1096 1425 celeritate
1118 1356 1303 1449 ponebant,

260 1487 361 1565 atque
378 1473 465 1542 banc
484 1474 595 1568 adepti
612 1477 800 1564 victoriam,
821 1477 856 1542 in
875 1488 1073 1569 perpetuum
1091 1499 1126 1544 se
1143 1475 1215 1543 fore
1235 1475 1302 1543 vic-

259 1605 349 1660 tores
366 1593 587 1664 confidebant.

309 1699 381 1782 XL.
407 1716 594 1784 Mittuntur
606 1715 647 1786 ed
664 1721 827 1788 Caesarem
842 1716 1017 1786 confestim
1033 1741 1052 1785 a
1067 1717 1229 1786 Cicerone
1250 1715 1304 1786 lit·

260 1847 354 1921 terae,
376 1837 506 1929 magnis
523 1837 701 1930 propositis
716 1838 875 1932 praemiis,
893 1839 921 1906 si
936 1835 1159 1931 pertulissent.
1178 1837 1301 1906 Obses-

261 1954 304 2022 sis
318 1954 475 2023 omnibus
489 1956 566 2045 viis,
587 1958 676 2026 missi
697 1957 965 2051 intercipiuntur.
985 1958 1096 2026 Noctu
1115 1981 1210 2030 enea
1233 1981 1300 2024 ma·

260 2076 363 2162 teria,
390 2099 490 2167 quam
516 2075 712 2144 munitionis
735 2091 834 2145 cause
858 2088 1169 2169 comportaverant,
1196 2089 1304 2143 turres

260 2192 442 2263 admodum
468 2218 537 2265 cxx
562 2197 749 2268 excitantur
775 2193 964 2263 incredibili
994 2193 1161 2262 celeritate
1194 2220 1203 2264 ε
1231 2219 1304 2288 quac

261 2312 373 2383 deesse
400 2315 495 2408 operi
519 2313 735 2402 videbantur,
764 2315 993 2408 perficiuntur.
1022 2317 1142 2383 Hostes
1168 2327 1303 2408 postero

262 2431 335 2520 die,
354 2430 462 2502 multo
479 2435 660 2528 majoribus
679 2435 784 2528 copiis
802 2435 940 2518 coactis,
960 2447 1067 2502 castra
1085 2448 1303 2529 oppugnant,

261 2553 383 2624 fossam
400 2551 577 2648 complent.
594 2554 647 2624 Ab
665 2555 786 2623 nostris
802 2553 917 2622 eadem
934 2555 1077 2642 ratione,
1095 2573 1162 2647 qua
1177 2553 1303 2648 pridie,

260 2675 434 2745 resistitur.
455 2679 528 2743 Hoc
551 2674 639 2743 idem
664 2673 819 2768 deinceps
842 2673 978 2767 reliquis
1001 2673 1039 2740 fit
1055 2672 1180 2741 diebus.
1201 2671 1303 2742 Nulla

261 2819 337 2886 pars
357 2797 514 2866 nocturni
535 2795 694 2888 temporis
713 2793 756 2868 ad
777 2791 923 2870 laborem
950 2794 1182 2862 intermittitur
1203 2817 1211 2860 τ
1234 2817 1303 2860 non

260 2915 370 3006 aegris,
388 2939 456 2983 non
472 2914 656 2984 vulneratis
668 2913 807 2983 facultas
823 2915 944 3007 quietis
957 2913 1057 2982 datur
1071 2939 1079 2980 ε
1094 2937 1303 3007 quaecunque

261 3031 303 3100 ad
321 3034 466 3125 proximi
486 3034 552 3104 diei
572 3037 854 3129 oppugnationem
871 3059 955 3128 opus
974 3049 1072 3119 sunt,
1092 3049 1194 3104 noctu
1211 3022 1302 3102 com-

261 3165 438 3245 parantum
454 3153 567 3224 multae
583 3167 731 3248 praeustae
747 3154 862 3239 sudes,
873 3179 1014 3247 magnus
1028 3152 1205 3222 muralium
1219 3152 1304 3246 pilo·

261 3297 336 3340 rum
359 3294 519 3342 numerus
537 3275 743 3359 instituitur3
764 3287 872 3342 turres
895 3271 1171 3358 contabulantur3
1192 3275 1303 3367 pinnae

260 3391 435 3486 loricaeque
462 3418 503 3461 ex
528 3393 673 3461 cratibus
699 3407 901 3466 attexuntur.
933 3395 1010 3486 Ipse
1034 3393 1172 3480 Cicero,
1196 3417 1301 3486 quum

260 3515 453 3583 tenuissima
471 3511 660 3583 valetudine
680 3527 780 3600 esset,
797 3539 847 3606 ne¹
860 3528 1061 3583 nocturnum
1085 3513 1219 3606 quidem
1240 3513 1302 3581 sibi

261 3649 390 3728 tempus
410 3633 453 3703 ad
472 3636 618 3728 quietem
639 3632 862 3726 relinquebat,
884 3649 923 3702 ut
943 3633 1032 3702 ultro
1055 3631 1199 3702 militum
1221 3657 1302 3702 con-

260 3779 358 3823 cursu
377 3779 416 3824 ac
432 3755 569 3823 vocibus
587 3753 650 3822 sibi
669 3775 804 3846 parcere
823 3766 1008 3846 cogeretur.

308 3877 395 3943 XLI.
422 3877 517 3944 Tunc
542 3874 641 3944 duces
664 3874 898 3971 principesque
918 3873 1138 3959 Nerviorum,
1160 3873 1218 3966 qui
1243 3871 1302 3940 ali·

261 4020 359 4088 quem
384 3997 545 4065 sermonis
562 3995 689 4066 aditum
713 4017 912 4088 causamque
935 3995 1087 4064 amicitiae
1107 4017 1184 4062 cum
1209 3993 1304 4063 Cice·
