3020 4768
292 331 326 388 18
437 331 468 385 C.
488 331 585 384 JULll
605 329 773 384 CAESARIS
795 329 1160 386 COMMENTARIORUM

290 469 343 524 tus
360 456 430 549 ejus
448 451 649 544 consiliaque
669 452 837 538 tardabat,
863 467 973 520 tamen
994 453 1147 522 omnibus
1164 455 1264 522 rebus
1281 453 1314 522 in

290 598 329 642 eo
349 570 623 668 perseverandum
644 571 795 663 putabat.
816 573 931 664 Itaque
961 572 1138 641 Caninium
1158 571 1314 640 Rebilum

290 691 445 784 legatum,
463 689 657 758 familiarem
678 691 964 782 necessariumque
983 691 1145 759 Scribonii
1161 692 1315 780 Libonis,

290 813 391 881 mittit
413 809 455 880 ud
474 831 550 877 eum
569 807 724 901 colloquii
743 833 841 877 causa
855 834 863 876 ε
878 808 1033 895 mandat,
1048 811 1254 879 utLibonem
1275 811 1316 880 de

290 928 494 1000 concilianda
513 951 593 1021 pace
607 929 776 1014 hortetur3
795 931 827 996 in
839 929 973 1023 primis,
996 943 1033 996 ut
1050 931 1119 1022 ipsc
1131 955 1206 1000 cum
1221 935 1316 1000 Pom·

290 1052 365 1144 peio
376 1047 636 1140 colloqueretur,
650 1047 803 1140 postulat.
823 1049 1056 1141 «Magnopere
1070 1071 1140 1116 sese
1151 1049 1316 1120 confidere

291 1169 512 1254 demonstrat,
533 1169 559 1235 si
569 1169 639 1261 ejus
660 1169 707 1234 rei
720 1169 763 1234 sit
781 1179 923 1260 potestas
938 1165 1042 1253 fecta,
1057 1166 1142 1249 fore,
1159 1182 1196 1236 ut
1215 1172 1316 1261 aequis

291 1286 536 1356 conditionibus
565 1287 606 1354 ab
626 1287 724 1354 armis
744 1285 949 1371 discedatur;
967 1287 1061 1378 cujus
1087 1288 1136 1360 rei
1162 1311 1316 1381 magnam

291 1422 418 1500 partem
435 1404 540 1474 laudis
557 1418 655 1498 atque
671 1405 920 1473 existimationis
939 1403 981 1472 ad
1002 1405 1161 1473 Libonem
1180 1430 1318 1498 pervcn-

293 1541 421 1612 turam,
435 1525 480 1605 si,
498 1522 555 1592 illo
580 1538 712 1592 auctore
736 1537 834 1615 etque
858 1537 989 1615 agente,
1010 1522 1050 1590 ab
1071 1525 1170 1593 armis
1192 1527 1235 1594 sit
1249 1525 1317 1596 dis·

291 1669 455 1714 cessum.»
475 1644 578 1729 Libo,
598 1668 616 1712 a
639 1641 805 1734 colloquio
820 1643 951 1710 Caninii
968 1641 1148 1736 digressus,
1164 1643 1206 1712 ad
1219 1647 1318 1714 Pom·

290 1767 402 1859 poium
427 1763 656 1859 proficiscitur.
678 1760 781 1831 Paulo
802 1775 875 1855 post
893 1764 1077 1849 renuntiat,
1100 1763 1218 1855 «quod
1237 1789 1318 1833 coo-

292 1882 377 1951 sules
393 1883 519 1968 absint,
540 1884 609 1950 siue
629 1879 693 1948 illis
711 1880 753 1948 de
772 1881 1009 1972 compositione
1026 1882 1080 1975 agi
1097 1907 1164 1950 non
1181 1906 1285 1975 posse.
1302 1914 1319 1948 o

292 2006 343 2069 Ita
359 2002 475 2095 saepius
491 2023 560 2067 rem
578 1999 699 2068 frustra
718 2013 875 2066 tentatam
891 2001 1001 2068 Caesar
1017 1998 1193 2092 aliquando
1210 2000 1320 2072 dimit-

292 2120 426 2188 tendam
439 2120 500 2187 sibi
515 2119 661 2211 judicat,
676 2131 709 2184 et
726 2117 767 2185 de
784 2115 870 2185 bello
882 2117 1055 2211 agendum.

340 2238 480 2306 XXVII.
495 2241 601 2331 Prope
619 2236 755 2305 dimidia
773 2249 867 2330 parte
880 2239 989 2329 operis
1005 2263 1024 2304 a
1041 2243 1168 2308 Caesare
1184 2241 1316 2329 ellectu,

293 2358 471 2449 diebusque
492 2358 526 2424 in
542 2380 580 2424 ea
598 2381 634 2424 re
654 2357 856 2450 consumptis
874 2379 929 2442 1x,
949 2381 1063 2444 naves,
1086 2383 1106 2426 a
1129 2360 1319 2431 consulibus

293 2477 476 2567 Dyrrachio
500 2477 657 2562 remissae,
679 2499 752 2567 quae
778 2449 923 2568 priorem
942 2491 1067 2569 partem
1093 2482 1253 2548 exercitus
1279 2505 1319 2550 eo

293 2596 563 2688 deportaverant,
579 2594 792 2662 Brundisium
809 2608 1030 2664 revertuntur.
1041 2600 1236 2692 Pompeius,
1251 2602 1319 2670 sive

293 2714 445 2808 operibus
468 2714 607 2782 Caesaris
624 2725 811 2808 permotus,
833 2716 902 2782 sive
923 2715 1023 2784 etiam
1048 2716 1138 2808 quod
1163 2717 1205 2785 ab
1224 2720 1318 2787 initio

293 2833 386 2903 Italia
400 2832 556 2902 excedere
575 2832 803 2914 constituerat,
822 2831 966 2902 adventu
988 2836 1122 2903 navium
1138 2834 1318 2928 profectio-

294 2977 368 3020 nem
391 2977 506 3044 parare
526 2951 657 3045 incipit3
677 2965 729 3036 et,
752 2975 820 3041 quo
848 2947 975 3018 facilius
1002 2954 1159 3046 impetum
1181 2956 1319 3024 Caesaris

295 3069 457 3157 tardaret,
484 3093 527 3138 ne
550 3069 612 3138 sub
629 3071 699 3161 ipsa
724 3069 927 3163 profectione
946 3067 1064 3139 milites
1089 3074 1248 3168 oppidum
1275 3076 1319 3142 ir·

294 3203 498 3280 rumperent,
517 3203 629 3281 portas
644 3188 802 3275 obstruit,
818 3190 905 3256 vicos
923 3186 1112 3281 plateasque
1131 3193 1319 3280 inedificat,

294 3305 395 3374 fossas
421 3319 620 3376 transversas
641 3307 702 3375 viis
723 3306 898 3399 praeducit,
915 3323 1013 3399 atque
1036 3307 1081 3376 ibi
1104 3309 1200 3379 sudes
1224 3315 1319 3404 stipi·

294 3439 409 3517 terque
428 3439 610 3516 praeacutos
625 3425 748 3518 deligit.
769 3429 847 3494 Haec
867 3424 992 3496 levibus
1008 3427 1153 3496 cratibus
1168 3442 1320 3521 terraque

296 3545 437 3635 inaequat
458 3567 466 3610 τ
488 3542 596 3610 aditus
619 3545 728 3611 autem
752 3557 851 3634 atque
873 3545 991 3613 itinera
1020 3544 1105 3632 duo,
1125 3571 1198 3638 quae
1228 3562 1319 3618 extra

295 3684 426 3730 murum
442 3661 484 3730 ad
503 3675 636 3755 portum
655 3659 817 3744 ferebant,
838 3663 987 3730 maximis
1013 3663 1124 3732 defixis
1154 3665 1318 3754 trabibus,

294 3792 391 3870 atque
409 3783 454 3848 eis
470 3779 657 3873 praeacutis,
672 3778 832 3872 praesepit.
850 3779 910 3847 His
931 3782 1051 3872 paratis
1068 3783 1183 3872 rebus,
1200 3785 1319 3858 milites

295 3894 425 3964 silentio
449 3921 546 3966 naves
569 3895 788 3966 conscendere
812 3897 919 3988 jubet3
945 3900 1114 3994 expeditos
1143 3920 1253 3975 autem
1279 3929 1318 3974 ex
