<?xml version="1.0" encoding="UTF-8"?>
<!DOCTYPE html PUBLIC "-//W3C//DTD XHTML 1.0 Transitional//EN"
    "http://www.w3.org/TR/xhtml1/DTD/xhtml1-transitional.dtd">
<html xmlns="http://www.w3.org/1999/xhtml" xml:lang="en" lang="en">
 <head>
  <title>
</title>
<meta http-equiv="Content-Type" content="text/html;charset=utf-8" />
  <meta name='ocr-system' content='tesseract 3.04.00' />
  <meta name='ocr-capabilities' content='ocr_page ocr_carea ocr_par ocr_line ocrx_word'/>
</head>
<body>
  <div class='ocr_page' id='page_1' title='image "./cjcaesarisopera00caesgoog_0030.png"; bbox 0 0 3048 4770; ppageno 0'>
   <div class='ocr_carea' id='block_1_1' title="bbox 258 354 1131 420">
    <p class='ocr_par' dir='ltr' id='par_1_1' title="bbox 258 354 1131 420">
     <span class='ocr_line' id='line_1_1' title="bbox 258 354 1131 420; baseline 0.002 -8"><span class='ocrx_word' id='word_1_1' title='bbox 258 369 276 420; x_wconf 86' lang='lat'>8</span> <span class='ocrx_word' id='word_1_2' title='bbox 413 358 442 412; x_wconf 91' lang='lat' dir='ltr'><strong>C.</strong></span> <span class='ocrx_word' id='word_1_3' title='bbox 467 357 563 412; x_wconf 83' lang='lat' dir='ltr'><strong>JULlI</strong></span> <span class='ocrx_word' id='word_1_4' title='bbox 584 354 746 414; x_wconf 76' lang='lat' dir='ltr'><strong>cAEsams</strong></span> <span class='ocrx_word' id='word_1_5' title='bbox 768 354 1131 414; x_wconf 77' lang='lat' dir='ltr'><strong>COMMENTARIORUM</strong></span> 
     </span>
    </p>
   </div>
   <div class='ocr_carea' id='block_1_2' title="bbox 253 480 1301 3556">
    <p class='ocr_par' dir='ltr' id='par_1_2' title="bbox 253 480 1288 935">
     <span class='ocr_line' id='line_1_2' title="bbox 255 480 1286 576; baseline 0.001 -28"><span class='ocrx_word' id='word_1_6' title='bbox 255 481 333 567; x_wconf 82' lang='lat' dir='ltr'><strong>sibi,</strong></span> <span class='ocrx_word' id='word_1_7' title='bbox 350 497 469 574; x_wconf 87' lang='lat' dir='ltr'><strong>praeter</strong></span> <span class='ocrx_word' id='word_1_8' title='bbox 486 485 557 575; x_wconf 87' lang='lat' dir='ltr'><strong>agri</strong></span> <span class='ocrx_word' id='word_1_9' title='bbox 573 480 695 569; x_wconf 89' lang='lat' dir='ltr'><strong>solum,</strong></span> <span class='ocrx_word' id='word_1_10' title='bbox 714 483 798 551; x_wconf 84' lang='lat' dir='ltr'>nihil</span> <span class='ocrx_word' id='word_1_11' title='bbox 815 508 885 552; x_wconf 85' lang='lat' dir='ltr'><strong>esse</strong></span> <span class='ocrx_word' id='word_1_12' title='bbox 901 481 1029 576; x_wconf 85' lang='lat' dir='ltr'>reliqui.</span> <span class='ocrx_word' id='word_1_13' title='bbox 1045 485 1175 572; x_wconf 89' lang='lat' dir='ltr'><strong>Quibus</strong></span> <span class='ocrx_word' id='word_1_14' title='bbox 1191 481 1286 554; x_wconf 82' lang='lat' dir='ltr'><strong>rebus</strong></span> 
     </span>
     <span class='ocr_line' id='line_1_3' title="bbox 256 600 1288 695; baseline 0.002 -27"><span class='ocrx_word' id='word_1_15' title='bbox 256 600 418 669; x_wconf 88' lang='lat' dir='ltr'><strong>adductus</strong></span> <span class='ocrx_word' id='word_1_16' title='bbox 434 603 559 689; x_wconf 79' lang='lat' dir='ltr'><strong>Caesar,</strong></span> <span class='ocrx_word' id='word_1_17' title='bbox 581 626 648 670; x_wconf 92' lang='lat' dir='ltr'><strong>non</strong></span> <span class='ocrx_word' id='word_1_18' title='bbox 670 603 929 695; x_wconf 81' lang='lat' dir='ltr'><strong>exspectandum</strong></span> <span class='ocrx_word' id='word_1_19' title='bbox 948 603 1011 670; x_wconf 94' lang='lat' dir='ltr'><strong>sibi</strong></span> <span class='ocrx_word' id='word_1_20' title='bbox 1032 605 1165 690; x_wconf 80' lang='lat' dir='ltr'><strong>statuit,</strong></span> <span class='ocrx_word' id='word_1_21' title='bbox 1189 603 1288 689; x_wconf 91' lang='lat' dir='ltr'><strong>dum,</strong></span> 
     </span>
     <span class='ocr_line' id='line_1_4' title="bbox 253 721 1288 816; baseline 0.003 -29"><span class='ocrx_word' id='word_1_22' title='bbox 253 721 409 788; x_wconf 89' lang='lat' dir='ltr'><strong>omnibus</strong></span> <span class='ocrx_word' id='word_1_23' title='bbox 438 721 581 790; x_wconf 86' lang='lat' dir='ltr'><strong>fortunis</strong></span> <span class='ocrx_word' id='word_1_24' title='bbox 611 722 776 791; x_wconf 85' lang='lat' dir='ltr'><strong>sociorum</strong></span> <span class='ocrx_word' id='word_1_25' title='bbox 807 725 1029 816; x_wconf 83' lang='lat' dir='ltr'>consumptis,</span> <span class='ocrx_word' id='word_1_26' title='bbox 1062 724 1096 788; x_wconf 91' lang='lat' dir='ltr'><strong>in</strong></span> <span class='ocrx_word' id='word_1_27' title='bbox 1131 725 1288 791; x_wconf 74' lang='lat' dir='ltr'><strong>Santones</strong></span> 
     </span>
     <span class='ocr_line' id='line_1_5' title="bbox 256 838 638 935; baseline 0.003 -26"><span class='ocrx_word' id='word_1_28' title='bbox 256 838 398 909; x_wconf 89' lang='lat' dir='ltr'><strong>Helvetii</strong></span> <span class='ocrx_word' id='word_1_29' title='bbox 418 844 638 935; x_wconf 87' lang='lat' dir='ltr'><strong>pervenirent.</strong></span> 
     </span>
    </p>

    <p class='ocr_par' dir='ltr' id='par_1_3' title="bbox 258 961 1301 3556">
     <span class='ocr_line' id='line_1_6' title="bbox 305 961 1293 1058; baseline 0.001 -29"><span class='ocrx_word' id='word_1_30' title='bbox 305 964 379 1030; x_wconf 81' lang='lat' dir='ltr'>XII.</span> <span class='ocrx_word' id='word_1_31' title='bbox 398 961 537 1031; x_wconf 88' lang='lat' dir='ltr'><strong>Flumen</strong></span> <span class='ocrx_word' id='word_1_32' title='bbox 552 978 603 1032; x_wconf 92' lang='lat' dir='ltr'><strong>est</strong></span> <span class='ocrx_word' id='word_1_33' title='bbox 616 967 713 1049; x_wconf 83' lang='lat' dir='ltr'><strong>Arar,</strong></span> <span class='ocrx_word' id='word_1_34' title='bbox 726 963 816 1057; x_wconf 91' lang='lat' dir='ltr'><strong>quod</strong></span> <span class='ocrx_word' id='word_1_35' title='bbox 828 989 887 1058; x_wconf 86' lang='lat' dir='ltr'><strong>per</strong></span> <span class='ocrx_word' id='word_1_36' title='bbox 903 964 985 1032; x_wconf 85' lang='lat' dir='ltr'><strong>fines</strong></span> <span class='ocrx_word' id='word_1_37' title='bbox 999 961 1182 1032; x_wconf 82' lang='lat' dir='ltr'><strong>AEduorum</strong></span> <span class='ocrx_word' id='word_1_38' title='bbox 1195 978 1228 1030; x_wconf 89' lang='lat' dir='ltr'><strong>et</strong></span> <span class='ocrx_word' id='word_1_39' title='bbox 1241 967 1293 1030; x_wconf 89' lang='lat' dir='ltr'><strong>Se·</strong></span> 
     </span>
     <span class='ocr_line' id='line_1_7' title="bbox 258 1079 1292 1173; baseline -0.001 -25"><span class='ocrx_word' id='word_1_40' title='bbox 258 1105 444 1173; x_wconf 89' lang='lat' dir='ltr'><strong>quanorum</strong></span> <span class='ocrx_word' id='word_1_41' title='bbox 467 1083 501 1150; x_wconf 90' lang='lat' dir='ltr'><strong>in</strong></span> <span class='ocrx_word' id='word_1_42' title='bbox 518 1081 719 1152; x_wconf 79' lang='lat' dir='ltr'><strong>Rhodanum</strong></span> <span class='ocrx_word' id='word_1_43' title='bbox 740 1083 851 1152; x_wconf 87' lang='lat' dir='ltr'><strong>influit</strong></span> <span class='ocrx_word' id='word_1_44' title='bbox 868 1080 1054 1152; x_wconf 77' lang='lat' dir='ltr'><strong>incredibili</strong></span> <span class='ocrx_word' id='word_1_45' title='bbox 1071 1079 1225 1166; x_wconf 85' lang='lat' dir='ltr'><strong>lenitate,</strong></span> <span class='ocrx_word' id='word_1_46' title='bbox 1248 1083 1292 1148; x_wconf 86' lang='lat' dir='ltr'><strong>ita</strong></span> 
     </span>
     <span class='ocr_line' id='line_1_8' title="bbox 261 1199 1291 1296; baseline -0.003 -28"><span class='ocrx_word' id='word_1_47' title='bbox 261 1216 296 1270; x_wconf 93' lang='lat' dir='ltr'><strong>ut</strong></span> <span class='ocrx_word' id='word_1_48' title='bbox 313 1200 431 1288; x_wconf 86' lang='lat' dir='ltr'><strong>oculis,</strong></span> <span class='ocrx_word' id='word_1_49' title='bbox 450 1205 484 1270; x_wconf 92' lang='lat' dir='ltr'><strong>in</strong></span> <span class='ocrx_word' id='word_1_50' title='bbox 503 1217 613 1271; x_wconf 87' lang='lat' dir='ltr'><strong>utram</strong></span> <span class='ocrx_word' id='word_1_51' title='bbox 628 1213 758 1296; x_wconf 85' lang='lat' dir='ltr'><strong>partem</strong></span> <span class='ocrx_word' id='word_1_52' title='bbox 775 1203 871 1291; x_wconf 87' lang='lat' dir='ltr'><strong>lluat,</strong></span> <span class='ocrx_word' id='word_1_53' title='bbox 885 1201 1026 1296; x_wconf 83' lang='lat' dir='ltr'><strong>judicari</strong></span> <span class='ocrx_word' id='word_1_54' title='bbox 1040 1225 1107 1268; x_wconf 89' lang='lat' dir='ltr'><strong>non</strong></span> <span class='ocrx_word' id='word_1_55' title='bbox 1125 1199 1235 1292; x_wconf 86' lang='lat' dir='ltr'><strong>possit.</strong></span> <span class='ocrx_word' id='word_1_56' title='bbox 1253 1199 1291 1266; x_wconf 87' lang='lat' dir='ltr'><strong>Id</strong></span> 
     </span>
     <span class='ocr_line' id='line_1_9' title="bbox 260 1317 1293 1415; baseline -0.002 -29"><span class='ocrx_word' id='word_1_57' title='bbox 260 1317 401 1388; x_wconf 85' lang='lat' dir='ltr'><strong>Helvetii</strong></span> <span class='ocrx_word' id='word_1_58' title='bbox 421 1319 547 1388; x_wconf 86' lang='lat' dir='ltr'><strong>ratibus</strong></span> <span class='ocrx_word' id='word_1_59' title='bbox 565 1345 611 1391; x_wconf 72' lang='lat' dir='ltr'><strong>ac&#39;</strong></span> <span class='ocrx_word' id='word_1_60' title='bbox 624 1318 779 1390; x_wconf 81' lang='lat' dir='ltr'><strong>lintribus</strong></span> <span class='ocrx_word' id='word_1_61' title='bbox 791 1321 915 1415; x_wconf 87' lang='lat' dir='ltr'><strong>junctis</strong></span> <span class='ocrx_word' id='word_1_62' title='bbox 936 1319 1129 1389; x_wconf 79' lang='lat' dir='ltr'><strong>transibant.</strong></span> <span class='ocrx_word' id='word_1_63' title='bbox 1151 1318 1218 1388; x_wconf 90' lang='lat' dir='ltr'><strong>Ubi</strong></span> <span class='ocrx_word' id='word_1_64' title='bbox 1233 1343 1293 1410; x_wconf 88' lang='lat' dir='ltr'><strong>per</strong></span> 
     </span>
     <span class='ocr_line' id='line_1_10' title="bbox 260 1436 1292 1532; baseline -0.003 -27"><span class='ocrx_word' id='word_1_65' title='bbox 260 1436 485 1529; x_wconf 84' lang='lat' dir='ltr'><strong>exploratores</strong></span> <span class='ocrx_word' id='word_1_66' title='bbox 501 1441 610 1508; x_wconf 71' lang='lat' dir='ltr'><strong>Cesar</strong></span> <span class='ocrx_word' id='word_1_67' title='bbox 621 1439 744 1508; x_wconf 84' lang='lat' dir='ltr'><strong>certior</strong></span> <span class='ocrx_word' id='word_1_68' title='bbox 756 1439 862 1508; x_wconf 86' lang='lat' dir='ltr'><strong>factus</strong></span> <span class='ocrx_word' id='word_1_69' title='bbox 878 1451 942 1524; x_wconf 87' lang='lat' dir='ltr'><strong>est,</strong></span> <span class='ocrx_word' id='word_1_70' title='bbox 961 1451 1027 1506; x_wconf 86' lang='lat' dir='ltr'><strong>tres</strong></span> <span class='ocrx_word' id='word_1_71' title='bbox 1036 1438 1107 1532; x_wconf 87' lang='lat' dir='ltr'><strong>jam</strong></span> <span class='ocrx_word' id='word_1_72' title='bbox 1121 1436 1292 1529; x_wconf 84' lang='lat' dir='ltr'><strong>copiarum</strong></span> 
     </span>
     <span class='ocr_line' id='line_1_11' title="bbox 262 1553 1295 1650; baseline -0.003 -26"><span class='ocrx_word' id='word_1_73' title='bbox 262 1570 371 1650; x_wconf 87' lang='lat' dir='ltr'><strong>partes</strong></span> <span class='ocrx_word' id='word_1_74' title='bbox 398 1553 565 1624; x_wconf 87' lang='lat' dir='ltr'><strong>Helvetios</strong></span> <span class='ocrx_word' id='word_1_75' title='bbox 591 1556 625 1625; x_wconf 93' lang='lat' dir='ltr'><strong>id</strong></span> <span class='ocrx_word' id='word_1_76' title='bbox 652 1555 776 1625; x_wconf 87' lang='lat' dir='ltr'><strong>flumen</strong></span> <span class='ocrx_word' id='word_1_77' title='bbox 806 1556 1005 1642; x_wconf 77' lang='lat' dir='ltr'><strong>traduxisse,</strong></span> <span class='ocrx_word' id='word_1_78' title='bbox 1037 1569 1190 1650; x_wconf 82' lang='lat' dir='ltr'><strong>quartam</strong></span> <span class='ocrx_word' id='word_1_79' title='bbox 1215 1578 1295 1621; x_wconf 85' lang='lat' dir='ltr'><strong>vero</strong></span> 
     </span>
     <span class='ocr_line' id='line_1_12' title="bbox 263 1673 1294 1769; baseline -0.002 -28"><span class='ocrx_word' id='word_1_80' title='bbox 263 1689 390 1768; x_wconf 88' lang='lat' dir='ltr'><strong>partem</strong></span> <span class='ocrx_word' id='word_1_81' title='bbox 415 1676 500 1744; x_wconf 86' lang='lat' dir='ltr'><strong>circa</strong></span> <span class='ocrx_word' id='word_1_82' title='bbox 525 1676 649 1745; x_wconf 84' lang='lat' dir='ltr'><strong>flumen</strong></span> <span class='ocrx_word' id='word_1_83' title='bbox 675 1676 808 1745; x_wconf 76' lang='lat' dir='ltr'><strong>Ararim</strong></span> <span class='ocrx_word' id='word_1_84' title='bbox 834 1673 996 1769; x_wconf 88' lang='lat' dir='ltr'><strong>reliquam</strong></span> <span class='ocrx_word' id='word_1_85' title='bbox 1021 1700 1111 1762; x_wconf 86' lang='lat' dir='ltr'><strong>esse;¹</strong></span> <span class='ocrx_word' id='word_1_86' title='bbox 1128 1674 1170 1744; x_wconf 90' lang='lat' dir='ltr'><strong>de</strong></span> <span class='ocrx_word' id='word_1_87' title='bbox 1197 1674 1294 1741; x_wconf 87' lang='lat' dir='ltr'><strong>tertia</strong></span> 
     </span>
     <span class='ocr_line' id='line_1_13' title="bbox 262 1791 1293 1889; baseline -0.001 -30"><span class='ocrx_word' id='word_1_88' title='bbox 262 1792 373 1888; x_wconf 86' lang='lat' dir='ltr'><strong>vigilia</strong></span> <span class='ocrx_word' id='word_1_89' title='bbox 406 1819 495 1862; x_wconf 49' lang='lat' dir='ltr'><strong>cum¹</strong></span> <span class='ocrx_word' id='word_1_90' title='bbox 509 1793 692 1889; x_wconf 83' lang='lat' dir='ltr'><strong>legionibus</strong></span> <span class='ocrx_word' id='word_1_91' title='bbox 717 1796 823 1864; x_wconf 89' lang='lat' dir='ltr'><strong>tribus</strong></span> <span class='ocrx_word' id='word_1_92' title='bbox 847 1821 866 1864; x_wconf 88' lang='lat' dir='ltr'><strong>e</strong></span> <span class='ocrx_word' id='word_1_93' title='bbox 893 1797 1008 1864; x_wconf 88' lang='lat' dir='ltr'><strong>castris</strong></span> <span class='ocrx_word' id='word_1_94' title='bbox 1035 1793 1230 1888; x_wconf 79' lang='lat' dir='ltr'><strong>proiectus,</strong></span> <span class='ocrx_word' id='word_1_95' title='bbox 1252 1791 1293 1859; x_wconf 87' lang='lat' dir='ltr'><strong>ad</strong></span> 
     </span>
     <span class='ocr_line' id='line_1_14' title="bbox 262 1912 1295 2007; baseline -0.002 -27"><span class='ocrx_word' id='word_1_96' title='bbox 262 1938 335 1980; x_wconf 84' lang='lat' dir='ltr'><strong>eam</strong></span> <span class='ocrx_word' id='word_1_97' title='bbox 359 1928 488 2006; x_wconf 89' lang='lat' dir='ltr'><strong>partem</strong></span> <span class='ocrx_word' id='word_1_98' title='bbox 505 1916 676 2007; x_wconf 84' lang='lat' dir='ltr'><strong>pervenit,</strong></span> <span class='ocrx_word' id='word_1_99' title='bbox 694 1940 768 2007; x_wconf 83' lang='lat' dir='ltr'><strong>quae</strong></span> <span class='ocrx_word' id='word_1_100' title='bbox 792 1912 940 1984; x_wconf 86' lang='lat' dir='ltr'><strong>nondum</strong></span> <span class='ocrx_word' id='word_1_101' title='bbox 964 1915 1088 1996; x_wconf 88' lang='lat' dir='ltr'><strong>llumen</strong></span> <span class='ocrx_word' id='word_1_102' title='bbox 1109 1913 1295 1981; x_wconf 77' lang='lat' dir='ltr'><strong>transierat.¹</strong></span> 
     </span>
     <span class='ocr_line' id='line_1_15' title="bbox 263 2031 1294 2127; baseline -0.004 -27"><span class='ocrx_word' id='word_1_103' title='bbox 263 2035 331 2100; x_wconf 55' lang='lat' dir='ltr'><strong>Eos*</strong></span> <span class='ocrx_word' id='word_1_104' title='bbox 342 2031 519 2125; x_wconf 83' lang='lat' dir='ltr'><strong>impeditos</strong></span> <span class='ocrx_word' id='word_1_105' title='bbox 532 2048 565 2101; x_wconf 91' lang='lat' dir='ltr'><strong>et</strong></span> <span class='ocrx_word' id='word_1_106' title='bbox 581 2034 792 2126; x_wconf 86' lang='lat' dir='ltr'><strong>inopinantes</strong></span> <span class='ocrx_word' id='word_1_107' title='bbox 804 2057 992 2127; x_wconf 83' lang='lat' dir='ltr'><strong>aggressus,</strong></span> <span class='ocrx_word' id='word_1_108' title='bbox 1009 2055 1164 2123; x_wconf 85' lang='lat' dir='ltr'><strong>magnam</strong></span> <span class='ocrx_word' id='word_1_109' title='bbox 1178 2053 1294 2098; x_wconf 88' lang='lat' dir='ltr'><strong>eorum</strong></span> 
     </span>
     <span class='ocr_line' id='line_1_16' title="bbox 264 2149 1294 2246; baseline -0.002 -30"><span class='ocrx_word' id='word_1_110' title='bbox 264 2165 393 2242; x_wconf 87' lang='lat' dir='ltr'><strong>partem</strong></span> <span class='ocrx_word' id='word_1_111' title='bbox 405 2149 580 2219; x_wconf 81' lang='lat' dir='ltr'><strong>concidit:</strong></span> <span class='ocrx_word' id='word_1_112' title='bbox 595 2149 716 2244; x_wconf 84' lang='lat' dir='ltr'><strong>reliqui</strong></span> <span class='ocrx_word' id='word_1_113' title='bbox 731 2152 816 2246; x_wconf 71' lang='lat' dir='ltr'><strong>fugae</strong></span> <span class='ocrx_word' id='word_1_114' title='bbox 832 2175 901 2220; x_wconf 88' lang='lat' dir='ltr'><strong>sese</strong></span> <span class='ocrx_word' id='word_1_115' title='bbox 914 2149 1130 2236; x_wconf 86' lang='lat' dir='ltr'><strong>mandarunt,</strong></span> <span class='ocrx_word' id='word_1_116' title='bbox 1144 2163 1245 2241; x_wconf 83' lang='lat' dir='ltr'><strong>atque</strong></span> <span class='ocrx_word' id='word_1_117' title='bbox 1261 2150 1294 2214; x_wconf 91' lang='lat' dir='ltr'><strong>in</strong></span> 
     </span>
     <span class='ocr_line' id='line_1_17' title="bbox 264 2266 1297 2366; baseline -0.002 -29"><span class='ocrx_word' id='word_1_118' title='bbox 264 2271 431 2363; x_wconf 87' lang='lat' dir='ltr'><strong>proximas</strong></span> <span class='ocrx_word' id='word_1_119' title='bbox 456 2268 554 2340; x_wconf 76' lang='lat' dir='ltr'><strong>silvas</strong></span> <span class='ocrx_word' id='word_1_120' title='bbox 575 2270 785 2340; x_wconf 89' lang='lat' dir='ltr'><strong>abdiderunt.</strong></span> <span class='ocrx_word' id='word_1_121' title='bbox 804 2277 838 2342; x_wconf 76' lang='lat' dir='ltr'><strong>Is</strong></span> <span class='ocrx_word' id='word_1_122' title='bbox 861 2295 965 2366; x_wconf 87' lang='lat' dir='ltr'><strong>pagus</strong></span> <span class='ocrx_word' id='word_1_123' title='bbox 987 2266 1219 2364; x_wconf 84' lang='lat' dir='ltr'><strong>appellabatur</strong></span> <span class='ocrx_word' id='word_1_124' title='bbox 1242 2268 1297 2335; x_wconf 92' lang='lat' dir='ltr'><strong>Ti·</strong></span> 
     </span>
     <span class='ocr_line' id='line_1_18' title="bbox 264 2389 1296 2482; baseline -0.002 -26"><span class='ocrx_word' id='word_1_125' title='bbox 264 2390 402 2481; x_wconf 89' lang='lat' dir='ltr'><strong>gurinus</strong></span> <span class='ocrx_word' id='word_1_126' title='bbox 423 2414 432 2456; x_wconf 76' lang='grc' dir='ltr'><em>τ</em></span> <span class='ocrx_word' id='word_1_127' title='bbox 456 2414 533 2458; x_wconf 89' lang='lat' dir='ltr'><strong>nam</strong></span> <span class='ocrx_word' id='word_1_128' title='bbox 551 2391 659 2459; x_wconf 90' lang='lat' dir='ltr'><strong>omnis</strong></span> <span class='ocrx_word' id='word_1_129' title='bbox 678 2391 794 2460; x_wconf 87' lang='lat' dir='ltr'><strong>civitas</strong></span> <span class='ocrx_word' id='word_1_130' title='bbox 808 2389 960 2460; x_wconf 87' lang='lat' dir='ltr'><strong>Helvetia</strong></span> <span class='ocrx_word' id='word_1_131' title='bbox 980 2391 1015 2458; x_wconf 87' lang='lat' dir='ltr'><strong>in</strong></span> <span class='ocrx_word' id='word_1_132' title='bbox 1034 2402 1178 2482; x_wconf 88' lang='lat' dir='ltr'><strong>quatuor</strong></span> <span class='ocrx_word' id='word_1_133' title='bbox 1195 2411 1296 2480; x_wconf 84' lang='lat' dir='ltr'><strong>pagos</strong></span> 
     </span>
     <span class='ocr_line' id='line_1_19' title="bbox 265 2505 1297 2605; baseline -0.003 -29"><span class='ocrx_word' id='word_1_134' title='bbox 265 2505 370 2578; x_wconf 86' lang='lat' dir='ltr'><strong>divisa</strong></span> <span class='ocrx_word' id='word_1_135' title='bbox 385 2521 444 2580; x_wconf 83' lang='lat' dir='ltr'><strong>est.</strong></span> <span class='ocrx_word' id='word_1_136' title='bbox 461 2511 524 2580; x_wconf 85' lang='lat' dir='ltr'><strong>llic</strong></span> <span class='ocrx_word' id='word_1_137' title='bbox 539 2533 644 2604; x_wconf 88' lang='lat' dir='ltr'><strong>pagus</strong></span> <span class='ocrx_word' id='word_1_138' title='bbox 660 2535 770 2599; x_wconf 84' lang='lat' dir='ltr'><strong>unus,</strong></span> <span class='ocrx_word' id='word_1_139' title='bbox 779 2535 883 2605; x_wconf 90' lang='lat' dir='ltr'><strong>quum</strong></span> <span class='ocrx_word' id='word_1_140' title='bbox 896 2511 996 2579; x_wconf 87' lang='lat' dir='ltr'><strong>domo</strong></span> <span class='ocrx_word' id='word_1_141' title='bbox 1011 2510 1147 2595; x_wconf 85' lang='lat' dir='ltr'><strong>exisset,</strong></span> <span class='ocrx_word' id='word_1_142' title='bbox 1164 2521 1297 2600; x_wconf 83' lang='lat' dir='ltr'><strong>patrum</strong></span> 
     </span>
     <span class='ocr_line' id='line_1_20' title="bbox 266 2626 1298 2718; baseline -0.002 -22"><span class='ocrx_word' id='word_1_143' title='bbox 266 2643 453 2698; x_wconf 86' lang='lat' dir='ltr'><strong>nostrorum</strong></span> <span class='ocrx_word' id='word_1_144' title='bbox 474 2631 646 2718; x_wconf 86' lang='lat' dir='ltr'><strong>memoria,</strong></span> <span class='ocrx_word' id='word_1_145' title='bbox 666 2634 703 2700; x_wconf 93' lang='lat' dir='ltr'><strong>L.</strong></span> <span class='ocrx_word' id='word_1_146' title='bbox 722 2631 873 2700; x_wconf 89' lang='lat' dir='ltr'><strong>Cassium</strong></span> <span class='ocrx_word' id='word_1_147' title='bbox 890 2626 1063 2698; x_wconf 89' lang='lat' dir='ltr'><strong>consulem</strong></span> <span class='ocrx_word' id='word_1_148' title='bbox 1075 2627 1298 2709; x_wconf 84' lang='lat' dir='ltr'><strong>interfecerat,</strong></span> 
     </span>
     <span class='ocr_line' id='line_1_21' title="bbox 266 2748 1301 2841; baseline -0.002 -27"><span class='ocrx_word' id='word_1_149' title='bbox 266 2761 301 2814; x_wconf 92' lang='lat' dir='ltr'><strong>et</strong></span> <span class='ocrx_word' id='word_1_150' title='bbox 315 2748 386 2840; x_wconf 83' lang='lat' dir='ltr'><strong>ejus</strong></span> <span class='ocrx_word' id='word_1_151' title='bbox 398 2748 580 2820; x_wconf 83' lang='lat' dir='ltr'><strong>exercitum</strong></span> <span class='ocrx_word' id='word_1_152' title='bbox 594 2749 781 2841; x_wconf 89' lang='lat' dir='ltr'><strong>subjugum</strong></span> <span class='ocrx_word' id='word_1_153' title='bbox 795 2750 938 2816; x_wconf 88' lang='lat' dir='ltr'><strong>miserat.</strong></span> <span class='ocrx_word' id='word_1_154' title='bbox 956 2751 1022 2834; x_wconf 89' lang='lat' dir='ltr'><strong>Ita,</strong></span> <span class='ocrx_word' id='word_1_155' title='bbox 1038 2749 1108 2816; x_wconf 83' lang='lat' dir='ltr'><strong>sive</strong></span> <span class='ocrx_word' id='word_1_156' title='bbox 1123 2772 1218 2834; x_wconf 85' lang='lat' dir='ltr'><strong>casu,</strong></span> <span class='ocrx_word' id='word_1_157' title='bbox 1231 2748 1301 2814; x_wconf 86' lang='lat' dir='ltr'><strong>sive</strong></span> 
     </span>
     <span class='ocr_line' id='line_1_22' title="bbox 266 2864 1301 2959; baseline -0.001 -25"><span class='ocrx_word' id='word_1_158' title='bbox 266 2864 404 2934; x_wconf 90' lang='lat' dir='ltr'><strong>consilio</strong></span> <span class='ocrx_word' id='word_1_159' title='bbox 419 2865 555 2934; x_wconf 85' lang='lat' dir='ltr'><strong>deorum</strong></span> <span class='ocrx_word' id='word_1_160' title='bbox 574 2864 830 2953; x_wconf 86' lang='lat' dir='ltr'><strong>immortalium,</strong></span> <span class='ocrx_word' id='word_1_161' title='bbox 847 2891 919 2958; x_wconf 81' lang='lat' dir='ltr'><strong>quae</strong></span> <span class='ocrx_word' id='word_1_162' title='bbox 933 2891 1010 2959; x_wconf 89' lang='lat' dir='ltr'><strong>pars</strong></span> <span class='ocrx_word' id='word_1_163' title='bbox 1027 2868 1168 2936; x_wconf 86' lang='lat' dir='ltr'><strong>civitatis</strong></span> <span class='ocrx_word' id='word_1_164' title='bbox 1183 2865 1301 2933; x_wconf 88' lang='lat' dir='ltr'><strong>Helve-</strong></span> 
     </span>
     <span class='ocr_line' id='line_1_23' title="bbox 268 2982 1300 3078; baseline -0.002 -26"><span class='ocrx_word' id='word_1_165' title='bbox 268 2987 320 3053; x_wconf 81' lang='lat' dir='ltr'><strong>tiae</strong></span> <span class='ocrx_word' id='word_1_166' title='bbox 341 2985 502 3078; x_wconf 88' lang='lat' dir='ltr'><strong>insignem</strong></span> <span class='ocrx_word' id='word_1_167' title='bbox 522 2983 741 3054; x_wconf 69' lang='lat' dir='ltr'><strong>subnotatam</strong></span> <span class='ocrx_word' id='word_1_168' title='bbox 765 2985 889 3077; x_wconf 91' lang='lat' dir='ltr'><strong>populo</strong></span> <span class='ocrx_word' id='word_1_169' title='bbox 909 3008 1047 3053; x_wconf 85' lang='lat' dir='ltr'><strong>romano</strong></span> <span class='ocrx_word' id='word_1_170' title='bbox 1069 2982 1242 3068; x_wconf 84' lang='lat' dir='ltr'><strong>intulerat,</strong></span> <span class='ocrx_word' id='word_1_171' title='bbox 1262 3008 1300 3050; x_wconf 90' lang='lat' dir='ltr'><strong>ea</strong></span> 
     </span>
     <span class='ocr_line' id='line_1_24' title="bbox 267 3101 1298 3198; baseline -0.004 -26"><span class='ocrx_word' id='word_1_172' title='bbox 267 3105 419 3198; x_wconf 88' lang='lat' dir='ltr'><strong>princeps</strong></span> <span class='ocrx_word' id='word_1_173' title='bbox 440 3127 552 3196; x_wconf 87' lang='lat' dir='ltr'><strong>poenas</strong></span> <span class='ocrx_word' id='word_1_174' title='bbox 573 3102 738 3197; x_wconf 85' lang='lat' dir='ltr'><strong>persolvit.</strong></span> <span class='ocrx_word' id='word_1_175' title='bbox 761 3105 839 3190; x_wconf 89' lang='lat' dir='ltr'><strong>Qua</strong></span> <span class='ocrx_word' id='word_1_176' title='bbox 859 3105 893 3170; x_wconf 93' lang='lat' dir='ltr'><strong>in</strong></span> <span class='ocrx_word' id='word_1_177' title='bbox 915 3127 951 3171; x_wconf 88' lang='lat' dir='ltr'><strong>re</strong></span> <span class='ocrx_word' id='word_1_178' title='bbox 970 3103 1080 3170; x_wconf 84' lang='lat' dir='ltr'><strong>Caesar</strong></span> <span class='ocrx_word' id='word_1_179' title='bbox 1100 3127 1167 3168; x_wconf 89' lang='lat' dir='ltr'><strong>non</strong></span> <span class='ocrx_word' id='word_1_180' title='bbox 1193 3101 1298 3169; x_wconf 90' lang='lat' dir='ltr'><strong>solum</strong></span> 
     </span>
     <span class='ocr_line' id='line_1_25' title="bbox 269 3219 1299 3316; baseline -0.007 -24"><span class='ocrx_word' id='word_1_181' title='bbox 269 3223 431 3316; x_wconf 89' lang='lat' dir='ltr'><strong>publicas,</strong></span> <span class='ocrx_word' id='word_1_182' title='bbox 446 3221 503 3291; x_wconf 90' lang='lat' dir='ltr'><strong>sed</strong></span> <span class='ocrx_word' id='word_1_183' title='bbox 516 3224 615 3296; x_wconf 87' lang='lat' dir='ltr'><strong>etiam</strong></span> <span class='ocrx_word' id='word_1_184' title='bbox 628 3223 772 3316; x_wconf 86' lang='lat' dir='ltr'><strong>privatas</strong></span> <span class='ocrx_word' id='word_1_185' title='bbox 786 3221 923 3314; x_wconf 88' lang='lat' dir='ltr'><strong>injurias</strong></span> <span class='ocrx_word' id='word_1_186' title='bbox 940 3219 1028 3288; x_wconf 87' lang='lat' dir='ltr'><strong>ultus</strong></span> <span class='ocrx_word' id='word_1_187' title='bbox 1044 3234 1110 3308; x_wconf 90' lang='lat' dir='ltr'><strong>est,</strong></span> <span class='ocrx_word' id='word_1_188' title='bbox 1128 3220 1217 3313; x_wconf 86' lang='lat' dir='ltr'><strong>quod</strong></span> <span class='ocrx_word' id='word_1_189' title='bbox 1229 3221 1299 3311; x_wconf 87' lang='lat' dir='ltr'><strong>ejus</strong></span> 
     </span>
     <span class='ocr_line' id='line_1_26' title="bbox 269 3338 1299 3434; baseline -0.008 -22"><span class='ocrx_word' id='word_1_190' title='bbox 269 3344 374 3412; x_wconf 85' lang='lat' dir='ltr'><strong>soceri</strong></span> <span class='ocrx_word' id='word_1_191' title='bbox 394 3345 432 3411; x_wconf 93' lang='lat' dir='ltr'><strong>L.</strong></span> <span class='ocrx_word' id='word_1_192' title='bbox 449 3343 577 3412; x_wconf 90' lang='lat' dir='ltr'><strong>Pisonis</strong></span> <span class='ocrx_word' id='word_1_193' title='bbox 594 3367 713 3428; x_wconf 86' lang='lat' dir='ltr'><strong>avum,</strong></span> <span class='ocrx_word' id='word_1_194' title='bbox 734 3345 773 3410; x_wconf 88' lang='lat' dir='ltr'>L</span> <span class='ocrx_word' id='word_1_195' title='bbox 794 3341 948 3409; x_wconf 88' lang='lat' dir='ltr'><strong>Pisonem</strong></span> <span class='ocrx_word' id='word_1_196' title='bbox 968 3338 1127 3434; x_wconf 88' lang='lat' dir='ltr'><strong>legatum,</strong></span> <span class='ocrx_word' id='word_1_197' title='bbox 1148 3339 1299 3433; x_wconf 91' lang='lat' dir='ltr'><strong>Tigurini</strong></span> 
     </span>
     <span class='ocr_line' id='line_1_27' title="bbox 269 3459 1095 3556; baseline -0.002 -26"><span class='ocrx_word' id='word_1_198' title='bbox 269 3462 384 3530; x_wconf 86' lang='lat' dir='ltr'><strong>eodem</strong></span> <span class='ocrx_word' id='word_1_199' title='bbox 402 3461 533 3556; x_wconf 85' lang='lat' dir='ltr'><strong>proelio,</strong></span> <span class='ocrx_word' id='word_1_200' title='bbox 550 3487 617 3554; x_wconf 91' lang='lat' dir='ltr'><strong>quo</strong></span> <span class='ocrx_word' id='word_1_201' title='bbox 632 3461 804 3548; x_wconf 86' lang='lat' dir='ltr'><strong>Cassium,</strong></span> <span class='ocrx_word' id='word_1_202' title='bbox 825 3459 1068 3536; x_wconf 82' lang='lat' dir='ltr'><strong>interfecerant.</strong></span> <span class='ocrx_word' id='word_1_203' title='bbox 1091 3521 1095 3528; x_wconf 91' lang='lat'><em>.</em></span> 
     </span>
    </p>
   </div>
   <div class='ocr_carea' id='block_1_3' title="bbox 272 3567 1302 4040">
    <p class='ocr_par' dir='ltr' id='par_1_4' title="bbox 272 3567 1302 4040">
     <span class='ocr_line' id='line_1_28' title="bbox 317 3567 1301 3681; baseline 0 -27"><span class='ocrx_word' id='word_1_204' title='bbox 317 3567 411 3655; x_wconf 83' lang='lat' dir='ltr'>XIII.</span> <span class='ocrx_word' id='word_1_205' title='bbox 437 3589 515 3656; x_wconf 85' lang='lat' dir='ltr'><strong>Hoo</strong></span> <span class='ocrx_word' id='word_1_206' title='bbox 527 3583 644 3678; x_wconf 81' lang='lat' dir='ltr'><strong>proelio</strong></span> <span class='ocrx_word' id='word_1_207' title='bbox 663 3585 765 3674; x_wconf 65' lang='lat' dir='ltr'><strong>lacto,</strong></span> <span class='ocrx_word' id='word_1_208' title='bbox 784 3583 927 3679; x_wconf 88' lang='lat' dir='ltr'><strong>reliques</strong></span> <span class='ocrx_word' id='word_1_209' title='bbox 947 3587 1057 3681; x_wconf 88' lang='lat' dir='ltr'><strong>copias</strong></span> <span class='ocrx_word' id='word_1_210' title='bbox 1075 3587 1301 3656; x_wconf 82' lang='lat' dir='ltr'><strong>Helvetiorum</strong></span> 
     </span>
     <span class='ocr_line' id='line_1_29' title="bbox 272 3705 1300 3799; baseline 0.001 -25"><span class='ocrx_word' id='word_1_211' title='bbox 272 3721 308 3775; x_wconf 93' lang='lat' dir='ltr'><strong>ut</strong></span> <span class='ocrx_word' id='word_1_212' title='bbox 330 3708 487 3799; x_wconf 87' lang='lat' dir='ltr'><strong>consequi</strong></span> <span class='ocrx_word' id='word_1_213' title='bbox 507 3720 632 3798; x_wconf 86' lang='lat' dir='ltr'><strong>posset,</strong></span> <span class='ocrx_word' id='word_1_214' title='bbox 652 3719 787 3799; x_wconf 91' lang='lat' dir='ltr'><strong>pontem</strong></span> <span class='ocrx_word' id='word_1_215' title='bbox 808 3707 843 3775; x_wconf 92' lang='lat' dir='ltr'><strong>in</strong></span> <span class='ocrx_word' id='word_1_216' title='bbox 862 3707 958 3778; x_wconf 86' lang='lat' dir='ltr'><strong>Arari</strong></span> <span class='ocrx_word' id='word_1_217' title='bbox 976 3705 1164 3775; x_wconf 84' lang='lat' dir='ltr'><strong>faciendum</strong></span> <span class='ocrx_word' id='word_1_218' title='bbox 1188 3721 1300 3794; x_wconf 87' lang='lat' dir='ltr'><strong>curat,</strong></span> 
     </span>
     <span class='ocr_line' id='line_1_30' title="bbox 273 3824 1302 3920; baseline -0.002 -26"><span class='ocrx_word' id='word_1_219' title='bbox 273 3841 368 3918; x_wconf 87' lang='lat' dir='ltr'><strong>atque</strong></span> <span class='ocrx_word' id='word_1_220' title='bbox 384 3827 428 3894; x_wconf 89' lang='lat' dir='ltr'><strong>ita</strong></span> <span class='ocrx_word' id='word_1_221' title='bbox 440 3827 624 3894; x_wconf 85' lang='lat' dir='ltr'><strong>exercitum</strong></span> <span class='ocrx_word' id='word_1_222' title='bbox 636 3825 789 3893; x_wconf 87' lang='lat' dir='ltr'><strong>traducit.</strong></span> <span class='ocrx_word' id='word_1_223' title='bbox 806 3824 963 3911; x_wconf 88' lang='lat' dir='ltr'><strong>Helvetii,</strong></span> <span class='ocrx_word' id='word_1_224' title='bbox 978 3827 1150 3920; x_wconf 85' lang='lat' dir='ltr'><strong>repentino</strong></span> <span class='ocrx_word' id='word_1_225' title='bbox 1161 3826 1231 3918; x_wconf 88' lang='lat' dir='ltr'><strong>ejus</strong></span> <span class='ocrx_word' id='word_1_226' title='bbox 1246 3825 1302 3894; x_wconf 87' lang='lat' dir='ltr'><strong>ad-</strong></span> 
     </span>
     <span class='ocr_line' id='line_1_31' title="bbox 275 3942 1301 4040; baseline 0.002 -29"><span class='ocrx_word' id='word_1_227' title='bbox 275 3958 373 4012; x_wconf 86' lang='lat' dir='ltr'><strong>ventu</strong></span> <span class='ocrx_word' id='word_1_228' title='bbox 388 3945 559 4030; x_wconf 89' lang='lat' dir='ltr'><strong>commoti,</strong></span> <span class='ocrx_word' id='word_1_229' title='bbox 576 3942 666 4037; x_wconf 91' lang='lat' dir='ltr'><strong>quod</strong></span> <span class='ocrx_word' id='word_1_230' title='bbox 684 3945 736 4029; x_wconf 90' lang='lat' dir='ltr'><strong>id,</strong></span> <span class='ocrx_word' id='word_1_231' title='bbox 750 3942 840 4038; x_wconf 91' lang='lat' dir='ltr'><strong>quod</strong></span> <span class='ocrx_word' id='word_1_232' title='bbox 858 3945 919 4038; x_wconf 93' lang='lat' dir='ltr'><strong>ipsi</strong></span> <span class='ocrx_word' id='word_1_233' title='bbox 937 3944 1052 4014; x_wconf 88' lang='lat' dir='ltr'><strong>diebus</strong></span> <span class='ocrx_word' id='word_1_234' title='bbox 1066 3945 1182 4039; x_wconf 89' lang='lat' dir='ltr'><strong>viginti</strong></span> <span class='ocrx_word' id='word_1_235' title='bbox 1200 3970 1301 4040; x_wconf 85' lang='lat' dir='ltr'><strong>aeger-</strong></span> 
     </span>
    </p>
   </div>
   <div class='ocr_carea' id='block_1_4' title="bbox 708 4186 725 4224">
    <p class='ocr_par' dir='ltr' id='par_1_5' title="bbox 708 4186 725 4224">
     <span class='ocr_line' id='line_1_32' title="bbox 708 4186 725 4224; baseline 0 0"><span class='ocrx_word' id='word_1_236' title='bbox 708 4186 725 4224; x_wconf 66' lang='grc' dir='ltr'>δ</span> 
     </span>
    </p>
   </div>
   <div class='ocr_carea' id='block_1_5' title="bbox 0 0 1550 4770">
    <p class='ocr_par' dir='ltr' id='par_1_6' title="bbox 0 0 1550 4770">
     <span class='ocr_line' id='line_1_33' title="bbox 0 0 1550 4770; baseline 0 0"><span class='ocrx_word' id='word_1_237' title='bbox 0 0 1550 4770; x_wconf 95' lang='lat' dir='ltr'><strong> </strong></span> 
     </span>
    </p>
   </div>
  </div>
 </body>
</html>
