3060 4768
281 387 337 446 att
455 381 486 436 C.
506 381 604 436 JULll
626 381 789 438 cessitis
811 381 1008 438 ΟΟΜΜΕΝΤ.
1028 383 1139 438 LIBER

278 501 405 592 diendi,
421 529 527 597 neque
545 504 630 572 ultra
645 503 845 598 procedendi
862 505 971 574 oblata
987 505 1160 593 facultate,
1175 507 1318 579 circum·

279 639 395 694 ventus
412 625 653 693 concideretur.
671 628 798 712 Caesar,
812 626 960 718 equitatu
976 638 1053 694 ante
1068 625 1254 720 praernisso,
1270 627 1319 694 in·

276 745 365 828 ¹scius
377 744 589 832 insidiarum,
602 769 705 838 quum
717 743 758 812 ad
770 766 845 814 eum
859 743 968 814 locum
978 746 1133 830 venisset,
1145 745 1239 814 abusi
1248 748 1319 816 sive

279 862 372 933 obliti
392 851 630 958 praeceptoruni
649 864 802 952 Labieni,
824 865 892 932 sive
911 866 1023 948 veriti,
1046 888 1087 932 ne
1112 863 1145 932 in
1167 864 1252 934 fossa
1277 866 1320 934 ab

279 984 445 1077 equitibus
459 985 741 1077 opprimerentur,
753 985 820 1053 rari
834 1007 873 1052 uc
882 981 1003 1078 singuli
1017 985 1057 1054 de
1069 1007 1152 1076 rupe
1167 984 1319 1076 prodire,

280 1117 313 1172 et
329 1126 456 1171 summa
475 1118 586 1195 petere
606 1099 699 1170 collis
720 1128 728 1170 ε
750 1127 832 1195 quos
848 1107 984 1173 Cesaris
1006 1104 1132 1196 equites
1152 1105 1319 1174 consecuti

280 1224 401 1325 partim
415 1222 667 1310 interfecerunt,
683 1224 802 1316 partim
813 1225 964 1292 vivorum
975 1237 1052 1291 sunt
1065 1225 1160 1317 potiti
1175 1248 1184 1292 τ
1202 1222 1320 1294 deinde

281 1341 433 1434 protinus
441 1339 559 1409 collem
568 1357 680 1434 petere
689 1341 932 1410 contenderunt
945 1393 953 1428 ,
964 1357 1064 1436 atque
1073 1367 1166 1428 curn,
1179 1342 1319 1412 decusso

280 1460 418 1530 Labieni
432 1461 605 1553 proesidio,
622 1457 772 1531 celeriter
787 1455 1042 1555 occupaverunt.
1060 1463 1225 1532 Labienus
1241 1487 1318 1532 cum

228 1612 232 1621 ·
282 1595 375 1676 parte
392 1581 541 1674 equitum
559 1583 612 1649 vix
634 1581 710 1675 fuga
728 1582 791 1650 sibi
811 1583 938 1676 peperit
957 1581 1105 1652 salutem.

330 1704 384 1770 LI.
405 1705 477 1770 Hac
495 1726 531 1770 re
550 1726 610 1795 per
626 1703 752 1794 equites
767 1715 872 1795 gesta,
887 1704 996 1771 Caesar
1013 1699 1197 1796 legionibus
1217 1727 1317 1799 opera

282 1819 468 1906 distribuit,
488 1835 587 1914 atque
614 1823 647 1888 in
673 1845 713 1888 eo
735 1819 835 1906 colle,
851 1845 919 1914 quo
946 1835 1015 1889 erat
1041 1823 1186 1916 potitus,
1211 1835 1317 1892 castra

281 1941 433 2010 munivit.
461 1939 589 2008 Deinde
610 1940 650 2008 ab
676 1941 742 2026 suis
769 1941 918 2008 maximis
948 1941 1061 2008 eastris
1090 1964 1151 2034 per
1170 1940 1318 2010 medium

282 2083 457 2154 campum,
486 2084 504 2127 e
527 2061 662 2154 regione
680 2059 795 2152 oppidi
815 2061 939 2145 Uzitae,
960 2056 1050 2153 quod
1072 2061 1157 2128 inter
1183 2085 1242 2130 sua
1262 2085 1318 2132 ca-

281 2193 350 2248 stra
368 2193 402 2247 et
418 2179 581 2272 Scipionis
601 2180 634 2246 in
654 2177 788 2273 planitie
810 2180 954 2271 positum
977 2193 1063 2266 erat,
1080 2179 1318 2276 tenebaturque

281 2299 488 2391 aScipione,
515 2295 581 2364 duo
607 2297 741 2366 brachia
759 2298 902 2366 instituit
928 2296 1023 2385 duci,
1049 2299 1151 2370 etita
1174 2299 1318 2395 erigere,

282 2433 319 2485 ut
337 2415 378 2484 ad
399 2415 557 2511 angulum
575 2415 728 2484 dextrum
750 2417 985 2509 sinistrumque
1006 2417 1077 2510 ejus
1096 2416 1210 2511 oppidi
1237 2443 1318 2488 con·

281 2537 439 2605 venirent.
458 2535 496 2604 ld
514 2536 575 2604 hac
593 2537 720 2604 ratione
737 2559 821 2630 opus
835 2535 1037 2623 instruebat,
1052 2549 1103 2622 ut,
1122 2561 1226 2632 quum
1245 2563 1318 2632 pro·

280 2656 355 2748 pius
374 2654 534 2750 oppidum
553 2657 663 2747 copias
685 2653 900 2743 admovisset,
922 2678 1181 2752 oppugnareque
1201 2657 1318 2751 coepis·

282 2789 344 2862 set,
361 2790 447 2844 tecta
462 2774 647 2844 lateraauis
665 2767 905 2845 munitionibus
923 2777 1075 2866 liaberet,
1094 2803 1150 2864 ne,
1170 2779 1212 2848 ab
1228 2779 1318 2872 equi·

281 2910 368 2964 tatus
387 2893 598 2964 multitudine
614 2895 873 2980 circumventus,
892 2898 933 2965 ab
949 2901 1198 2994 oppugnatione
1213 2899 1318 2968 deter-

281 3029 422 3110 reretur3
443 3027 613 3108 preterea,
643 3038 709 3106 quo
738 3013 863 3084 facilius
887 3015 1051 3111 colloquia
1070 3017 1142 3088 lieri
1164 3033 1315 3115 possent3

281 3149 331 3219 et,
348 3135 375 3200 si
394 3135 451 3224 qui
470 3131 643 3226 perfugere
664 3131 799 3220 vellent,
818 3133 853 3204 id
870 3135 959 3228 quod
977 3150 1074 3205 antea
1095 3162 1179 3232 saepe
1195 3135 1334 3208 accido·

280 3266 333 3320 rat
350 3275 471 3344 magno
485 3275 560 3319 cum
574 3276 689 3320 eorum
705 3235 871 3345 periculo,
890 3268 961 3323 tum
978 3254 1072 3324 facile
1088 3271 1122 3324 et
1138 3259 1209 3325 sine
1228 3258 1319 3350 peri·

281 3370 357 3440 culo
384 3371 487 3440 fieret.
512 3369 630 3440 Voluit
656 3373 755 3442 etiam
785 3375 944 3467 experiri,
967 3399 1069 3467 quum
1094 3378 1231 3472 propius
1253 3377 1316 3446 ho·

281 3507 364 3560 stem
376 3493 579 3582 accessisset,
592 3491 770 3561 haberetne
782 3495 816 3561 in
829 3495 941 3562 animo
956 3492 1123 3564 dimicare.
1133 3496 1319 3568 Accedebat

280 3611 439 3682 etiamad
459 3609 600 3705 reliquas
621 3637 754 3696 causas,
775 3611 864 3704 quod
885 3614 912 3680 is
930 3610 1021 3683 locus
1041 3614 1214 3710 depressus
1230 3631 1304 3704 ,erat

281 3735 436 3827 puteique
458 3733 503 3800 ibi
523 3729 710 3826 complures
730 3729 799 3798 lieri
825 3745 978 3824 poterant
1001 3735 1206 3830 :aquatione
1228 3739 1318 3806 enirn

281 3853 379 3949 longa
401 3869 435 3922 et
453 3867 591 3946 angusta
610 3851 799 3920 utebantur.
819 3853 910 3920 Dum
926 3853 996 3924 hec
1012 3879 1129 3948 opera,
1149 3881 1223 3950 quae
1241 3871 1319 3926 aute

281 3973 372 4062 dixi,
390 3971 547 4044 fiebanta
566 3971 765 4066 legionibus,
786 3972 918 4042 interim
939 3997 1014 4068 pars
1034 3977 1105 4048 acie
1130 3992 1207 4047 ante
1233 4003 1317 4073 opus
