3014 4780
505 427 557 482 ns
581 426 702 482 namo
725 425 929 481 tumesco.
1174 423 1229 500 2⁵9

198 553 342 622 hostium
368 551 477 644 copias
503 549 545 618 ab
570 573 605 620 se
635 571 760 642 suoque
786 549 922 641 vestigio
942 573 1009 618 uon
1032 547 1229 620 discessurus

196 671 411 740 existimabat.
429 672 537 761 Atque
556 682 629 762 post
647 668 732 737 diem
749 669 880 737 tertium
901 666 1078 761 productas
1099 691 1230 740 secura·

198 793 262 859 tius
282 813 357 859 suas
381 789 492 883 copias
508 788 593 856 sicut
610 789 829 872 instruxerat,
848 801 984 881 propter
1009 785 1154 858 hostium
1172 811 1227 856 ca·

197 924 266 978 stra
285 923 552 1003 pretergressus,
576 931 671 1000 equo
697 904 770 976 loco
791 907 909 976 invitat
930 905 973 975 ad
991 906 1226 976 dimicandum.

196 1031 373 1121 Postquam
385 1051 440 1096 eos
455 1025 635 1094 abhorrere
651 1025 757 1113 videt,
773 1024 901 1096 reducit
915 1025 977 1096 sub
995 1048 1166 1120 vesperum
1183 1025 1229 1096 le·
1310 1011 1312 1018 ¹

198 1148 310 1241 gisnes
325 1148 361 1215 in
378 1159 495 1216 castra.
1193 1157 1197 1166 '
1247 1133 1250 1142 ’

243 1268 395 1336 LXXIV.
414 1265 528 1357 legati
549 1265 735 1334 interimor
753 1262 877 1358 oppido
898 1267 1025 1348 Vacca,
1045 1263 1135 1358 quod
1155 1263 1228 1334 fini·

196 1389 313 1455 timum
331 1385 393 1452 fuit
409 1389 515 1468 Zeta,
538 1383 631 1476 eujus
650 1371 812 1452 Caesarem
832 1385 974 1476 potitum
993 1407 1063 1454 esse
1088 1382 1226 1454 demon-

197 1505 389 1587 stravimus,
401 1504 553 1587 veniunt3
569 1515 686 1596 petunt
700 1513 734 1570 et
749 1500 940 1586 obsecrant,
956 1518 1019 1572 out
1038 1504 1100 1572 sibi
1118 1507 1227 1598 presi-

196 1624 286 1695 dium
300 1623 425 1706 mittam
444 1645 477 1689 se
491 1644 543 1689 rea
557 1618 761 1713 complures,
775 1643 848 1713 quse
859 1619 954 1689 utiles
971 1619 1058 1690 bello
1073 1623 1226 1708 sint‚ad·

194 1744 446 1814 ministraturos.
476 1767 493 1804 s
522 1743 586 1808 Per
607 1737 693 1807 idem
718 1753 866 1832 tempus,
888 1739 1026 1808 deorum
1057 1740 1226 1810 voluntate

195 1861 369 1955 studioque
386 1884 462 1952 erga
478 1862 652 1946 Caesarem,
670 1857 838 1952 transfuga
858 1883 934 1927 suos
953 1859 1041 1928 cives
1057 1835 1225 1929 facit⁸cer·

194 1982 305 2051 tiores.
325 1982 368 2047 α]
371 1979 466 2048 ubam
478 1999 589 2072 regem
599 1975 828 2046 celeritercum
841 1979 946 2070 copiis
956 1979 1038 2064 suis,
1049 1993 1225 2072 antequam

193 2100 330 2170 Caesaris
349 2095 535 2193 praesidium
552 2121 591 2166 eo
609 2097 811 2190 perveniret,
830 2096 873 2166 ed
885 2096 1045 2191 oppidum
1061 2096 1225 2168 adcucur-

191 2219 294 2307 risse,
313 2231 429 2312 atque,
447 2216 642 2285 adveniente
652 2214 866 2286 multitudine
879 2217 1101 2304 circumdata,
1116 2242 1156 2288 eo
1169 2243 1226 2313 po-

191 2339 290 2406 titum
306 2363 316 2426 3
334 2337 551 2430 omnibusque
568 2336 638 2429 ejus
665 2334 777 2431 oppidi
798 2334 913 2406 incolis
931 2336 974 2405 ad
995 2360 1097 2406 unum
1119 2340 1224 2407 inter·

189 2457 299 2544 fectis,
318 2456 444 2526 dedisse
462 2455 622 2552 oppidum
642 2453 864 2548 diripiendum
881 2454 1125 2551 delendumque
1142 2455 1225 2526 mili·

189 2576 325 2646 tibtu.»
400 2663 406 2668 Π

238 2697 374 2766 Lxxv.
393 2697 506 2764 caesar
518 2693 665 2778 interim,
685 2690 824 2763 lustrato
838 2694 979 2762 exercitu
993 2718 1022 2762 s.
1037 2693 1069 2762 d.
1091 2719 1149 2765 111·
1161 2695 1221 2765 cni.

188 2811 285 2909 april.
306 2825 439 2905 postero
457 2811 509 2878 die
528 2808 697 2904 productis
715 2811 875 2902 universis
893 2812 1013 2905 copiis,
1030 2837 1223 2906 progressus

188 2932 293 3003 asnis
311 2931 425 3000 castris
445 2928 547 2998 millia
565 2953 721 3023 passuum
745 2953 785 3014 v,
812 2956 830 2999 a
859 2931 1021 3024 Scipionis
1044 2933 1174 3002 circiter
1194 2959 1221 3004 11

189 3049 330 3120 millium
358 3049 530 3143 interjecto
553 3051 677 3143 spatio,
706 3051 741 3119 in
767 3052 837 3119 acie
859 3052 1017 3120 constitit.
1042 3055 1220 3146 Postquam

188 3170 269 3239 sutis
284 3168 406 3261 diuque
425 3166 643 3256 adversarios,
662 3193 680 3238 a
699 3193 733 3237 se
748 3169 789 3238 ad
810 3167 1034 3238 dimicandum
1049 3172 1220 3261 invitatos,

189 3286 403 3382 supersedere
418 3310 537 3381 pugnae
550 3287 795 3374 animadvertit,
812 3287 939 3357 reducit
950 3291 1070 3384 copias.
1087 3293 1222 3361 Postero

188 3408 243 3477 die
257 3421 362 3476 castra
381 3421 511 3492 movet,
529 3422 627 3501 atque
646 3408 707 3475 iter
725 3406 768 3475 ad
782 3407 942 3501 oppidum
956 3411 1148 3497 Strenuum,
1165 3410 1221 3478 ubi
1282 3383 1287 3395 κ

188 3527 301 3623 Scipio
316 3527 535 3598 Numidarum
555 3527 697 3596 habebat
722 3527 926 3620 praesidium,
954 3527 1221 3622 frumentumque

188 3661 476 3744 comportaverat,
499 3648 546 3716 ire
565 3645 745 3716 contendit.
766 3645 867 3734 Quod
888 3647 945 3714 ubi
964 3646 1131 3716 Labienus
1151 3650 1222 3716 ani·

188 3765 381 3855 madvertit,
399 3791 475 3835 cum
492 3767 640 3860 equitatu
661 3763 791 3858 levique
814 3780 980 3834 armatura
1010 3747 1127 3860 agmen
1150 3767 1221 3858 ejus

190 3895 373 3953 extremum
393 3909 529 3979 carpere
549 3887 672 3981 coepit:
697 3901 797 3980 atque
826 3889 871 3955 its
898 3884 1037 3956 lixarum
1065 3901 1221 3956 mercato-

191 4023 345 4112 rumque²
359 4005 417 4096 qui
433 4002 585 4096 plaustris
602 4029 725 4076 merces
742 4007 934 4100 portabant,
949 4007 1137 4100 interceptis
1150 4029 1219 4074 sar·

998 4149 1050 4219 17.
