3014 4780
299 383 354 458 ιρι
473 383 503 438 c
521 384 619 438 ιιιιιι
638 382 800 438 caesurus
822 381 1019 436 conamur.
1041 381 1162 435 ιιιιιιιι

298 507 360 576 fusi
378 507 546 600 fugatique
563 531 629 576 non
647 505 902 598 superfuissent,
921 506 981 572 nisi
993 505 1026 572 in
1040 528 1122 572 eum
1136 501 1260 570 locum
1271 526 1342 568 oou·

298 627 474 721 fugissent,
490 651 530 695 ex
542 651 609 718 quo
623 642 716 693 erant
730 627 860 718 egressi.
879 629 918 694 In
931 621 1130 716 quoproelio
1144 619 1345 689 cecideruut

298 745 399 814 millia
417 746 588 813 bominum
608 745 738 812 circiter
753 768 841 827 xxx,
865 757 897 812 et
916 729 1043 834 siquid
1060 737 1220 833 amplius
1242 762 1345 830 :prae-

299 879 387 932 terea
412 865 597 951 Labienus,
621 865 730 932 Attius
754 865 879 946 Varus;
899 863 1018 953 quibus
1041 861 1166 928 occisis
1194 860 1347 949 atrimae

298 982 397 1050 funus
406 982 596 1051 estfactum:
608 984 750 1074 itemque
759 981 885 1074 equites
895 980 1174 1072 romani,partim
1183 1003 1230 1046 ex
1238 977 1347 1060 Urbe,

297 1105 418 1194 partim
433 1127 474 1170 er
498 1101 684 1194 provincia,
703 1100 745 1168 ad
769 1097 872 1168 millia
888 1123 940 1168 ιιι.
961 1095 1077 1166 Nostri
1093 1095 1292 1164 desiderati
1308 1093 1348 1162 ad

298 1220 471 1288 bominum
483 1218 588 1307 mille,
599 1220 718 1314 partim
731 1217 897 1312 peditum,
912 1218 1031 1312 partim
1047 1203 1211 1310 eqmtum
1222 1267 1232 1302 ‚
1243 1215 1346 1284 saucii

298 1336 340 1405 ad
356 1361 390 1405 n.
407 1336 678 1406 Adversariorum
695 1336 897 1429 aquilaesunt
911 1335 1026 1406 ablatae
1042 1359 1122 1422 xrn,
1144 1351 1185 1402 et
1203 1337 1306 1428 signa
1315 1347 1347 1400 et

298 1455 414 1540 fasoes;
432 1469 587 1547 praeterea
606 1453 705 1524 duces
719 1453 796 1524 belli
815 1479 887 1523 xvir
906 1456 994 1547 capti
1012 1468 1099 1522 sunt.
1120 1459 1202 1523 Hos
1225 1453 1345 1522 babuit

299 1599 350 1643 res
365 1575 479 1644 exitus
1043 1661 1046 1666 ⁵

346 1698 488 1765 XXXII.
503 1699 553 1764 Ex
561 1695 639 1790 fuga
650 1699 711 1766 bac
719 1723 821 1790 quum
834 1697 992 1792 oppidum
1002 1696 1167 1766 Mundam
1178 1695 1250 1765 sibi
1265 1718 1343 1763 con-

300 1818 479 1886 stituissent
497 1816 700 1909 presidium,
720 1819 823 1886 nostri
848 1818 1050 1910 cogebantur
1070 1817 1267 1886 necessario
1286 1837 1340 1881 eos

300 1934 557 2004 circumvallare.
576 1939 626 2004 Ex
651 1936 795 2004 hostium
823 1937 922 2004 armis
944 1961 1004 2029 pro
1024 1937 1145 2028 cespite
1168 1933 1340 2004 cadavera

299 2051 555 2141 collocabantur,
570 2069 663 2122 scuta
679 2069 712 2122 et
729 2052 795 2146 pila
814 2079 874 2147 pro
887 2052 990 2140 vallo,
1013 2057 1145 2148 insuper
1164 2053 1292 2138 occisi,
1307 2033 1339 2116 et

299 2169 418 2264 gladii,
440 2187 473 2240 et
491 2197 680 2254 mucrones,
700 2187 734 2239 et
755 2174 862 2265 capita
885 2175 1058 2244 bominum
1090 2173 1267 2256 ordinate,
1294 2168 1337 2236 ad

201 2267 204 2280 ¹
299 2289 458 2384 oppidum
483 2315 640 2359 conversa
664 2292 831 2375 universa,
854 2291 998 2361 hostium
1026 2293 1200 2380 timorem,
1227 2292 1336 2358 virtu·

301 2412 403 2502 lisque
420 2411 560 2504 insignia
578 2411 744 2503 proposita
769 2409 939 2497 viderent,
965 2427 1000 2478 et
1026 2410 1114 2480 vallo
1129 2406 1334 2480 circumclu-

294 2529 454 2598 'derentur
463 2527 652 2598 adversarii.
662 2533 713 2598 Ita
726 2529 815 2600 Galli
827 2529 963 2625 tragulis
974 2531 1156 2626 jaculisque
1165 2529 1332 2626 oppidum

300 2664 339 2717 cx
367 2649 510 2716 bostium
533 2649 743 2718 cadaveribus
766 2664 843 2718 sunt
874 2649 1104 2744 circumplexi,
1135 2669 1333 2745 oppugnare

299 2781 477 2860 coeperunt
493 2772 544 2836 Ex
557 2769 622 2836 boc
638 2766 754 2859 proelio
770 2767 922 2838 Valerius
937 2767 1123 2838 adolescens
1136 2770 1328 2839 Cordubam

298 2909 373 2954 cum
385 2886 499 2979 paucis
512 2887 676 2978 equitibus
691 2885 785 2980 fugit.
802 2889 900 2956 Sexto
909 2889 1081 2980 Pompeio,
1091 2890 1147 2982 qui
1164 2887 1330 2957 Cordubae

298 3003 427 3090 fuisset,
453 3029 523 3072 rem
549 3018 672 3098 gestam
693 3003 801 3072 refert.
825 3007 967 3100 Cognito
986 3006 1048 3075 hoc
1068 3009 1219 3100 negotio,
1244 3027 1328 3100 quos

298 3125 424 3214 equites
441 3147 551 3191 secum
572 3123 706 3208 babuit,
727 3123 793 3210 bis,
811 3125 901 3216 quod
918 3125 1033 3193 habuit
1051 3121 1162 3194 secani
1179 3127 1328 3220 pecunie

298 3239 464 3308 distribuit
474 3264 484 3324 ;
494 3255 526 3308 et
534 3240 707 3334 oppidanis
717 3241 814 3332 dixit,
824 3268 858 3311 se
873 3243 914 3312 de
930 3269 1009 3336 pace
1025 3245 1066 3312 ad
1076 3249 1236 3314 Cesarem
1246 3267 1326 3338 pro·

300 3357 414 3442 ficisci;
429 3372 462 3425 et
475 3357 615 3426 munda
633 3359 743 3452 vigilia
766 3363 807 3429 ab
830 3360 953 3456 oppido
971 3362 1130 3432 discessit.
1151 3369 1212 3434 Cn.
1227 3369 1327 3434 Pom-

299 3480 390 3570 peius
411 3491 520 3546 autem
540 3503 617 3548 cum
633 3480 798 3572 equitibus
820 3483 931 3574 paucis
950 3480 1184 3574 nonnullisque
1204 3481 1328 3576 pediti-

298 3595 359 3665 bus
374 3596 415 3664 ad
425 3596 539 3666 navale
551 3597 739 3692 praesidium
753 3615 846 3693 parte
858 3599 957 3668 altera
966 3596 1136 3664 contendit
1144 3600 1327 3677 Carteiam,

298 3717 387 3808 quod
415 3717 573 3811 oppidum
592 3719 719 3788 abesto
738 3719 891 3788 Corduba
918 3713 1018 3782 millia
1042 3739 1198 3807 passuum
1223 3741 1322 3788 cnxx.

299 3835 378 3921 Quo
399 3861 501 3928 quum
525 3836 567 3904 ad
595 3853 745 3906 octavum
763 3834 949 3903 milliarium
980 3834 1142 3924 venisset,
1163 3841 1200 3906 P.
1217 3837 1324 3908 Calvi·

301 3953 384 4038 tius,
407 3955 463 4046 qui
486 3961 599 4025 eastris
621 3972 715 4025 antea
735 3955 881 4047 Pompeii
902 3951 1097 4049 praepositus
1121 3973 1223 4044 esset,
1253 3961 1321 4051 ejus
