3042 4772
292 388 346 456 ¹94
465 380 495 434 C.
514 381 609 434 JttLtt
633 379 802 434 CAESdlllS
824 379 1025 434 COMMENT.
1047 381 1158 434 LIBER

288 535 330 578 aas
346 508 489 578 alienum
508 506 710 601 gravissimis
725 506 880 574 oneribus
897 506 1073 598 provinciae
1090 505 1261 574 constituit
1274 531 1332 574 ex·

288 627 429 716 solvere,
449 642 501 717 et,
521 641 558 696 ut
577 625 761 721 largitionis
780 623 927 721 postulat
940 625 1162 714 consuetudo,
1178 649 1239 719 per
1252 651 1330 696 cau·

288 775 357 819 sam
376 747 579 819 liberalitatis
596 748 778 841 speciosam
794 745 889 842 plura
910 743 1060 840 largitori
1078 745 1328 838 quaerebantur,

287 870 434 963 pecuniae
451 865 672 962 locupletibus
688 865 956 960 imperabantur3
977 889 1060 958 quas
1075 866 1248 960 Longinus
1263 867 1325 934 sibi

287 1011 443 1083 expensas
457 988 534 1057 ferri
550 1011 617 1056 non
633 1001 761 1056 tantum
774 986 975 1080 patiebatur,
989 983 1155 1054 sedetiam
1173 985 1324 1080 cogebat.

287 1112 326 1178 In
345 1133 478 1205 gregem
496 1105 712 1204 locupletium
731 1105 937 1176 simultatum
956 1129 1061 1175 causae
1083 1121 1195 1174 tenues
1214 1108 1321 1201 conji-

287 1228 475 1313 ciebantur;
490 1251 596 1322 neque
613 1225 718 1296 ullum
732 1251 836 1320 genus
850 1240 1009 1320 quaestuS,
1022 1241 1080 1295 aut
1090 1227 1203 1320 magni
1216 1241 1249 1295 et
1263 1229 1328 1296 evi·

287 1348 416 1438 dentis,
433 1362 491 1417 aut
504 1348 632 1415 minimi
646 1361 680 1415 et
694 1345 832 1432 sordidi,
848 1345 1173 1439 praetermittebatur,
1188 1371 1256 1440 quo
1269 1345 1327 1415 do·

287 1494 361 1538 mus
381 1481 413 1538 et
443 1465 588 1536 tribunal
616 1467 823 1561 imperatoris
852 1481 991 1536 vacaret.
1017 1467 1125 1536 Nemo
1151 1481 1236 1554 erat,
1267 1467 1325 1559 qui

287 1589 387 1656 modo
405 1585 550 1679 aliquam
561 1587 727 1679 jacturam
745 1585 854 1654 facere
870 1600 995 1680 posset,
1012 1587 1093 1678 quin
1111 1600 1170 1654 aut
1184 1585 1325 1655 radimo

289 1709 344 1776 nio
363 1721 550 1791 teneretur,
568 1719 626 1773 aut
647 1706 680 1772 in
701 1727 775 1773 reos
799 1704 988 1774 referretur.
1007 1708 1059 1773 Ita
1078 1729 1198 1799 magna
1227 1707 1325 1774 etiam

288 1823 474 1895 sollicitudo
495 1821 716 1918 periculorum
737 1823 779 1891 ad
795 1824 940 1916 jacturas
957 1839 991 1891 et
1008 1822 1204 1893 detrimenta
1216 1825 1263 1893 rei
1282 1823 1326 1893 fa·

289 1942 425 2012 miliaria
444 1943 696 2036 adjungebatur.

335 2067 375 2132 L.
395 2063 528 2152 Quibus
546 2061 588 2131 de
612 2065 717 2131 causis
742 2063 877 2149 accidit,
897 2079 953 2146 ut,
977 2087 1080 2156 quum
1098 2067 1246 2159 longius
1262 2069 1324 2135 im·

289 2196 422 2277 perator
439 2181 551 2250 eadem
566 2180 701 2266 faceret,
714 2207 787 2275 quae
800 2182 920 2252 fecerat
932 2197 1093 2276 quaestor,
1109 2183 1229 2255 similia
1248 2211 1324 2255 rur·

289 2325 344 2370 sus
369 2301 410 2370 de
431 2317 535 2369 morte
549 2302 619 2395 ejus
641 2297 856 2395 provinciales
880 2302 1015 2372 consilia
1041 2305 1172 2373 inirent.
1196 2309 1325 2375 Horum

289 2420 401 2489 odium
421 2419 661 2490 confirmabant
672 2419 821 2489 nonnulli
839 2420 1011 2492 familiares
1028 2425 1115 2516 ejus,
1132 2425 1188 2518 qui
1199 2479 1208 2508 ‚
1221 2449 1325 2520 quum

289 2542 323 2610 in
341 2540 395 2610 illa
407 2541 563 2610 societate
571 2556 784 2610 versarentur
792 2544 982 2637 rapinarum
994 2595 1003 2630 ,
1013 2541 1117 2613 nihilo
1131 2545 1239 2614 miuus
1249 2545 1327 2614 ode·

289 2677 366 2731 rant
374 2663 569 2755 eum,cujus
587 2663 719 2731 nomine
731 2663 924 2757 peccabant,
942 2663 1086 2758 sibique,
1103 2664 1192 2758 quod
1208 2689 1326 2760 rapue-

289 2797 383 2870 rant,
402 2797 572 2876 acceptum
595 2781 795 2866 referebant,
818 2781 907 2876 quod
927 2783 1156 2873 interciderat,
1178 2799 1235 2854 aut
1255 2799 1326 2852 erat

289 2901 552 2996 interpellatum,
579 2903 695 2970 Cassio
722 2902 943 2997 assignabant.
973 2903 1135 2990 Quintam
1163 2902 1324 2999 legionem

289 3045 409 3089 novam
427 3021 604 3089 conscribit
623 3046 631 3087 :
649 3035 788 3113 augetur
808 3020 921 3090 odium
938 3037 971 3090 et
989 3045 1030 3090 ex
1050 3024 1122 3116 ipso
1139 3023 1277 3110 dilectu,
1293 3037 1326 3092 et

291 3153 424 3232 sumptu
437 3138 555 3208 additae
570 3137 707 3234 legionis
728 3166 735 3208 ε
752 3139 964 3234 complentur
979 3145 1128 3235 equitum
1147 3147 1208 3212 tria
1224 3141 1326 3213 millia

291 3258 503 3351 maximisque
515 3273 676 3328 ornantur
693 3261 849 3354 impensis
863 3287 942 3330 :nec
956 3263 1132 3355 provinciae
1150 3260 1325 3330 daturulla

290 3379 429 3471 requies.

336 3501 392 3567 Ll.
420 3500 558 3568 Interim
583 3497 706 3569 litteras
725 3502 852 3594 accepit
871 3523 890 3567 a
907 3502 1051 3585 Caesare,
1070 3513 1107 3567 ut
1126 3499 1158 3564 in
1179 3495 1323 3566 Africam

291 3619 470 3687 exercitum
480 3619 699 3712 transjiceret,
715 3644 839 3713 perque
855 3617 1087 3687 Mauritaniam
1104 3613 1238 3684 adfines
1252 3619 1325 3688 Nu-

289 3736 397 3807 midiae
415 3740 621 3833 pervenirem
648 3739 738 3832 quod
757 3761 875 3831 magna
899 3738 961 3804 Cn.
983 3737 1142 3830 Pompeio
1161 3737 1246 3806 Juba
1266 3761 1325 3806 rex

288 3858 420 3926 miserat
437 3858 572 3947 auxilia,
591 3859 780 3950 majoraque
796 3857 955 3924 missurus
968 3856 1227 3926 existimabatur.
1244 3858 1327 3946 Qui·

289 3975 476 4054 buslitteris
485 3979 645 4072 acceptis,
656 3973 810 4045 insolenti
821 3973 991 4070 voluptate
1008 3975 1225 4063 efferebatur,
1237 3975 1326 4070 quod
