<?xml version="1.0" encoding="UTF-8"?>
<!DOCTYPE html PUBLIC "-//W3C//DTD XHTML 1.0 Transitional//EN"
    "http://www.w3.org/TR/xhtml1/DTD/xhtml1-transitional.dtd">
<html xmlns="http://www.w3.org/1999/xhtml" xml:lang="en" lang="en">
 <head>
  <title>
</title>
<meta http-equiv="Content-Type" content="text/html;charset=utf-8" />
  <meta name='ocr-system' content='tesseract 3.04.00' />
  <meta name='ocr-capabilities' content='ocr_page ocr_carea ocr_par ocr_line ocrx_word'/>
</head>
<body>
  <div class='ocr_page' id='page_1' title='image "./cjcaesarisopera00caesgoog_0416.png"; bbox 0 0 3038 4766; ppageno 0'>
   <div class='ocr_carea' id='block_1_1' title="bbox 276 334 1167 416">
    <p class='ocr_par' dir='ltr' id='par_1_1' title="bbox 276 334 1167 416">
     <span class='ocr_line' id='line_1_1' title="bbox 276 334 1167 416; baseline -0.002 -2"><span class='ocrx_word' id='word_1_1' title='bbox 276 334 352 414; x_wconf 72' lang='grc' dir='ltr'>ἰω</span> <span class='ocrx_word' id='word_1_2' title='bbox 447 357 478 414; x_wconf 91' lang='lat' dir='ltr'>c</span> <span class='ocrx_word' id='word_1_3' title='bbox 495 358 593 416; x_wconf 79' lang='lat' dir='ltr'>rums</span> <span class='ocrx_word' id='word_1_4' title='bbox 613 357 779 416; x_wconf 76' lang='lat' dir='ltr'>cessms</span> <span class='ocrx_word' id='word_1_5' title='bbox 798 354 1167 415; x_wconf 78' lang='lat' dir='ltr'>couumruuonuu</span> 
     </span>
    </p>
   </div>
   <div class='ocr_carea' id='block_1_2' title="bbox 192 481 1334 4040">
    <p class='ocr_par' dir='ltr' id='par_1_2' title="bbox 294 481 1334 698">
     <span class='ocr_line' id='line_1_2' title="bbox 295 481 1334 576; baseline -0.002 -24"><span class='ocrx_word' id='word_1_6' title='bbox 295 481 459 576; x_wconf 80' lang='lat' dir='ltr'>Scipionis</span> <span class='ocrx_word' id='word_1_7' title='bbox 478 483 679 554; x_wconf 80' lang='lat' dir='ltr'>uiderentur.</span> <span class='ocrx_word' id='word_1_8' title='bbox 698 485 749 551; x_wconf 88' lang='lat' dir='ltr'>Ita</span> <span class='ocrx_word' id='word_1_9' title='bbox 769 483 883 552; x_wconf 86' lang='lat' dir='ltr'>Cassio</span> <span class='ocrx_word' id='word_1_10' title='bbox 901 482 1065 552; x_wconf 86' lang='lat' dir='ltr'>industria</span> <span class='ocrx_word' id='word_1_11' title='bbox 1080 481 1243 569; x_wconf 89' lang='lat' dir='ltr'>Domitii,</span> <span class='ocrx_word' id='word_1_12' title='bbox 1265 485 1334 550; x_wconf 72' lang='lat' dir='ltr'>ra·</span> 
     </span>
     <span class='ocr_line' id='line_1_3' title="bbox 294 601 1044 698; baseline 0.003 -26"><span class='ocrx_word' id='word_1_13' title='bbox 294 603 394 672; x_wconf 85' lang='lat' dir='ltr'>vouio</span> <span class='ocrx_word' id='word_1_14' title='bbox 412 603 576 698; x_wconf 83' lang='lat' dir='ltr'>Scipionis</span> <span class='ocrx_word' id='word_1_15' title='bbox 594 601 743 672; x_wconf 82' lang='lat' dir='ltr'>celeritas</span> <span class='ocrx_word' id='word_1_16' title='bbox 762 601 902 672; x_wconf 88' lang='lat' dir='ltr'>salutem</span> <span class='ocrx_word' id='word_1_17' title='bbox 923 601 1044 674; x_wconf 86' lang='lat' dir='ltr'>attulit.</span> 
     </span>
    </p>

    <p class='ocr_par' dir='ltr' id='par_1_3' title="bbox 196 701 1331 1055">
     <span class='ocr_line' id='line_1_4' title="bbox 339 701 1331 814; baseline -0.002 -22"><span class='ocrx_word' id='word_1_18' title='bbox 339 724 511 792; x_wconf 79' lang='lat' dir='ltr'><strong>XXXVII.</strong></span> <span class='ocrx_word' id='word_1_19' title='bbox 529 721 659 814; x_wconf 86' lang='lat' dir='ltr'>Scipio,</span> <span class='ocrx_word' id='word_1_20' title='bbox 678 721 817 810; x_wconf 82' lang='lat' dir='ltr'>biduum</span> <span class='ocrx_word' id='word_1_21' title='bbox 835 705 951 790; x_wconf 82' lang='lat' dir='ltr'>castris</span> <span class='ocrx_word' id='word_1_22' title='bbox 968 701 1094 794; x_wconf 77' lang='lat' dir='ltr'>statiuis</span> <span class='ocrx_word' id='word_1_23' title='bbox 1115 737 1263 794; x_wconf 84' lang='lat' dir='ltr'>moratus</span> <span class='ocrx_word' id='word_1_24' title='bbox 1284 722 1331 790; x_wconf 88' lang='lat' dir='ltr'>ad</span> 
     </span>
     <span class='ocr_line' id='line_1_5' title="bbox 293 841 1328 936; baseline 0.002 -26"><span class='ocrx_word' id='word_1_25' title='bbox 293 843 432 928; x_wconf 86' lang='lat' dir='ltr'>flumen,</span> <span class='ocrx_word' id='word_1_26' title='bbox 448 841 539 935; x_wconf 91' lang='lat' dir='ltr'>quod</span> <span class='ocrx_word' id='word_1_27' title='bbox 557 843 643 918; x_wconf 88' lang='lat' dir='ltr'>inter</span> <span class='ocrx_word' id='word_1_28' title='bbox 659 866 736 910; x_wconf 90' lang='lat' dir='ltr'>eum</span> <span class='ocrx_word' id='word_1_29' title='bbox 752 856 786 910; x_wconf 90' lang='lat' dir='ltr'>et</span> <span class='ocrx_word' id='word_1_30' title='bbox 803 843 942 912; x_wconf 92' lang='lat' dir='ltr'>Domitii</span> <span class='ocrx_word' id='word_1_31' title='bbox 960 867 1079 936; x_wconf 81' lang='lat' dir='ltr'>agmen</span> <span class='ocrx_word' id='word_1_32' title='bbox 1096 843 1236 930; x_wconf 85' lang='lat' dir='ltr'>fluebat,</span> <span class='ocrx_word' id='word_1_33' title='bbox 1255 843 1328 912; x_wconf 88' lang='lat' dir='ltr'>Ha-</span> 
     </span>
     <span class='ocr_line' id='line_1_6' title="bbox 196 958 1329 1055; baseline 0 -25"><span class='ocrx_word' id='word_1_34' title='bbox 196 1031 205 1050; x_wconf 68' lang='lat'>,</span> <span class='ocrx_word' id='word_1_35' title='bbox 293 959 505 1046; x_wconf 83' lang='lat' dir='ltr'>liecrt&#39;tonem,</span> <span class='ocrx_word' id='word_1_36' title='bbox 522 961 619 1030; x_wconf 85' lang='lat' dir='ltr'>tertio</span> <span class='ocrx_word' id='word_1_37' title='bbox 637 959 691 1030; x_wconf 89' lang='lat' dir='ltr'>die</span> <span class='ocrx_word' id='word_1_38' title='bbox 712 960 817 1055; x_wconf 85' lang='lat' dir='ltr'>prima</span> <span class='ocrx_word' id='word_1_39' title='bbox 835 958 908 1030; x_wconf 89' lang='lat' dir='ltr'>luce</span> <span class='ocrx_word' id='word_1_40' title='bbox 923 963 1104 1030; x_wconf 84' lang='lat' dir='ltr'>exercitum</span> <span class='ocrx_word' id='word_1_41' title='bbox 1121 962 1207 1031; x_wconf 83' lang='lat' dir='ltr'>vado</span> <span class='ocrx_word' id='word_1_42' title='bbox 1223 977 1329 1031; x_wconf 83' lang='lat' dir='ltr'>trans·</span> 
     </span>
    </p>

    <p class='ocr_par' dir='ltr' id='par_1_4' title="bbox 192 1079 1332 4040">
     <span class='ocr_line' id='line_1_7' title="bbox 293 1079 1328 1176; baseline 0.002 -27"><span class='ocrx_word' id='word_1_43' title='bbox 293 1080 407 1166; x_wconf 87' lang='lat' dir='ltr'>ducit,</span> <span class='ocrx_word' id='word_1_44' title='bbox 425 1096 458 1149; x_wconf 87' lang='lat' dir='ltr'>et</span> <span class='ocrx_word' id='word_1_45' title='bbox 475 1082 590 1150; x_wconf 86' lang='lat' dir='ltr'>castris</span> <span class='ocrx_word' id='word_1_46' title='bbox 609 1081 745 1175; x_wconf 88' lang='lat' dir='ltr'>positis,</span> <span class='ocrx_word' id='word_1_47' title='bbox 766 1095 901 1174; x_wconf 88' lang='lat' dir='ltr'>postero</span> <span class='ocrx_word' id='word_1_48' title='bbox 924 1079 978 1150; x_wconf 91' lang='lat' dir='ltr'>die</span> <span class='ocrx_word' id='word_1_49' title='bbox 1000 1105 1098 1151; x_wconf 85' lang='lat' dir='ltr'>mnne</span> <span class='ocrx_word' id='word_1_50' title='bbox 1116 1085 1228 1176; x_wconf 88' lang='lat' dir='ltr'>copias</span> <span class='ocrx_word' id='word_1_51' title='bbox 1246 1097 1328 1151; x_wconf 87' lang='lat' dir='ltr'>ante</span> 
     </span>
     <span class='ocr_line' id='line_1_8' title="bbox 293 1199 1329 1296; baseline 0 -27"><span class='ocrx_word' id='word_1_52' title='bbox 293 1199 436 1270; x_wconf 87' lang='lat' dir='ltr'>frontem</span> <span class='ocrx_word' id='word_1_53' title='bbox 464 1215 651 1270; x_wconf 89' lang='lat' dir='ltr'>castrorum</span> <span class='ocrx_word' id='word_1_54' title='bbox 676 1202 785 1270; x_wconf 88' lang='lat' dir='ltr'>struit.</span> <span class='ocrx_word' id='word_1_55' title='bbox 811 1201 981 1270; x_wconf 89' lang='lat' dir='ltr'>Domitius</span> <span class='ocrx_word' id='word_1_56' title='bbox 1007 1214 1079 1270; x_wconf 90' lang='lat' dir='ltr'>tum</span> <span class='ocrx_word' id='word_1_57' title='bbox 1106 1224 1239 1296; x_wconf 88' lang='lat' dir='ltr'>quoque</span> <span class='ocrx_word' id='word_1_58' title='bbox 1262 1201 1329 1270; x_wconf 90' lang='lat' dir='ltr'>sibi</span> 
     </span>
     <span class='ocr_line' id='line_1_9' title="bbox 293 1317 1328 1415; baseline 0.002 -29"><span class='ocrx_word' id='word_1_59' title='bbox 293 1317 514 1387; x_wconf 75' lang='lat' dir='ltr'>dubitandum</span> <span class='ocrx_word' id='word_1_60' title='bbox 536 1344 603 1388; x_wconf 91' lang='lat' dir='ltr'>non</span> <span class='ocrx_word' id='word_1_61' title='bbox 629 1320 779 1412; x_wconf 76' lang='lat' dir='ltr'>putavit,</span> <span class='ocrx_word' id='word_1_62' title='bbox 801 1321 905 1414; x_wconf 91' lang='lat' dir='ltr'>quin,</span> <span class='ocrx_word' id='word_1_63' title='bbox 926 1319 1096 1414; x_wconf 88' lang='lat' dir='ltr'>productis</span> <span class='ocrx_word' id='word_1_64' title='bbox 1119 1318 1328 1415; x_wconf 82' lang='lat' dir='ltr'>legionibus,</span> 
     </span>
     <span class='ocr_line' id='line_1_10' title="bbox 294 1435 1328 1532; baseline 0.005 -28"><span class='ocrx_word' id='word_1_65' title='bbox 294 1435 410 1530; x_wconf 77' lang='lat' dir='ltr'>psoelio</span> <span class='ocrx_word' id='word_1_66' title='bbox 423 1435 614 1508; x_wconf 86' lang='lat' dir='ltr'>decertaret</span> <span class='ocrx_word' id='word_1_67' title='bbox 625 1438 700 1526; x_wconf 84' lang='lat' dir='ltr'>Sed,</span> <span class='ocrx_word' id='word_1_68' title='bbox 714 1465 819 1532; x_wconf 88' lang='lat' dir='ltr'>quum</span> <span class='ocrx_word' id='word_1_69' title='bbox 832 1452 917 1508; x_wconf 90' lang='lat' dir='ltr'>esset</span> <span class='ocrx_word' id='word_1_70' title='bbox 928 1439 1017 1508; x_wconf 91' lang='lat' dir='ltr'>inter</span> <span class='ocrx_word' id='word_1_71' title='bbox 1029 1440 1108 1509; x_wconf 82' lang='lat' dir='ltr'>bine</span> <span class='ocrx_word' id='word_1_72' title='bbox 1121 1454 1228 1509; x_wconf 83' lang='lat' dir='ltr'>castra</span> <span class='ocrx_word' id='word_1_73' title='bbox 1239 1465 1328 1509; x_wconf 89' lang='lat' dir='ltr'>cam-</span> 
     </span>
     <span class='ocr_line' id='line_1_11' title="bbox 292 1557 1325 1654; baseline 0.003 -29"><span class='ocrx_word' id='word_1_74' title='bbox 292 1581 354 1651; x_wconf 84' lang='lat' dir='ltr'>pus</span> <span class='ocrx_word' id='word_1_75' title='bbox 368 1558 498 1628; x_wconf 89' lang='lat' dir='ltr'>circiter</span> <span class='ocrx_word' id='word_1_76' title='bbox 517 1557 656 1631; x_wconf 92' lang='lat' dir='ltr'>millium</span> <span class='ocrx_word' id='word_1_77' title='bbox 676 1583 834 1654; x_wconf 83' lang='lat' dir='ltr'>passuum</span> <span class='ocrx_word' id='word_1_78' title='bbox 853 1583 928 1646; x_wconf 82' lang='lat' dir='ltr'>sex,</span> <span class='ocrx_word' id='word_1_79' title='bbox 944 1560 1111 1629; x_wconf 90' lang='lat' dir='ltr'>Domitius</span> <span class='ocrx_word' id='word_1_80' title='bbox 1128 1562 1241 1629; x_wconf 86' lang='lat' dir='ltr'>castris</span> <span class='ocrx_word' id='word_1_81' title='bbox 1255 1561 1325 1628; x_wconf 88' lang='lat' dir='ltr'>Sci·</span> 
     </span>
     <span class='ocr_line' id='line_1_12' title="bbox 292 1676 1326 1773; baseline 0.001 -27"><span class='ocrx_word' id='word_1_82' title='bbox 292 1677 402 1772; x_wconf 91' lang='lat' dir='ltr'>pionis</span> <span class='ocrx_word' id='word_1_83' title='bbox 421 1679 524 1748; x_wconf 87' lang='lat' dir='ltr'>aciem</span> <span class='ocrx_word' id='word_1_84' title='bbox 543 1703 636 1748; x_wconf 85' lang='lat' dir='ltr'>suam</span> <span class='ocrx_word' id='word_1_85' title='bbox 654 1679 793 1773; x_wconf 88' lang='lat' dir='ltr'>subjecit</span> <span class='ocrx_word' id='word_1_86' title='bbox 820 1703 828 1747; x_wconf 74' lang='grc' dir='ltr'><strong>ε</strong></span> <span class='ocrx_word' id='word_1_87' title='bbox 850 1676 904 1748; x_wconf 91' lang='lat' dir='ltr'>ille</span> <span class='ocrx_word' id='word_1_88' title='bbox 924 1703 944 1748; x_wconf 91' lang='lat' dir='ltr'>a</span> <span class='ocrx_word' id='word_1_89' title='bbox 965 1677 1050 1747; x_wconf 81' lang='lat' dir='ltr'>vallo</span> <span class='ocrx_word' id='word_1_90' title='bbox 1071 1703 1139 1748; x_wconf 90' lang='lat' dir='ltr'>non</span> <span class='ocrx_word' id='word_1_91' title='bbox 1159 1679 1326 1750; x_wconf 78' lang='lat' dir='ltr'>discedere</span> 
     </span>
     <span class='ocr_line' id='line_1_13' title="bbox 292 1798 1323 1892; baseline -0.002 -24"><span class='ocrx_word' id='word_1_92' title='bbox 292 1801 512 1891; x_wconf 87' lang='lat' dir='ltr'>perseveravit</span> <span class='ocrx_word' id='word_1_93' title='bbox 532 1823 541 1866; x_wconf 72' lang='grc' dir='ltr'><em>ε</em></span> <span class='ocrx_word' id='word_1_94' title='bbox 562 1815 708 1869; x_wconf 85' lang='lat' dir='ltr'>attamen</span> <span class='ocrx_word' id='word_1_95' title='bbox 726 1823 812 1892; x_wconf 73' lang='lat' dir='ltr'>tegre</span> <span class='ocrx_word' id='word_1_96' title='bbox 830 1801 967 1868; x_wconf 87' lang='lat' dir='ltr'>retentis</span> <span class='ocrx_word' id='word_1_97' title='bbox 987 1800 1188 1868; x_wconf 80' lang='lat' dir='ltr'>Domitianis</span> <span class='ocrx_word' id='word_1_98' title='bbox 1207 1798 1323 1883; x_wconf 83' lang='lat' dir='ltr'>militi-</span> 
     </span>
     <span class='ocr_line' id='line_1_14' title="bbox 292 1916 1324 2010; baseline 0.004 -27"><span class='ocrx_word' id='word_1_99' title='bbox 292 1917 375 2002; x_wconf 86' lang='lat' dir='ltr'>bus,</span> <span class='ocrx_word' id='word_1_100' title='bbox 391 1931 441 1986; x_wconf 90' lang='lat' dir='ltr'>est</span> <span class='ocrx_word' id='word_1_101' title='bbox 459 1917 601 2003; x_wconf 82' lang='lat' dir='ltr'>iactum,</span> <span class='ocrx_word' id='word_1_102' title='bbox 620 1943 663 1986; x_wconf 92' lang='lat' dir='ltr'>ne</span> <span class='ocrx_word' id='word_1_103' title='bbox 684 1916 799 2010; x_wconf 87' lang='lat' dir='ltr'>proelio</span> <span class='ocrx_word' id='word_1_104' title='bbox 819 1917 1090 2004; x_wconf 68' lang='lat' dir='ltr'>contenderunt-3</span> <span class='ocrx_word' id='word_1_105' title='bbox 1106 1932 1141 1986; x_wconf 91' lang='lat' dir='ltr'>et</span> <span class='ocrx_word' id='word_1_106' title='bbox 1161 1920 1324 2006; x_wconf 86' lang='lat' dir='ltr'>maxime,</span> 
     </span>
     <span class='ocr_line' id='line_1_15' title="bbox 292 2035 1321 2130; baseline 0.002 -26"><span class='ocrx_word' id='word_1_107' title='bbox 292 2035 383 2128; x_wconf 91' lang='lat' dir='ltr'>quod</span> <span class='ocrx_word' id='word_1_108' title='bbox 397 2037 486 2104; x_wconf 86' lang='lat' dir='ltr'>rivus</span> <span class='ocrx_word' id='word_1_109' title='bbox 504 2035 692 2105; x_wconf 79' lang='lat' dir='ltr'>difficilibus</span> <span class='ocrx_word' id='word_1_110' title='bbox 710 2037 810 2129; x_wconf 88' lang='lat' dir='ltr'>ripis,</span> <span class='ocrx_word' id='word_1_111' title='bbox 827 2038 942 2105; x_wconf 87' lang='lat' dir='ltr'>castris</span> <span class='ocrx_word' id='word_1_112' title='bbox 958 2038 1122 2130; x_wconf 89' lang='lat' dir='ltr'>Scipionis</span> <span class='ocrx_word' id='word_1_113' title='bbox 1138 2037 1321 2130; x_wconf 88' lang='lat' dir='ltr'>subjectus,</span> 
     </span>
     <span class='ocr_line' id='line_1_16' title="bbox 276 2153 1322 2248; baseline 0.002 -26"><span class='ocrx_word' id='word_1_114' title='bbox 276 2183 278 2189; x_wconf 65' lang='grc'>’</span> <span class='ocrx_word' id='word_1_115' title='bbox 293 2178 489 2248; x_wconf 84' lang='lat' dir='ltr'>progressus</span> <span class='ocrx_word' id='word_1_116' title='bbox 500 2169 689 2240; x_wconf 75' lang='lat' dir='ltr'>nostrorum</span> <span class='ocrx_word' id='word_1_117' title='bbox 705 2153 913 2247; x_wconf 86' lang='lat' dir='ltr'>impediebat.</span> <span class='ocrx_word' id='word_1_118' title='bbox 924 2155 1079 2243; x_wconf 92' lang='lat' dir='ltr'>Quorum</span> <span class='ocrx_word' id='word_1_119' title='bbox 1093 2155 1240 2226; x_wconf 90' lang='lat' dir='ltr'>studium</span> <span class='ocrx_word' id='word_1_120' title='bbox 1258 2155 1322 2225; x_wconf 85' lang='lat' dir='ltr'>ala·</span> 
     </span>
     <span class='ocr_line' id='line_1_17' title="bbox 291 2272 1326 2370; baseline 0.003 -28"><span class='ocrx_word' id='word_1_121' title='bbox 291 2277 506 2365; x_wconf 88' lang='lat' dir='ltr'>eritatemque</span> <span class='ocrx_word' id='word_1_122' title='bbox 520 2272 688 2368; x_wconf 82' lang='lat' dir='ltr'>pugnandi</span> <span class='ocrx_word' id='word_1_123' title='bbox 703 2298 806 2367; x_wconf 89' lang='lat' dir='ltr'>quum</span> <span class='ocrx_word' id='word_1_124' title='bbox 818 2276 1025 2369; x_wconf 83' lang='lat' dir='ltr'>cognovisset</span> <span class='ocrx_word' id='word_1_125' title='bbox 1039 2277 1167 2370; x_wconf 90' lang='lat' dir='ltr'>Scipio,</span> <span class='ocrx_word' id='word_1_126' title='bbox 1182 2277 1326 2370; x_wconf 87' lang='lat' dir='ltr'>suspica·</span> 
     </span>
     <span class='ocr_line' id='line_1_18' title="bbox 292 2392 1321 2488; baseline 0.001 -25"><span class='ocrx_word' id='word_1_127' title='bbox 292 2408 344 2463; x_wconf 85' lang='lat' dir='ltr'>tus</span> <span class='ocrx_word' id='word_1_128' title='bbox 361 2392 446 2480; x_wconf 86' lang='lat' dir='ltr'>fore,</span> <span class='ocrx_word' id='word_1_129' title='bbox 462 2408 499 2463; x_wconf 91' lang='lat' dir='ltr'>ut</span> <span class='ocrx_word' id='word_1_130' title='bbox 518 2406 650 2488; x_wconf 90' lang='lat' dir='ltr'>postero</span> <span class='ocrx_word' id='word_1_131' title='bbox 668 2393 721 2462; x_wconf 92' lang='lat' dir='ltr'>die</span> <span class='ocrx_word' id='word_1_132' title='bbox 739 2409 797 2462; x_wconf 85' lang='lat' dir='ltr'>aut</span> <span class='ocrx_word' id='word_1_133' title='bbox 814 2395 937 2465; x_wconf 81' lang='lat' dir='ltr'>inuitus</span> <span class='ocrx_word' id='word_1_134' title='bbox 957 2395 1111 2464; x_wconf 88' lang='lat' dir='ltr'>dimicare</span> <span class='ocrx_word' id='word_1_135' title='bbox 1128 2411 1321 2488; x_wconf 83' lang='lat' dir='ltr'>cogeretur,</span> 
     </span>
     <span class='ocr_line' id='line_1_19' title="bbox 291 2513 1320 2607; baseline 0.002 -27"><span class='ocrx_word' id='word_1_136' title='bbox 291 2527 348 2582; x_wconf 89' lang='lat' dir='ltr'>aut</span> <span class='ocrx_word' id='word_1_137' title='bbox 366 2536 574 2606; x_wconf 84' lang='lat' dir='ltr'>magnacum</span> <span class='ocrx_word' id='word_1_138' title='bbox 591 2513 726 2582; x_wconf 86' lang='lat' dir='ltr'>infamia</span> <span class='ocrx_word' id='word_1_139' title='bbox 742 2516 857 2582; x_wconf 85' lang='lat' dir='ltr'>eastris</span> <span class='ocrx_word' id='word_1_140' title='bbox 874 2538 908 2582; x_wconf 88' lang='lat' dir='ltr'>se</span> <span class='ocrx_word' id='word_1_141' title='bbox 922 2516 1108 2601; x_wconf 82' lang='lat' dir='ltr'>continere,</span> <span class='ocrx_word' id='word_1_142' title='bbox 1126 2514 1183 2607; x_wconf 92' lang='lat' dir='ltr'>qui</span> <span class='ocrx_word' id='word_1_143' title='bbox 1200 2534 1320 2607; x_wconf 84' lang='lat' dir='ltr'>magna</span> 
     </span>
     <span class='ocr_line' id='line_1_20' title="bbox 291 2633 1332 2728; baseline 0 -26"><span class='ocrx_word' id='word_1_144' title='bbox 291 2633 533 2726; x_wconf 79' lang='lat' dir='ltr'>exspectatione</span> <span class='ocrx_word' id='word_1_145' title='bbox 557 2634 712 2721; x_wconf 82' lang='lat' dir='ltr'>venisset,</span> <span class='ocrx_word' id='word_1_146' title='bbox 741 2647 864 2702; x_wconf 90' lang='lat' dir='ltr'>temere</span> <span class='ocrx_word' id='word_1_147' title='bbox 889 2658 1082 2728; x_wconf 82' lang='lat' dir='ltr'>progressus</span> <span class='ocrx_word' id='word_1_148' title='bbox 1108 2648 1238 2727; x_wconf 82' lang='lat' dir='ltr'>turpem</span> <span class='ocrx_word' id='word_1_149' title='bbox 1260 2634 1332 2702; x_wconf 84' lang='lat' dir='ltr'>bn·-</span> 
     </span>
     <span class='ocr_line' id='line_1_21' title="bbox 192 2753 1323 2847; baseline 0.002 -27"><span class='ocrx_word' id='word_1_150' title='bbox 192 2826 194 2834; x_wconf 54' lang='grc'><em>,</em></span> <span class='ocrx_word' id='word_1_151' title='bbox 291 2753 363 2821; x_wconf 92' lang='lat' dir='ltr'>buit</span> <span class='ocrx_word' id='word_1_152' title='bbox 386 2753 528 2838; x_wconf 86' lang='lat' dir='ltr'>exitum,</span> <span class='ocrx_word' id='word_1_153' title='bbox 555 2767 588 2820; x_wconf 89' lang='lat' dir='ltr'>et</span> <span class='ocrx_word' id='word_1_154' title='bbox 610 2767 732 2840; x_wconf 86' lang='lat' dir='ltr'>noctu,</span> <span class='ocrx_word' id='word_1_155' title='bbox 761 2778 802 2822; x_wconf 90' lang='lat' dir='ltr'>ne</span> <span class='ocrx_word' id='word_1_156' title='bbox 827 2753 1037 2824; x_wconf 80' lang='lat' dir='ltr'>conclamatis</span> <span class='ocrx_word' id='word_1_157' title='bbox 1062 2753 1195 2847; x_wconf 88' lang='lat' dir='ltr'>quidem</span> <span class='ocrx_word' id='word_1_158' title='bbox 1222 2755 1323 2842; x_wconf 84' lang='lat' dir='ltr'>vasis,</span> 
     </span>
     <span class='ocr_line' id='line_1_22' title="bbox 291 2871 1325 2968; baseline 0.002 -28"><span class='ocrx_word' id='word_1_159' title='bbox 291 2871 413 2940; x_wconf 86' lang='lat' dir='ltr'>flumen</span> <span class='ocrx_word' id='word_1_160' title='bbox 433 2872 571 2955; x_wconf 87' lang='lat' dir='ltr'>transit;</span> <span class='ocrx_word' id='word_1_161' title='bbox 591 2887 690 2965; x_wconf 87' lang='lat' dir='ltr'>atque</span> <span class='ocrx_word' id='word_1_162' title='bbox 711 2875 745 2941; x_wconf 92' lang='lat' dir='ltr'>in</span> <span class='ocrx_word' id='word_1_163' title='bbox 764 2873 911 2942; x_wconf 88' lang='lat' dir='ltr'>eamdem</span> <span class='ocrx_word' id='word_1_164' title='bbox 931 2890 1076 2967; x_wconf 86' lang='lat' dir='ltr'>partem,</span> <span class='ocrx_word' id='word_1_165' title='bbox 1093 2899 1132 2943; x_wconf 81' lang='lat' dir='ltr'>ex</span> <span class='ocrx_word' id='word_1_166' title='bbox 1151 2897 1217 2968; x_wconf 88' lang='lat' dir='ltr'>qun</span> <span class='ocrx_word' id='word_1_167' title='bbox 1230 2897 1325 2942; x_wconf 85' lang='lat' dir='ltr'>vene·</span> 
     </span>
     <span class='ocr_line' id='line_1_23' title="bbox 291 2990 1321 3087; baseline 0.002 -28"><span class='ocrx_word' id='word_1_168' title='bbox 291 3006 361 3072; x_wconf 86' lang='lat' dir='ltr'>rat,</span> <span class='ocrx_word' id='word_1_169' title='bbox 380 2990 496 3076; x_wconf 81' lang='lat' dir='ltr'>retliit3</span> <span class='ocrx_word' id='word_1_170' title='bbox 521 2992 631 3085; x_wconf 85' lang='lat' dir='ltr'>ibique</span> <span class='ocrx_word' id='word_1_171' title='bbox 650 3016 754 3087; x_wconf 89' lang='lat' dir='ltr'>prope</span> <span class='ocrx_word' id='word_1_172' title='bbox 774 2991 897 3061; x_wconf 88' lang='lat' dir='ltr'>flumen</span> <span class='ocrx_word' id='word_1_173' title='bbox 917 2993 1006 3062; x_wconf 92' lang='lat' dir='ltr'>edito</span> <span class='ocrx_word' id='word_1_174' title='bbox 1031 3008 1150 3064; x_wconf 84' lang='lat' dir='ltr'>natura</span> <span class='ocrx_word' id='word_1_175' title='bbox 1174 2993 1247 3063; x_wconf 86' lang='lat' dir='ltr'>loeo</span> <span class='ocrx_word' id='word_1_176' title='bbox 1265 3017 1321 3061; x_wconf 82' lang='lat' dir='ltr'>ce·</span> 
     </span>
     <span class='ocr_line' id='line_1_24' title="bbox 239 3111 1321 3207; baseline 0.002 -29"><span class='ocrx_word' id='word_1_177' title='bbox 239 3179 243 3185; x_wconf 80' lang='grc'><strong>,</strong></span> <span class='ocrx_word' id='word_1_178' title='bbox 292 3123 360 3178; x_wconf 86' lang='lat' dir='ltr'>stra</span> <span class='ocrx_word' id='word_1_179' title='bbox 377 3112 499 3202; x_wconf 90' lang='lat' dir='ltr'>posuit.</span> <span class='ocrx_word' id='word_1_180' title='bbox 519 3112 634 3180; x_wconf 90' lang='lat' dir='ltr'>Paucis</span> <span class='ocrx_word' id='word_1_181' title='bbox 661 3111 777 3180; x_wconf 92' lang='lat' dir='ltr'>diebus</span> <span class='ocrx_word' id='word_1_182' title='bbox 806 3113 1028 3207; x_wconf 87' lang='lat' dir='ltr'>interpositis,</span> <span class='ocrx_word' id='word_1_183' title='bbox 1056 3129 1157 3182; x_wconf 92' lang='lat' dir='ltr'>noctu</span> <span class='ocrx_word' id='word_1_184' title='bbox 1188 3112 1321 3183; x_wconf 86' lang='lat' dir='ltr'>insidias</span> 
     </span>
     <span class='ocr_line' id='line_1_25' title="bbox 291 3227 1321 3328; baseline 0.002 -32"><span class='ocrx_word' id='word_1_185' title='bbox 291 3229 441 3320; x_wconf 89' lang='lat' dir='ltr'>equitum</span> <span class='ocrx_word' id='word_1_186' title='bbox 458 3227 650 3320; x_wconf 89' lang='lat' dir='ltr'>collocavit,</span> <span class='ocrx_word' id='word_1_187' title='bbox 664 3256 732 3323; x_wconf 88' lang='lat' dir='ltr'>quo</span> <span class='ocrx_word' id='word_1_188' title='bbox 746 3232 781 3300; x_wconf 88' lang='lat' dir='ltr'>in</span> <span class='ocrx_word' id='word_1_189' title='bbox 796 3231 869 3300; x_wconf 88' lang='lat' dir='ltr'>loco</span> <span class='ocrx_word' id='word_1_190' title='bbox 884 3233 1108 3328; x_wconf 85' lang='lat' dir='ltr'>superioribus</span> <span class='ocrx_word' id='word_1_191' title='bbox 1124 3233 1193 3300; x_wconf 84' lang='lat' dir='ltr'>sere</span> <span class='ocrx_word' id='word_1_192' title='bbox 1207 3232 1321 3303; x_wconf 88' lang='lat' dir='ltr'>diebus</span> 
     </span>
     <span class='ocr_line' id='line_1_26' title="bbox 292 3338 1321 3444; baseline 0 -30"><span class='ocrx_word' id='word_1_193' title='bbox 292 3349 394 3416; x_wconf 88' lang='lat' dir='ltr'>nostri</span> <span class='ocrx_word' id='word_1_194' title='bbox 415 3345 561 3441; x_wconf 84' lang='lat' dir='ltr'>pabulari</span> <span class='ocrx_word' id='word_1_195' title='bbox 580 3366 830 3420; x_wconf 82' lang='lat' dir='ltr'>consueverant</span> <span class='ocrx_word' id='word_1_196' title='bbox 856 3355 898 3420; x_wconf 84' lang='lat' dir='ltr'>Et</span> <span class='ocrx_word' id='word_1_197' title='bbox 915 3338 1018 3444; x_wconf 78' lang='lat' dir='ltr'>quuui</span> <span class='ocrx_word' id='word_1_198' title='bbox 1036 3348 1228 3442; x_wconf 85' lang='lat' dir='ltr'>quotidiana</span> <span class='ocrx_word' id='word_1_199' title='bbox 1245 3373 1321 3415; x_wconf 87' lang='lat' dir='ltr'>con·</span> 
     </span>
     <span class='ocr_line' id='line_1_27' title="bbox 290 3466 1319 3565; baseline -0.006 -29"><span class='ocrx_word' id='word_1_200' title='bbox 290 3469 465 3537; x_wconf 88' lang='lat' dir='ltr'>suetudine</span> <span class='ocrx_word' id='word_1_201' title='bbox 480 3471 525 3556; x_wconf 88' lang='lat' dir='ltr'>Q.</span> <span class='ocrx_word' id='word_1_202' title='bbox 536 3473 663 3559; x_wconf 87' lang='lat' dir='ltr'>Varus,</span> <span class='ocrx_word' id='word_1_203' title='bbox 678 3471 850 3565; x_wconf 84' lang='lat' dir='ltr'>proefectus</span> <span class='ocrx_word' id='word_1_204' title='bbox 865 3473 1014 3564; x_wconf 88' lang='lat' dir='ltr'>equitum</span> <span class='ocrx_word' id='word_1_205' title='bbox 1031 3467 1191 3552; x_wconf 88' lang='lat' dir='ltr'>Domitii,</span> <span class='ocrx_word' id='word_1_206' title='bbox 1208 3466 1319 3532; x_wconf 84' lang='lat' dir='ltr'>venis·</span> 
     </span>
     <span class='ocr_line' id='line_1_28' title="bbox 289 3569 1320 3676; baseline -0.007 -20"><span class='ocrx_word' id='word_1_207' title='bbox 289 3603 359 3676; x_wconf 88' lang='lat' dir='ltr'>set,</span> <span class='ocrx_word' id='word_1_208' title='bbox 386 3589 494 3658; x_wconf 89' lang='lat' dir='ltr'>subito</span> <span class='ocrx_word' id='word_1_209' title='bbox 518 3589 564 3658; x_wconf 90' lang='lat' dir='ltr'>illi</span> <span class='ocrx_word' id='word_1_210' title='bbox 589 3569 638 3659; x_wconf 63' lang='lat' dir='ltr'>exv</span> <span class='ocrx_word' id='word_1_211' title='bbox 654 3583 778 3659; x_wconf 87' lang='lat' dir='ltr'>insidiis</span> <span class='ocrx_word' id='word_1_212' title='bbox 804 3600 1091 3656; x_wconf 82' lang='lat' dir='ltr'>consurrexerunt.</span> <span class='ocrx_word' id='word_1_213' title='bbox 1123 3582 1187 3652; x_wconf 89' lang='lat' dir='ltr'>Sed</span> <span class='ocrx_word' id='word_1_214' title='bbox 1214 3583 1320 3650; x_wconf 86' lang='lat' dir='ltr'>nostri</span> 
     </span>
     <span class='ocr_line' id='line_1_29' title="bbox 290 3701 1321 3803; baseline -0.006 -28"><span class='ocrx_word' id='word_1_215' title='bbox 290 3707 421 3778; x_wconf 86' lang='lat' dir='ltr'>fortiter</span> <span class='ocrx_word' id='word_1_216' title='bbox 447 3734 562 3779; x_wconf 92' lang='lat' dir='ltr'>eorum</span> <span class='ocrx_word' id='word_1_217' title='bbox 582 3711 742 3803; x_wconf 88' lang='lat' dir='ltr'>impetum</span> <span class='ocrx_word' id='word_1_218' title='bbox 762 3705 929 3787; x_wconf 90' lang='lat' dir='ltr'>tulerunt,</span> <span class='ocrx_word' id='word_1_219' title='bbox 949 3701 1164 3794; x_wconf 66' lang='lat' dir='ltr'>celeriterque</span> <span class='ocrx_word' id='word_1_220' title='bbox 1183 3701 1225 3770; x_wconf 91' lang='lat' dir='ltr'>ad</span> <span class='ocrx_word' id='word_1_221' title='bbox 1244 3725 1321 3770; x_wconf 89' lang='lat' dir='ltr'>suos</span> 
     </span>
     <span class='ocr_line' id='line_1_30' title="bbox 290 3815 1322 3920; baseline -0.005 -26"><span class='ocrx_word' id='word_1_222' title='bbox 290 3828 431 3920; x_wconf 89' lang='lat' dir='ltr'>quisque</span> <span class='ocrx_word' id='word_1_223' title='bbox 456 3815 591 3898; x_wconf 75' lang='lat' dir='ltr'>ordines</span> <span class='ocrx_word' id='word_1_224' title='bbox 613 3826 723 3906; x_wconf 87' lang='lat' dir='ltr'>rediit,</span> <span class='ocrx_word' id='word_1_225' title='bbox 745 3837 843 3916; x_wconf 88' lang='lat' dir='ltr'>atque</span> <span class='ocrx_word' id='word_1_226' title='bbox 864 3819 952 3890; x_wconf 90' lang='lat' dir='ltr'>ultro</span> <span class='ocrx_word' id='word_1_227' title='bbox 979 3822 1122 3888; x_wconf 84' lang='lat' dir='ltr'>universi</span> <span class='ocrx_word' id='word_1_228' title='bbox 1146 3821 1183 3888; x_wconf 88' lang='lat' dir='ltr'>in</span> <span class='ocrx_word' id='word_1_229' title='bbox 1208 3821 1322 3889; x_wconf 89' lang='lat' dir='ltr'>hostes</span> 
     </span>
     <span class='ocr_line' id='line_1_31' title="bbox 290 3938 1324 4040; baseline -0.006 -26"><span class='ocrx_word' id='word_1_230' title='bbox 290 3946 450 4040; x_wconf 89' lang='lat' dir='ltr'>impetum</span> <span class='ocrx_word' id='word_1_231' title='bbox 468 3947 627 4018; x_wconf 81' lang='lat' dir='ltr'>lecerunt.</span> <span class='ocrx_word' id='word_1_232' title='bbox 653 3950 702 4015; x_wconf 83' lang='lat' dir='ltr'>Ex</span> <span class='ocrx_word' id='word_1_233' title='bbox 716 3944 767 4014; x_wconf 89' lang='lat' dir='ltr'>his</span> <span class='ocrx_word' id='word_1_234' title='bbox 782 3943 914 4028; x_wconf 82' lang='lat' dir='ltr'>circiter</span> <span class='ocrx_word' id='word_1_235' title='bbox 929 3965 1020 4010; x_wconf 77' lang='lat' dir='ltr'>cxxx</span> <span class='ocrx_word' id='word_1_236' title='bbox 1035 3939 1234 4028; x_wconf 88' lang='lat' dir='ltr'>intersectis,</span> <span class='ocrx_word' id='word_1_237' title='bbox 1252 3938 1324 4010; x_wconf 90' lang='lat' dir='ltr'>reli·</span> 
     </span>
    </p>
   </div>
   <div class='ocr_carea' id='block_1_3' title="bbox 0 0 1524 4766">
    <p class='ocr_par' dir='ltr' id='par_1_5' title="bbox 0 0 1524 4766">
     <span class='ocr_line' id='line_1_32' title="bbox 0 0 1524 4766; baseline 0 1"><span class='ocrx_word' id='word_1_238' title='bbox 0 0 1524 4766; x_wconf 95' lang='lat' dir='ltr'> </span> 
     </span>
    </p>
   </div>
  </div>
 </body>
</html>
