3038 4766
486 377 537 432 DE
559 375 678 432 BRLLO
699 377 815 434 ctum
832 377 906 435 m.
926 380 964 436 11.
1202 380 1239 437 ⁸3
1263 381 1267 387 “

212 523 345 570 omnem
366 500 402 570 in
422 501 544 568 virtute
565 514 729 594 reponant
752 525 761 570 t
786 523 829 570 ne
851 497 1009 574 militibus
1030 504 1180 596 quidem,
1202 523 1244 578 ut«

211 617 364 706 defessis,
381 639 491 712 neque
506 618 690 713 equitibus,
710 634 748 690 ut
762 621 875 714 paucis
890 635 924 689 et
938 617 1052 690 labore
1066 625 1240 715 confectis,

130 833 134 844 Ι
210 736 355 808 studium
376 739 417 808 ad
438 738 652 833 pugnandum
673 740 844 834 virtusque
863 740 977 812 deerat
996 768 1004 811 ε
1025 744 1083 812 sed
1103 747 1127 812 ii
1143 759 1241 815 erant

210 883 350 928 numero
365 882 425 945 cc,
439 858 558 951 reliqui
572 859 606 928 in
624 859 741 928 itinere
755 861 977 930 substiterant.
995 863 1039 931 lli
1055 871 1239 957 quamcun-

209 1001 277 1071 que
293 978 328 1046 in
343 992 472 1071 partem
487 965 646 1071 impeturn
661 979 828 1066 fecerant,
842 981 953 1051 hostes
970 980 1042 1051 loco
1056 979 1172 1052 cedere
1187 1008 1240 1053 co-

210 1098 352 1192 gebant3
366 1097 423 1166 sed
438 1121 545 1190 neque
557 1096 687 1193 longius
700 1097 863 1193 fugientes
878 1103 1047 1194 prosequi,
1064 1125 1126 1170 nec
1139 1103 1239 1170 vehe-

85 1247 92 1262 ⁸
209 1218 352 1286 mentius
375 1241 477 1310 equos
496 1218 634 1286 incitare
654 1232 815 1310 poterant.
840 1221 884 1289 rit
907 1218 1072 1313 equitatus
1094 1220 1239 1290 bostium

209 1335 251 1405 ab
269 1351 410 1430 utroque
428 1361 532 1406 cornu
550 1337 725 1406 circumire
743 1339 847 1406 aciem
865 1353 1030 1424 nostram,
1050 1353 1084 1407 et
1101 1360 1235 1408 auersos

209 1470 381 1550 proterere
400 1457 527 1550 incipit.
560 1456 673 1545 Quum
691 1456 844 1526 cohortes
864 1481 906 1525 ex
925 1458 995 1527 acie
1013 1458 1239 1551 procucurris-
1283 1535 1289 1562 Ι

209 1589 301 1662 sent,
323 1573 475 1645 Numidae
494 1574 614 1668 integri
630 1572 795 1643 celeritate
812 1575 971 1669 impetum
990 1589 1178 1644 nostrorum
1196 1575 1239 1643 ef·

208 1693 397 1789 fugiebant,
415 1717 594 1786 rursusque
610 1691 652 1761 ad
667 1692 799 1762 ordines
816 1717 893 1762 suos
910 1717 946 1762 se
964 1695 1157 1787 recipientes
1173 1695 1250 1786 cir--

208 1813 393 1899 cumibant,
418 1826 452 1880 et
473 1811 516 1882 ab
547 1812 617 1880 acie
638 1809 866 1880 excludebant.
897 1812 949 1880 Sic
971 1835 1079 1904 neque
1103 1813 1138 1879 in
1164 1810 1238 1880 loeo

209 1953 342 2000 manere
357 1929 554 2023 ordinesque
572 1949 722 2014 servare,
741 1953 849 2023 neque
863 1953 1058 2023 procurrere
1075 1945 1109 1998 et
1123 1954 1236 2001 casum
1334 2006 1342 2022 ,

209 2049 339 2135 subire,
359 2063 467 2118 tntum
487 2047 668 2116 videbatur.
694 2049 846 2117 Hostium
863 2049 984 2142 copie,
1005 2050 1174 2120 submissis
1194 2051 1237 2120 ab

209 2193 288 2264 rege
305 2167 455 2257 auxiliis,
476 2168 593 2239 crebro
609 2169 817 2264 augebantur
835 2193 844 2238 ε
864 2183 994 2238 nostros
1011 2171 1098 2241 vires
1113 2171 1238 2241 lassitu-

209 2287 287 2358 dine
305 2288 502 2360 deficiebant
520 2314 528 2358 :
546 2287 643 2360 simul
661 2290 705 2378 ii,
719 2291 777 2383 qui
795 2270 932 2360 vulnera
951 2295 1162 2384 acceperant,
1180 2315 1237 2358 ne·
1342 2273 1347 2279 ⁵

208 2431 274 2502 que
290 2411 361 2478 acie
381 2407 559 2497 excedere,
578 2431 686 2500 neque
705 2405 866 2480 inlocum
886 2421 995 2476 tntum
1012 2399 1132 2478 referri
1149 2423 1238 2502 pote-

207 2541 301 2610 rant,
321 2527 410 2622 quod
432 2542 502 2596 tota
517 2526 605 2594 acies
622 2527 775 2634 equitatq
795 2525 939 2596 hostium
959 2525 1164 2596 circumdata
1187 2533 1237 2594 t'e-

209 2646 361 2716 uebatur.
385 2647 448 2732 Hi,
460 2644 502 2712 de
517 2642 621 2712 salute
631 2666 691 2712 sua
703 2641 914 2734 desperantes
925 2693 935 2731 ,
947 2658 986 2712 ut
999 2660 1146 2713 extremo
1160 2645 1236 2714 vite

210 2777 359 2858 ternpore
374 2763 525 2832 homines
537 2757 651 2830 ¹facere
667 2773 889 2859 consuerunt,
906 2773 964 2831 aut
984 2785 1077 2831 suam
1095 2777 1236 2832 mortem

209 2883 468 2969 miserabantur,
482 2894 541 2950 aut
554 2893 706 2974 parentes
718 2902 794 2952 suos
806 2879 1099 2969 commendabant,
1112 2881 1140 2949 si
1153 2905 1235 2975 quos

209 3027 250 3072 ex
271 3025 312 3070 eo
337 2997 485 3096 periculo
511 2997 645 3069 fertum
674 3021 804 3068 servare
829 2999 1000 3094 potuisset.
1019 2997 1120 3070 Plena
1143 3016 1238 3070 erant

209 3121 323 3190 omnia
339 3118 467 3190 timoris
484 3133 519 3187 et
537 3116 655 3187 luctus.
1065 3071 1095 3140 ⁹

258 3241 363 3309 XLII.
381 3237 484 3309 Curio
504 3238 577 3326 ubi,
598 3239 780 3332 perterritis
797 3237 973 3326 ,omnibus,
992 3261 1101 3333 neque
1118 3239 1237 3310 cobor-

209 3359 350 3449 tatiqnes
369 3380 464 3443 suas,
483 3379 591 3451 neque
610 3379 723 3450 preces
740 3353 846 3426 audiri
866 3353 1037 3453 intelligit,
1057 3381 1180 3444 unam,
1200 3373 1237 3426 ut

210 3481 337 3548 miseris
354 3479 388 3547 in
404 3478 521 3563 rebus,
537 3501 629 3572 spem
646 3475 807 3570 reliquam
822 3475 937 3547 salutis
954 3502 1023 3548 esse
1038 3478 1237 3564 arbitratus,

144 3635 149 3654 ι
209 3599 376 3690 proximos
392 3596 492 3667 colles
507 3621 625 3691 capere
640 3577 829 3684 universos,
845 3609 943 3690 atque
959 3621 999 3666 eo
1016 3597 1108 3691 signa
1123 3597 1176 3664 inf
1227 3597 1235 3612 ‘

206 3716 311 3810 jubet.
324 3703 533 3810 Hosqu'oque
546 3726 752 3810 praeoccupat
762 3716 879 3784 missus
891 3740 910 3785 a
923 3715 1049 3784 Sabura
1061 3715 1235 3808 equitatus.

209 3837 296 3904 Tum
308 3859 388 3906 vero
399 3835 441 3905 ad
453 3849 618 3906 summam
628 3834 889 3928 desperationem
904 3834 1008 3904 nostri
1021 3835 1237 3928 perveniunt,

211 3965 246 4019 et
270 3955 391 4046 partim
417 3953 582 4049 fugientes
601 3930 651 4023 ab¹
666 3955 817 4047 equitatu
837 3953 1096 4040 interficiuntur,
1116 3954 1236 4048 partim

1068 4073 1101 4145 6.
