3026 4768
252 332 289 388 δι
407 327 437 382 C.
459 326 557 382 sunu
579 323 740 381 CAESARIS
762 320 1132 378 COMMENTARIORUM

251 456 313 524 bus
339 453 544 544 Lingonum,
567 463 615 534 et,
642 461 736 541 parte
762 444 904 539 quadam
929 469 969 513 ex
997 445 1117 513 Rheno
1145 460 1291 538 recepta,

252 595 325 666 quae
345 565 531 662 appellatur
550 565 700 652 Vahalis,
717 563 860 636 insulam
879 563 979 632 efficit
999 567 1216 651 batavorum,
1233 588 1292 632 ne-

253 715 318 783 que
338 687 470 782 lougius
492 686 534 755 ab
556 711 596 754 eo
613 683 759 754 millibus
782 707 938 777 passuum
957 707 1048 754 cxxx
1067 686 1101 752 in
1122 687 1291 754 Oceanum

254 809 382 877 transit.
397 807 535 876 Rhenus
549 820 660 874 autem
676 807 784 873 oritur
798 828 839 872 ex
854 804 1043 896 Lepontiis,
1059 805 1117 897 qui
1131 800 1231 898 Alpes
1245 805 1294 872 in·

254 925 385 1013 colunt,
408 940 442 994 et
457 924 557 1019 longo
572 925 678 1018 spatio
697 922 855 1018 perfines
873 923 1107 1010 Nantuatium,
1127 923 1295 994 Helvetio-
1398 1001 1401 1006 ,

255 1071 345 1132 rum,
382 1047 633 1138 Sequanorum,
669 1042 1020 1126 Mediomatricorum,
1056 1041 1296 1130 Tribucorum,

256 1165 468 1251 Treviorum,
495 1165 614 1234 citatus
643 1162 750 1234 fertur
771 1189 779 1230 ε
799 1177 849 1245 et,
870 1162 928 1230 ubi
953 1163 1088 1230 Oceano
1116 1163 1296 1255 appropin-

259 1297 355 1377 quat,
373 1285 406 1350 in
425 1281 537 1375 plures
556 1281 677 1352 diffluit
696 1297 821 1375 partes,
842 1277 956 1350 multis
976 1281 1231 1376 ingentibusque
1249 1281 1298 1348 in·

260 1399 340 1471 sulis
365 1401 505 1488 effectis,
531 1425 673 1494 quarum
694 1425 769 1496 pars
792 1423 913 1495 magna
938 1423 957 1467 a
982 1399 1061 1468 ieris
1082 1400 1299 1492 barbarisque

207 1543 212 1558 ι
261 1521 450 1591 nationibus
470 1519 636 1606 incolitur,
652 1545 693 1589 ex
712 1520 832 1614 quibus
852 1534 947 1606 sunt,
963 1521 1021 1611 qui
1040 1519 1183 1612 piscibus
1199 1533 1300 1611 atque

262 1643 333 1710 ovis
351 1641 462 1708 avium
476 1641 592 1735 'vivere
613 1641 856 1723 existimantur,
879 1638 1058 1731 multisque
1079 1639 1243 1732 capitibus
1266 1641 1300 1706 in

154 1774 157 1780 '
263 1763 434 1828 Oceanum
454 1760 574 1850 influit.

313 1882 372 1949 xl.
391 1881 517 1966 Caesar,
536 1878 639 1971 quun't
657 1878 699 1946 ab
718 1878 813 1946 hoste
833 1903 900 1947 non
920 1877 1062 1971 amplius
1082 1894 1237 1972 passuum
1253 1901 1303 1948 ιιι

265 1999 411 2070 millibus
427 1999 569 2083 abesset,
587 2013 624 2066 ut
645 2013 714 2067 erat
731 1999 963 2085 constitutum,
980 1992 1116 2068 adeum
1135 1998 1233 2094 legati
1252 2025 1305 2068 re·

266 2130 442 2186 vertuntur
469 2143 478 2186 ε
504 2118 582 2210 qui,
610 2118 643 2185 in
669 2119 786 2185 itinere
811 2118 992 2210 congressi,
1021 2141 1235 2211 magnopere,
1263 2144 1307 2187 ne

267 2236 398 2332 longius
412 2235 678 2330 progrederetur,
699 2237 849 2305 orabant.
863 2238 977 2326 Quum
994 2235 1029 2303 id
1048 2261 1117 2304 non
1135 2239 1307 2330 impetras-

269 2371 357 2443 sent,
372 2355 544 2449 petebant,
558 2355 607 2423 uti
622 2354 664 2422 ad
683 2380 738 2424 eos
755 2356 899 2448 equites,
913 2357 970 2448 qui
982 2379 1100 2448 agmen
1116 2358 1308 2426 antecessis-

270 2491 362 2564 sent,
392 2476 612 2568 permitteret,
645 2497 765 2566 eosque
797 2498 909 2568 pugna
941 2475 1148 2567 prohiberet3
1182 2473 1309 2568 sibique

272 2602 319 2669 uti
337 2595 534 2689 potestatein
548 2592 687 2679 faceret,
707 2594 740 2660 in
758 2593 862 2662 Ubios
879 2591 1004 2688 legatos
1025 2587 1206 2663 mittendi:
1226 2619 1311 2690 qup-

272 2739 347 2786 rum
363 2715 389 2782 si
410 2713 577 2807 principes
595 2689 781 2780 acsenatus
797 2712 860 2780 sibi
871 2713 1090 2807 jurejurando
1106 2713 1205 2784 fidem
1223 2714 1313 2785 fecis·

273 2846 364 2918 sent,
386 2857 425 2902 ea
448 2830 655 2918 conditione,
682 2854 755 2923 quae
775 2855 795 2898 a
814 2833 943 2901 Cesare
959 2831 1117 2921 ferretur,
1134 2858 1169 2903 se
1193 2857 1312 2904 usuros

274 2949 491 3020 ostendebant
509 2978 517 3019 :
535 2951 577 3019 ad
590 2952 648 3019 has
665 2974 716 3017 res
730 2949 950 3019 conficiendas
967 2952 1028 3020 sibi
1050 2953 1152 3021 tridui
1168 2953 1312 3047 spatium
1406 3027 1407 3034 χ

275 3067 379 3136 daret.
395 3070 472 3136 ilaec
487 3073 598 3154 omnia
614 3072 723 3138 Caesar
740 3068 855 3138 eodem
875 3068 934 3138 illo
950 3073 1116 3162 pertinere
1132 3073 1314 3142 arbitraba-

277 3199 332 3254 tur
343 3237 353 3274 ,
364 3199 416 3272 ut,
429 3185 531 3256 tridui
544 3212 636 3257 mora
649 3188 858 3281 interposita,
872 3189 1001 3280 equites
1013 3214 1143 3276 eorum,
1157 3193 1215 3284 qui
1227 3194 1316 3262 abes·

278 3320 365 3392 sent,
386 3319 630 3375 reverterentur
656 3332 664 3376 :
692 3321 802 3375 tamen
830 3329 900 3376 sese
923 3331 991 3376 non
1012 3307 1146 3402 iongius
1169 3309 1316 3382 millibus

279 3446 433 3516 passutm
454 3446 490 3492 ιν
505 3425 691 3518 aquationis
708 3447 805 3494 causa
824 3449 1054 3520 processurum
1076 3454 1115 3498 eo
1135 3427 1189 3498 die
1208 3429 1315 3499 dixit:

280 3543 346 3610 huc
360 3556 492 3636 postero
511 3542 564 3612 die
581 3568 680 3636 quam
701 3544 956 3638 frequentissimi
971 3550 1202 3630 convenirent,
1223 3565 1261 3618 ut
1277 3550 1318 3620 de

282 3685 396 3729 eorum
413 3659 586 3754 postulatis
603 3677 823 3756 cognosceret.
844 3665 982 3732 Interim
998 3664 1041 3733 ad
1057 3666 1243 3759 prefectos,
1261 3671 1319 3760 qui

283 3782 471 3848 cumomni
499 3781 648 3873 equitatu
676 3797 933 3870 antecesserant,
960 3783 1078 3872 mittit,
1103 3785 1161 3877 qui
1186 3788 1320 3854 nuntia-

284 3912 373 3982 rent,
394 3922 435 3966 ne
449 3899 559 3969 hostes
574 3898 691 3992 proelio
704 3899 919 3990 lacesserent,
933 3917 981 3990 et,
997 3903 1023 3972 si
1043 3905 1106 3996 ipsi
1123 3902 1321 3976 lacesseren-
