3014 4780
299 393 355 452 302
475 397 506 450 C.
524 395 624 450 JULll
644 395 810 450 crusillis
830 394 1017 450 comitr.
1039 397 1149 450 LIBER

300 517 579 611 proficiscuntur:
598 516 687 609 quod
706 515 864 609 oppidum
885 539 992 609 magna
1012 519 1193 586 munitione
1211 523 1319 588 conti-

245 701 251 705 .
301 639 450 725 uebatur,
469 639 530 726 sic,
549 651 586 705 ut
607 638 675 729 ipsc
696 635 787 703 locus
809 660 875 702 nou
890 659 988 702 scum
1006 661 1120 728 opere,
1143 637 1318 708 sedetiam

301 777 419 830 tratura
445 759 572 843 editus,
596 757 637 824 ab
657 753 883 849 oppugnando
907 755 1023 824 lustem
1046 771 1215 825 averteret.
1244 763 1318 828 Huc

299 878 493 962 accedebat,
509 892 545 947 ut
558 899 660 967 aqua,
678 887 893 970 preterquam
907 875 1017 967 inipso
1033 875 1156 968 oppido
1170 878 1318 966 Munda,

301 998 515 1070 circumcirca
541 1017 701 1086 nusquam
740 993 930 1086 reperiretur
954 995 1091 1085 propius
1114 993 1216 1063 millia
1245 1021 1316 1088 pas·

300 1145 397 1189 suum
415 1140 490 1186 vrri.
514 1117 599 1204 Quae
618 1137 671 1180 res
690 1135 809 1206 magno
828 1126 899 1180 erat
916 1111 1105 1202 adjumento
1131 1111 1318 1206 oppidanis.

301 1242 386 1308 Tum
400 1251 556 1329 praterea
568 1231 759 1317 accedebat,
770 1245 805 1300 ut
814 1233 1155 1325 aggermatericsque,
1169 1233 1257 1302 unde
1267 1259 1319 1304 so-

302 1357 366 1424 litae
380 1369 457 1422 sunt
477 1368 582 1421 turres
598 1354 669 1445 agi,
689 1353 825 1445 propius
841 1349 932 1418 milla
952 1375 1108 1444 passuum
1127 1377 1162 1423 vr
1184 1379 1250 1421 nou
1267 1380 1319 1422 re·

302 1473 521 1568 pariebantur.
558 1475 602 1540 Ac
629 1471 820 1563 Pompeius,
843 1484 880 1538 ut
905 1470 1012 1563 oppidi
1038 1473 1315 1564 oppugnationem

301 1592 456 1662 tutiorem
481 1589 637 1672 efficeret,
666 1613 797 1657 omnem
823 1591 981 1658 materiem
1004 1591 1128 1658 circum
1159 1592 1317 1683 oppidum

302 1712 575 1782 succisam-iutro
599 1710 770 1803 congessit.
795 1709 846 1775 Ita
871 1709 1043 1778 caesario
1072 1707 1320 1780 deducebantur

304 1833 423 1916 nostri,
442 1844 477 1908 ut
493 1855 513 1899 a
527 1826 670 1914 Munda,
683 1851 781 1921 quam
798 1829 936 1922 proxine
955 1843 1127 1920 ceperant,
1146 1832 1316 1900 materiem

304 1950 361 2020 illo
378 1950 598 2042 deportarent
1323 2030 1324 2033 Ἴ

350 2065 1322 2164 XLILDumhaecadMuudamgeranturetUrsaonem,Cae·

302 2211 369 2275 sar,
381 2161 668 2279 quiimaGadibus
678 2185 720 2253 ad
730 2185 920 2280 Hispalimse
931 2191 1320 2282 recepisset,iusequenti

303 2308 370 2393 dic,
385 2307 541 2375 concione
558 2305 736 2394 advocata,
749 2325 994 2377 commenurat:
1007 2312 1132 2380 «Initio
1147 2325 1321 2402 qnaesttuae

303 2451 367 2496 sure
383 2449 454 2495 eam
472 2427 676 2522 provinciam
702 2451 740 2495 ex
764 2429 908 2496 omnibus
926 2431 1101 2522 provinciis
1120 2429 1318 2523 peculiarem

303 2547 364 2616 sibi
382 2547 607 2633 constituisse,
627 2560 675 2634 et,
693 2571 766 2640 quae
784 2552 934 2640 potuisset
951 2573 990 2616 eo
1010 2563 1177 2641 tempore,
1193 2551 1321 2618 benefi-

250 2726 253 2734 ,
296 2666 516 2762 -cialargitum
534 2691 613 2736 esse.
626 2670 817 2759 Insequenti
837 2686 987 2761 praetura,
1001 2667 1156 2762 ampliato
1173 2669 1320 2752 honore,

303 2785 488 2880 vectigalia,
513 2811 586 2878 quae
608 2783 760 2854 Metellus
792 2786 1013 2879 imposuisset,
1037 2801 1150 2856 senatu
1175 2791 1320 2880 petisse,

302 2920 335 2974 et
350 2907 396 2974 eis
416 2906 561 2998 pecuniis
579 2907 781 2998 provinciam
804 2905 977 2976 liberasse:
1002 2905 1180 3000 simulque,
1205 2922 1320 3002 patro·

233 3037 234 3042 ’
303 3027 390 3092 cinio
407 3043 575 3119 suscepto,
593 3025 704 3094 multis
723 3025 933 3119 legationibus
946 3027 988 3095 ab
1006 3028 1084 3095 sein
1103 3044 1251 3097 senatum
1270 3030 1322 3097 in·

302 3143 430 3227 ductis,
451 3143 547 3212 simul
576 3143 724 3238 publicas
752 3149 952 3240 privatasque
985 3154 1112 3232 causas,
1140 3147 1322 3217 multorum

303 3263 481 3331 inimicitiis
496 3267 672 3356 susceptu,
692 3265 872 3334 defendisse
890 3291 898 3333 ε
917 3289 976 3332 suo
997 3265 1075 3332 item
1096 3267 1131 3332 iu
1148 3265 1322 3334 consulatu

301 3365 488 3468 absentem,
499 3407 570 3476 quae
585 3386 762 3477 potuisset,
776 3383 942 3469 commoda
951 3375 1129 3477 provinciae
1146 3385 1321 3454 tribuisse:

300 3511 414 3572 eorum
428 3504 574 3572 omnium
589 3503 836 3574 commodorum
850 3527 914 3573 esse
929 3518 963 3572 et
976 3506 1180 3573 immemores
1193 3553 1203 3588 ,
1217 3518 1251 3570 et
1270 3505 1324 3570 in·

300 3639 410 3718 gratos
433 3626 468 3692 in
491 3649 525 3693 se
541 3640 574 3693 ct
591 3627 624 3693 iu
646 3623 804 3718 populum
823 3649 1009 3713 romanum,
1035 3626 1097 3692 hoc
1123 3621 1209 3689 bello
1229 3635 1262 3688 et
1285 3623 1323 3692 in

301 3745 464 3838 praeterito
491 3759 637 3840 tempore
661 3769 828 3839 cognosse.
854 3747 935 3832 Vos,
959 3748 1033 3840 jure
1056 3743 1198 3837 gentium
1218 3755 1251 3809 ct
1273 3745 1322 3810 ci-

301 3865 389 3932 vium
400 3889 610 3932 romanorum
630 3866 786 3933 institutis
802 3868 959 3960 cognitis,
975 3888 1064 3934 more
1083 3861 1322 3950 Barbarorum,

300 3983 412 4078 populi
432 3985 560 4053 romani
587 3986 828 4080 magistratibus
858 3987 1068 4058 sacrosanctis
1089 4009 1204 4054 manus
1223 3980 1322 4052 semel
