3020 4768
255 335 273 392 6
413 336 560 394 c.1111.11
579 335 744 394 GAESARIS
765 336 1130 401 comnnffloaum

250 460 381 551 buerit,
406 463 578 534 ademisse.
602 463 877 558 Quotiescunque
897 467 943 535 ait
967 466 1153 558 decretum,
1176 468 1295 540 darent

252 585 462 680 magistratus
481 607 632 679 operam,
653 608 695 652 ne
715 583 797 677 quid
818 585 1007 681 respublica
1027 587 1218 658 detrimenti
1238 614 1295 659 ca·

250 720 344 800 peret
363 705 446 802 (qua
463 729 544 776 voce
564 719 598 774 et
612 729 681 799 quo
697 707 730 774 S.
752 708 791 775 C.
809 704 951 802 populus
970 733 1128 793 romanus
1143 708 1186 780 ad
1201 735 1295 780 arma

250 830 292 898 sit
318 825 486 922 vocatus),
506 826 630 896 lactum
653 827 686 894 in
712 827 903 920 perniciosis
921 825 1064 922 legibus,
1080 831 1116 899 in
1132 831 1166 899 vi
1187 831 1294 900 tribu-

250 949 348 1033 nitia,
366 949 401 1016 in
421 947 604 1015 secessione
624 945 759 1040 populi,
779 944 912 1041 templis
932 945 1078 1042 locisque
1098 949 1293 1022 editioribus

250 1069 437 1161 occupatis3
462 1083 564 1161 atque
581 1067 651 1137 haec
671 1069 850 1162 superioris
871 1072 974 1138 aetatis
993 1069 1145 1165 exempla
1162 1075 1294 1167 expiata

251 1188 428 1256 Saturnini
447 1201 547 1282 atque
574 1187 806 1258 Gracchorum
836 1189 965 1258 casibus
994 1189 1090 1260 docet
1116 1217 1124 1259 :
1150 1217 1293 1286 quarum

250 1331 363 1376 rerum
379 1306 437 1376 illo
452 1322 600 1403 tempore
618 1307 702 1378 nihil
716 1307 858 1396 factum,
876 1333 919 1377 na
938 1311 1120 1405 cogitatum
1138 1311 1293 1405 quidem;

250 1425 343 1495 nulla
356 1425 408 1496 lex
420 1427 648 1522 promulgata,
662 1452 731 1497 non
745 1452 823 1507 cum
831 1427 958 1522 populo
969 1431 1023 1524 agi
1033 1430 1293 1524 coeptum,nulla

250 1549 392 1616 secessio
407 1546 504 1616 facta.
521 1551 699 1637 Hortatur,
716 1549 810 1642 cujus
826 1548 1036 1642 imperatoris
1052 1550 1154 1620 ductu
1171 1575 1291 1622 novem

249 1669 345 1737 annis
379 1666 621 1761 rempublicam
657 1666 844 1738 felicissime
875 1671 1050 1763 gesserint,
1082 1649 1293 1766 plurimaque

248 1787 365 1881 proelia
380 1787 525 1857 secunda
538 1788 692 1875 feceriut,
706 1813 840 1858 omnem
854 1786 998 1860 Galliam
1011 1793 1293 1886 Germaniamque

248 1909 455 2001 pacaverint,
472 1923 510 1977 ut
524 1910 595 2003 ejus
608 1909 886 1979 existimationem
899 1909 1160 2005 dignitatemque
1170 1912 1214 2000 ab
1230 1913 1293 1980 ini·

248 2027 343 2096 micis
366 2027 554 2096 defendant.
575 2027 794 2100 Conclamant
814 2028 954 2124 legionis
970 2053 1050 2119 1111,
1069 2052 1142 2124 quae
1162 2031 1292 2117 aderat,

249 2144 372 2214 milites
393 2147 497 2242 (hanc
516 2148 607 2216 enim
628 2149 724 2216 initio
743 2146 907 2218 tumultus
927 2164 1136 2238 evocaverat,
1156 2149 1292 2246 reliquae

248 2265 399 2335 noudum
429 2266 675 2362 convenerant)
703 2293 808 2336 «sese
829 2282 963 2362 paratos
988 2294 1058 2338 esse
1083 2271 1292 2365 imperatoris

248 2388 300 2454 sui
318 2387 596 2481 tribunorumque
610 2387 717 2482 plebis
732 2389 870 2483 injurias
887 2388 1072 2460 defendere.
1090 2421 1107 2456 a
1195 2389 1199 2396 “

297 2510 388 2580 VIII.
407 2509 552 2602 Cognita
573 2505 717 2577 militum
739 2508 924 2599 voluntate,
947 2511 1137 2580 Ariminum
1155 2536 1232 2581 cum
1253 2537 1292 2582 ea

247 2626 379 2723 legione
398 2627 635 2722 proficiscitur,
651 2629 762 2723 ibique
776 2629 927 2699 tribunos
945 2627 1065 2723 plebis,
1081 2632 1139 2725 qui
1156 2630 1290 2700 adeum
1407 2722 1411 2728 Ι

248 2748 482 2844 confugerant,
498 2750 670 2836 convenit3
684 2746 828 2843 reliquas
841 2746 986 2845 legiones
1000 2773 1039 2818 ex
1053 2751 1201 2820 hibernis
1212 2775 1290 2819 evo-

247 2883 317 2956 cat,
331 2883 365 2938 et
376 2869 531 2963 subsequi
546 2869 651 2962 jubet.
665 2871 714 2938 Eo
729 2873 768 2938 L.
785 2870 896 2937 Caesar
908 2869 1098 2940 adolescens
1113 2869 1215 2956 veuit,
1232 2893 1290 2938 cu-

244 2989 300 3081 jus
316 3004 411 3083 pater
425 2991 563 3059 Caesaris
580 3003 651 3058 erat
670 2985 809 3084 legatus.
828 2993 876 3075 Is,
896 2986 1026 3082 reliquo
1042 3013 1193 3060 sermone
1210 3013 1289 3058 con·

247 3105 354 3194 fecto,
373 3111 467 3202 cujus
486 3110 535 3178 rei
560 3133 658 3178 causa
675 3121 825 3190 venerat,
846 3107 967 3176 habere
982 3131 1017 3176 se
1035 3131 1055 3175 a
1070 3111 1229 3204 Pompeio
1248 3111 1291 3180 ad

248 3249 325 3296 eum
344 3229 466 3322 privati
486 3229 588 3298 officii
613 3228 768 3298 mandata
791 3227 1027 3298 demonstrat:
1048 3257 1065 3291 α
1082 3227 1168 3297 velle
1190 3233 1291 3300 Pom·

247 3349 361 3442 peium
374 3373 410 3417 se
424 3349 546 3417 Caesari
562 3363 759 3445 purgatum,
774 3371 816 3416 ne
827 3371 881 3433 aa,
897 3369 972 3439 quae
988 3344 1178 3438 reipublieae
1191 3370 1291 3416 causa

202 3451 204 3456 ⁵
247 3469 368 3565 egerit,
387 3469 540 3538 insuam
563 3467 799 3538 contumeliam
822 3480 947 3552 vertat,
970 3489 1100 3558 semper
1123 3489 1157 3533 se
1176 3467 1291 3560 reipu-

247 3587 342 3660 blicae
355 3588 530 3660 commoda
547 3589 686 3682 privatis
701 3586 951 3656 necessitatibus
966 3585 1121 3655 babuisse
1136 3587 1289 3679 potiora:

249 3711 413 3780 Caesarem
429 3733 563 3804 quoque
578 3733 641 3804 pro
656 3731 716 3776 sua
731 3704 893 3800 dignitate
908 3705 1028 3774 debere
1042 3716 1077 3772 et
1092 3703 1239 3773 studium
1257 3721 1292 3775 et

250 3827 455 3898 iracundiam
476 3853 569 3899 suam
587 3823 777 3921 reipublicae
792 3824 974 3911 dimittere,
992 3847 1101 3916 neque
1117 3823 1201 3894 adeo
1221 3849 1294 3921 gra·

247 3949 333 4018 viter
349 3949 445 4018 irasci
460 3949 621 4035 inimicis,
635 3969 692 4034 ne,
705 3969 809 4039 quum
824 3943 888 4015 illis
905 3969 1024 4014 nocere
1041 3967 1074 4012 se
1091 3960 1214 4038 speret,
1228 3946 1292 4015 rei·
