3038 4766
460 385 511 443 nn
533 383 656 441 annno
676 383 793 440 crvmr
813 383 883 439 nra.
900 384 938 439 11.
1177 387 1213 457 7⁵

187 514 261 585 illos
271 515 368 584 etiam
382 511 498 604 iniquo
515 509 587 579 loeo
601 506 824 578 dimicandum
841 521 968 602 putare.
986 537 1003 572 α
1013 509 1088 598 Qun
1104 515 1214 602 enim,

187 636 312 728 inquit,
328 630 448 702 fiducia
460 643 494 700 et
504 653 603 723 opere
617 641 650 697 et
664 643 782 698 natura
797 626 860 697 loci
876 629 1092 700 munitissima
1108 647 1214 703 castra

186 752 367 848 expugnari
384 773 479 846 posse
497 747 713 817 confidimus?
733 761 791 816 aut
810 749 985 841 veroquid
1007 749 1214 843 proficimus,

187 875 230 961 si,
250 885 386 965 eccepto
400 891 521 963 magno
539 867 754 956 detrimento,
771 867 812 936 ab
831 870 1077 962 oppugnatione
1089 885 1215 940 castro·

187 1017 261 1062 rum
274 987 492 1060 discedimus?
506 987 598 1081 quasi
627 1011 695 1055 non
714 999 747 1056 et
761 985 897 1057 felicitas
919 1013 1029 1060 rerum
1049 1004 1215 1083 gestarum

187 1113 348 1182 exercitus
369 1106 629 1180 benevolentiam
647 1107 921 1199 imperatoribus,
939 1123 973 1178 et
996 1133 1048 1178 res
1071 1110 1215 1180 adverse

186 1231 262 1300 odia
283 1227 468 1300 concilient.
490 1229 681 1297 Castrorum
701 1239 812 1295 autern
830 1227 970 1298 mutatio
988 1228 1069 1321 quid
1092 1230 1214 1318 habet,

187 1349 249 1418 nisi
268 1363 399 1442 turpem
418 1347 549 1441 fugam,
569 1359 602 1414 et
616 1344 874 1440 desperationem
895 1348 1064 1436 omnium,
1082 1363 1116 1418 et
1138 1348 1217 1419 alie·

186 1469 353 1538 nationem
362 1463 543 1535 exercitus?
556 1487 632 1533 narn
644 1487 749 1556 neque
758 1463 934 1557 prudentes
947 1468 1107 1560 suspicari
1120 1493 1217 1562 opor·
1346 1465 1351 1473 ’

187 1601 251 1675 tet,
262 1587 323 1656 sibi
337 1609 455 1679 parum
470 1583 692 1676 credi5neque
709 1582 875 1676 improbos
885 1583 985 1670 scire,
1001 1609 1070 1654 sese
1084 1587 1215 1655 timeri:

187 1705 278 1800 quod
295 1703 359 1774 illis
374 1702 539 1799 licentiam
562 1703 662 1770 timor
682 1714 801 1795 augeat
818 1715 943 1790 nostem
962 1703 1014 1772 his
1034 1703 1143 1774 studia
1157 1704 1215 1774 de·

186 1827 324 1894 minuat.
343 1822 443 1912 Quod
470 1823 598 1916 sijum,
617 1823 743 1914 inquit,
759 1821 827 1890 baec
852 1820 1020 1916 explorata
1038 1823 1216 1911 babemus,

188 1969 259 2038 quse
277 1943 319 2011 de
336 1944 497 2012 exercitus
515 1939 711 2010 alienatione
729 1939 899 2030 dicuutur,
916 1966 987 2036 quae
1007 1941 1141 2035 quidem
1155 1968 1217 2040 ego

186 2077 246 2132 aut
268 2063 403 2130 omnino
424 2059 521 2150 salsa,
540 2074 599 2130 aut
616 2073 703 2130 certe
723 2061 850 2129 minora
869 2061 1024 2155 opinione
1048 2085 1117 2132 esse
1136 2087 1217 2134 con·

187 2182 275 2266 fido,
303 2195 444 2275 quanto,
467 2181 536 2250 hec
554 2178 752 2250 dissimulari
781 2193 813 2248 et
840 2177 1014 2268 occultari,
1035 2204 1135 2274 mam
1159 2207 1218 2276 per

187 2327 247 2371 nos
263 2301 466 2386 confirmari,
480 2297 631 2394 prestat?
649 2301 702 2368 An
717 2323 804 2382 nou,
827 2299 874 2368 uti
890 2300 1038 2392 corporis
1059 2299 1217 2390 vulnera,

188 2421 233 2490 ita
250 2423 408 2490 exercitus
427 2417 633 2488 incommoda
649 2432 726 2487 sunt
745 2416 900 2512 tegenda,
920 2441 962 2486 ne
983 2442 1074 2512 spem
1099 2419 1217 2488 adver·

189 2543 281 2610 sariis
289 2539 538 2634 augeamuslrlt
550 2539 668 2622 etiam,
680 2552 717 2605 ut
726 2535 832 2604 media
848 2549 943 2604 nocte
953 2537 1218 2630 proficiscamur,

188 2658 332 2745 addunt3
352 2683 419 2752 quo
445 2657 619 2748 majorem,
651 2653 767 2739 credo,
786 2649 952 2722 licentiam
976 2652 1138 2741 habeant,
1161 2659 1218 2748 qui

187 2801 323 2873 peccare
346 2789 533 2844 conentur:
555 2795 696 2863 namque
718 2772 907 2865 hujusmodi
934 2794 986 2840 res
1004 2791 1063 2843 aut
1076 2775 1218 2868 pudore,

189 2912 248 2966 aut
265 2910 355 2965 metu
372 2905 542 2979 tenentur,
554 2889 672 2984 quibus
688 2890 786 2959 rebus
801 2916 868 2961 nox
884 2895 1023 2962 maxime
1035 2893 1219 2963 adversaris

189 3029 248 3084 est
268 3015 381 3103 Quare
399 3035 505 3105 neque
517 3012 599 3080 tanti
613 3034 686 3079 sum
701 3011 821 3099 animi,
838 3026 874 3081 ut
893 3013 962 3082 sine
979 3036 1036 3107 spe
1045 3029 1151 3083 castra
1164 3039 1221 3109 cp-

189 3131 368 3227 pugnsndc
388 3155 553 3219 censeam
585 3155 692 3224 neque
713 3131 795 3200 tanti
817 3132 964 3222 umoris,
989 3148 1027 3202 ut
1051 3133 1121 3228 ipse
1141 3134 1221 3204 defi·

190 3253 274 3321 ciam
287 3277 296 3320 ε
307 3266 407 3345 atque
417 3252 527 3320 omnia
540 3252 632 3345 prius
647 3249 842 3345 experienda
860 3252 1022 3342 arbitror,
1036 3277 1221 3348 magnaque

191 3388 336 3468 exparte
348 3373 418 3466 jam
435 3396 489 3440 me
502 3396 569 3440 una
587 3372 755 3441 vobiscaun
772 3371 812 3440 de
827 3395 863 3440 re
877 3373 1039 3465 judicium
1054 3371 1219 3442 facturum

190 3492 331 3562 confido.
344 3521 362 3558 s

239 3615 380 3681 XXXII.
407 3611 552 3681 Dimisso
571 3610 726 3700 concilio,
750 3613 941 3683 concionem
969 3613 1108 3682 advocat
1133 3609 1221 3680 mili·

192 3745 263 3801 tum
278 3732 706 3825 :commemorst‚cquosit
722 3757 838 3802 eorum
855 3757 932 3802 usus
953 3731 1062 3801 studio
1082 3730 1124 3800 ad
1137 3733 1222 3800 Cor·

193 3850 425 3920 liniumCaesar
435 3876 444 3919 :
456 3863 654 3946 utmagnsm
665 3867 793 3946 partem
809 3850 931 3942 Italiae,
946 3852 1105 3922 beneficio
1123 3864 1222 3945 atque

193 3969 387 4038 auctoritate
403 3993 534 4057 eorum,
551 3994 644 4040 sunm
661 3972 784 4045 feeerit.
800 3976 870 4043 Vos
889 3973 997 4064 enim,
1012 3987 1224 4064 vestrumque
