3068 4772
480 419 530 476 DE
552 417 674 476 canto
693 419 984 477 amaricatae
1190 439 1241 493 ¹7¹

213 543 261 614 illi
276 547 302 615 si
322 557 530 638 superassent
543 541 700 630 navibus,
717 543 829 611 omnia
846 555 1012 630 tenerent3
1032 542 1059 610 si
1075 542 1245 615 inferiores

212 668 362 748 fuissent,
378 662 538 758 reliquam
565 676 674 732 tamen
697 661 865 732 fortunam
890 659 1164 755 periclitarentur.
1192 665 1244 732 Si·

212 783 281 856 mul
299 781 383 852 illud
410 805 510 877 mave
535 805 574 851 ac
604 779 977 873 miserumtvidebatur,
1004 803 1186 877 perpaucos
1204 782 1246 852 de

213 926 341 972 summa
355 923 465 972 rerum
484 924 523 969 ac
538 898 580 970 de
593 896 697 969 salute
723 900 873 970 omnium
889 899 1059 970 decertare
1077 925 1085 969 ε
1103 923 1245 995 quorum

214 1022 310 1115 siqui
320 1035 378 1090 aut
392 1021 505 1089 animo
520 1034 577 1088 aut
588 1020 709 1090 virtute
724 1019 889 1106 cessisset,
903 1017 1037 1113 reliquis
1048 1021 1147 1090 etiam
1161 1033 1246 1090 esset

213 1139 413 1224 carendum,
430 1137 550 1232 quibus
567 1161 629 1233 pro
645 1161 681 1208 se
693 1136 863 1232 pugnandi
880 1135 1017 1212 facultas
1034 1161 1102 1211 non
1123 1137 1244 1208 luisset

214 1259 292 1328 Hac
315 1256 539 1352 superioribus
555 1255 670 1327 diebus
688 1279 914 1352 sepenumero
935 1259 1046 1330 Caesar
1060 1259 1127 1328 suis
1142 1281 1244 1352 espo-

214 1390 340 1464 suerat,
355 1390 393 1446 ut
409 1375 473 1445 hoc
482 1375 598 1469 majori
607 1377 717 1445 animo
726 1374 983 1465 contenderent,
996 1376 1087 1470 quod
1096 1377 1245 1446 omnium

214 1494 350 1565 salutem
367 1495 428 1564 sibi
444 1493 705 1565 commendatam
723 1492 883 1564 viderent.
903 1494 1026 1566 Eadem
1041 1517 1137 1566 suum
1154 1496 1244 1587 quis·

213 1637 279 1706 qus
312 1611 604 1698 contubernalem,
624 1613 786 1698 amicum,
811 1627 929 1683 notum
952 1637 1155 1708 prosequens
1177 1626 1248 1682 erat

213 1733 411 1821 obtestatus,
427 1757 469 1801 ne
484 1755 576 1802 suam
595 1745 696 1824 atque
714 1732 863 1801 omnium
880 1729 1008 1802 falleret
1032 1733 1245 1827 opinionem,

213 1875 356 1945 quorum
369 1850 494 1946 judicio
511 1849 656 1920 delectus
673 1848 715 1918 ad
730 1873 877 1946 pugnam
893 1850 1162 1945 proficisceretur.
1180 1853 1247 1920 lta·

214 1971 349 2063 quehoc
363 1971 474 2039 animo
493 1983 543 2040 est
558 1966 778 2056 decertatum,
791 1984 828 2038 ut
839 1993 947 2064 neque
957 1971 1129 2040 maritimis
1139 1971 1247 2038 nauti·

213 2091 324 2182 cisque
344 2087 476 2158 solertia
493 2103 593 2182 atqua
612 2111 666 2158 ars
694 2087 881 2182 praesidium
904 2088 1028 2174 ferret;
1050 2112 1157 2183 neque
1183 2111 1248 2158 nu·

214 2231 307 2276 mero
325 2209 458 2277 navium
478 2207 707 2303 prestantibus
731 2205 912 2278 multitudo
932 2207 1117 2303 prodesset,
1140 2231 1246 2302 neque

214 2324 309 2396 electi
322 2325 364 2396 ad
381 2328 536 2396 uirtutem
551 2351 589 2395 ex
607 2339 698 2395 tanta
713 2325 925 2396 multitudine
940 2327 1086 2397 bostium
1100 2327 1164 2396 riri
1178 2329 1246 2396 vir·

214 2449 276 2515 tuti
300 2461 487 2516 nostrorum
517 2460 650 2540 possent
677 2443 851 2538 adequari.
871 2447 1012 2540 Capitur
1038 2447 1102 2516 hoc
1132 2443 1249 2542 proelio

213 2565 460 2658 quinqueremis
482 2587 547 2632 rana
568 2578 601 2634 et
622 2563 756 2632 biremis
774 2587 850 2631 cum
868 2561 1094 2634 defensoribus
1118 2563 1250 2657 remigi·

213 2683 356 2776 busque,
384 2697 418 2752 et
441 2682 672 2776 deprimuntur
695 2695 777 2768 tres,
801 2683 922 2751 nostris
943 2680 1166 2753 incolumibus
1181 2705 1249 2751 om·

214 2803 314 2872 nibus
329 2827 337 2870 :
355 2799 489 2894 reliquae
506 2801 726 2894 propinquam
740 2800 852 2898 lugam
865 2801 907 2870 ad
921 2802 1080 2897 oppidum
1096 2804 1247 2896 capiunt,

215 2946 296 3014 quas
312 2933 528 3016 protexerunt
545 2945 584 2990 ex
599 2917 742 2992 molibus
768 2937 869 3016 atque
885 2921 1029 2993 aediliciis
1051 2923 1251 2992 imminenti·
1325 2906 1327 2914 ¹

215 3039 297 3120 bus,
317 3054 349 3108 et
364 3054 493 3109 nostros
509 3038 600 3108 adire
616 3041 752 3135 propius
768 3041 1021 3135 prohibuerunt.

262 3160 369 3227 XVII.
394 3161 522 3227 Hosne
538 3159 599 3228 sibi
620 3161 738 3253 saepius
756 3160 903 3231 accidere
931 3177 1061 3257 posset,
1088 3167 1179 3234 omni
1197 3189 1250 3234 ra-

216 3279 307 3347 tione
319 3280 429 3347 Caesar
445 3277 710 3349 contendendum
724 3281 940 3370 existimavit,
956 3297 994 3352 ut
1007 3263 1171 3374 insulam,
1182 3309 1252 3355 mo·

216 3395 347 3490 lemque
362 3395 406 3465 ad
424 3395 565 3469 insulam
587 3399 824 3493 pertinentem,
850 3399 994 3470 insuam
1010 3401 1173 3499 redigeret
1190 3429 1251 3498 po·

215 3529 366 3586 testata·
386 3516 565 3612 aperientis
584 3519 673 3588 enim
695 3541 871 3614 magnaei
893 3533 988 3614 parte
1012 3523 1251 3592 munitionibus

216 3635 250 3703 in
268 3636 410 3731 oppido,
428 3651 462 3706 et
477 3636 566 3707 illam
581 3651 615 3708 et
635 3637 752 3708 urbem
769 3661 837 3710 uno
853 3653 1002 3734 tompore
1017 3642 1137 3710 tentari
1156 3663 1252 3735 posse

216 3753 411 3825 confidebat.
433 3756 512 3844 Quo
531 3771 629 3852 capto
648 3756 803 3846 consilio,
824 3759 977 3828 cobortes
993 3784 1033 3847 a,
1049 3773 1083 3827 et
1100 3757 1179 3828 levis
1202 3785 1252 3830 ar·

217 3884 353 3942 matura
373 3872 513 3959 electos,
534 3898 618 3969 quos
643 3875 779 3948 idoneos
800 3903 839 3947 ex
858 3876 1024 3972 equitibus
1046 3877 1140 3974 gallis
1161 3879 1250 3948 arbi·
1323 3897 1327 3906 ·

218 3987 387 4078 trabatur,
407 3995 441 4060 in
460 3995 589 4088 navigia
615 3997 743 4066 minora
764 3997 966 4092 scaphaeque
993 3999 1153 4094 imponit,
1176 3997 1252 4068 inde
