3042 4772
295 357 353 416 208
469 356 499 412 G
520 355 618 412 sunu
637 355 805 412 effisams
826 355 1024 412 COMMENT.
1045 357 1154 412 LIBER

294 497 431 579 propter
451 483 623 554 victoriam
643 479 864 567 Mithridatis,
883 493 916 548 et
935 479 1158 551 infelicitatem
1187 482 1331 571 Triarii,

293 603 591 697 detrimentumque
610 602 771 671 exercitus
790 601 915 684 nostri,
933 602 1159 695 superioribus
1184 601 1265 670 loeis
1281 618 1332 671 nt·

293 748 358 818 que
375 723 549 794 itineribus
567 746 659 814 paene
678 721 874 814 conjunctus
893 719 1034 814 oppido,
1049 745 1200 815 magnam
1214 723 1248 791 in
1266 721 1331 792 illis

293 844 443 937 partibus
460 843 560 912 habet
575 839 796 925 nobilitatem3
820 865 880 908 nec
897 839 1004 909 multo
1030 838 1160 935 longius
1184 839 1331 912 millibus

295 987 451 1058 passuum
477 961 582 1031 tribus
603 960 695 1030 abest
715 960 757 1028 ab
777 958 863 1028 Zela.
883 963 981 1029 Hunc
1002 958 1109 1028 locum
1129 959 1330 1048 Pharnaoes,

295 1083 460 1152 veteribus
478 1096 691 1175 paternorum
710 1077 855 1148 felicium
876 1095 1060 1149 castrorum
1077 1078 1205 1148 refectis
1225 1082 1333 1174 operi·

296 1203 377 1290 bus,
395 1203 498 1296 copiis
515 1203 581 1270 suis
599 1201 754 1268 omnibus
769 1201 954 1294 occupavit.

341 1325 496 1394 LXXIII.
512 1325 641 1405 Caesar,
657 1345 760 1414 quum
777 1320 818 1389 ab
836 1321 931 1390 hoste
951 1315 1053 1391 millis
1066 1347 1222 1418 passuum
1239 1329 1331 1420 quin·

295 1467 360 1538 que
377 1456 485 1512 castra
504 1442 682 1536 posuisset,
698 1440 889 1534 uideretque
904 1466 958 1510 eas
969 1440 1086 1531 valles,
1101 1446 1222 1539 quibus
1240 1449 1330 1542 regia

296 1579 403 1635 castra
422 1563 648 1650 munirentur,
662 1561 778 1630 eodem
795 1562 969 1632 intervallo
985 1588 1045 1633 sua
1060 1582 1167 1636 castra
1183 1570 1329 1638 munitu-

294 1709 367 1770 ras,
385 1686 412 1754 si
429 1682 528 1752 modo
541 1707 581 1752 ea
606 1681 677 1751 loca
694 1681 803 1750 hostes
823 1683 950 1775 priores
969 1707 1037 1752 non
1060 1687 1238 1779 cepissent,
1257 1713 1330 1781 que

296 1802 403 1875 multo
419 1819 514 1873 erant
529 1803 683 1898 propiora
703 1805 788 1896 regis
807 1802 937 1890 castris,
954 1827 1105 1898 aggerem
1132 1809 1329 1900 comportari

292 1924 389 2018 jubet
408 1926 495 1993 intra
514 1924 724 1992 munitiones.
747 1923 826 2010 Quo
856 1919 1005 1992 celeriter
1028 1922 1162 2012 collato,
1182 1929 1329 2018 proxima

297 2058 414 2127 nocte,
432 2040 542 2137 vigilia
557 2055 689 2134 quarta,
706 2039 890 2134 legionibus
908 2041 1061 2111 omnibus
1075 2045 1254 2136 expeditis,
1270 2048 1331 2115 im·

298 2162 559 2258 pedimentisque
578 2161 612 2228 in
629 2161 743 2229 eastris
753 2157 892 2248 relictis,
906 2161 1013 2254 prima
1030 2161 1123 2252 luce,
1140 2189 1247 2260 neque
1263 2169 1333 2261 opi·

299 2281 455 2351 nantibus
474 2279 639 2366 hostibus,
662 2302 737 2348 eum
756 2279 863 2372 ipsum
881 2277 991 2348 locum
1012 2283 1112 2374 cepit,
1132 2284 1251 2378 inquo
1272 2285 1333 2355 lu-

298 2402 456 2474 tbridates
477 2393 657 2471 secundum
675 2397 825 2492 proelium
844 2397 999 2470 adversus
1016 2403 1182 2472 Triarium
1201 2405 1329 2476 leserat.

298 2529 374 2596 Ilus
386 2547 519 2593 omnem
531 2534 774 2614 comportatum
787 2543 967 2615 aggereme
980 2524 1095 2592 eastris
1109 2527 1241 2596 servitia
1254 2552 1332 2621 nge·

298 2660 372 2716 rent
391 2645 506 2738 jussit,
532 2666 573 2710 ne
600 2642 674 2735 quis
701 2640 742 2709 nb
766 2665 865 2734 opere
888 2639 981 2710 miles
1014 2642 1210 2730 discederet,
1231 2671 1332 2740 quum

299 2766 406 2860 spatio
423 2789 490 2834 non
507 2760 648 2856 amplius
666 2759 755 2830 mille
770 2785 924 2854 passuum
945 2763 1096 2832 intercise
1113 2763 1206 2834 vullis
1228 2754 1334 2834 cestre

300 2885 444 2956 hostium
465 2881 635 2951 divideret
650 2880 692 2948 ab
710 2903 809 2974 opere
833 2882 963 2975 incepto
983 2884 1121 2951 Caesaris
1139 2899 1332 2955 castrorum.

347 3005 499 3075 LXXIV.
512 3002 714 3088 Pharnaces,
731 3024 832 3093 quum
850 2999 884 3068 id
896 3016 1033 3095 repente
1048 3004 1155 3098 prima
1173 3001 1246 3073 luce
1265 3005 1336 3073 ani·

302 3121 547 3208 madvertisset,
571 3120 685 3214 copies
710 3144 785 3188 suas
808 3144 922 3190 omnes
944 3143 1005 3213 pro
1029 3125 1143 3193 castris
1165 3125 1335 3211 instruxit,

303 3267 401 3337 ques,
418 3240 714 3332 interpositamnta
728 3238 877 3309 locorum
896 3241 1336 3334 iniquitate,consuetudine

277 3361 405 3456 ,magis
423 3358 616 3455 pervulgata
644 3357 779 3429 militari
806 3360 961 3430 credebat
988 3363 1107 3430 instrui
1137 3365 1258 3447 Caesar,
1281 3358 1333 3429 vel

302 3483 344 3574 nd
359 3507 443 3576 opus
461 3504 557 3550 suum
576 3478 790 3568 tardandum,
803 3503 871 3574 quo
888 3478 999 3572 plures
1017 3481 1052 3546 in
1068 3479 1168 3548 ermis
1184 3493 1336 3548 teneren-

301 3619 375 3692 tur,
398 3598 447 3670 vel
469 3599 511 3670 ad
535 3601 785 3669 ostentationem
810 3599 906 3692 regiae
923 3595 1063 3682 fiducise,
1085 3619 1127 3664 ne
1150 3598 1337 3668 munitione

257 3779 261 3792 .
302 3725 426 3819 magis,
445 3745 545 3815 quum
565 3742 685 3803 manu,
711 3714 886 3785 defendere
908 3713 1017 3784 locum
1038 3715 1227 3786 Pharnaces
1249 3717 1337 3788 vide-

302 3860 404 3916 retur.
421 3846 537 3935 Itaque
552 3839 727 3910 deterritus
744 3860 810 3905 non
830 3850 894 3924 est,
916 3860 983 3930 quo
1000 3836 1128 3924 minus,
1146 3839 1252 3934 prima
1269 3839 1337 3908 neie

233 3997 238 4004 ·
303 3991 365 4060 pro
383 3959 469 4034 vallo
485 3962 663 4044 instructa,
678 3953 803 4049 reliqua
829 3981 906 4052 pars
927 3957 1088 4028 exereitus
1105 3983 1189 4053 opus
1206 3958 1336 4028 faceret.
