3026 4768
420 343 471 398 nn
493 343 613 400 anuto
635 347 800 403 amireo
821 348 958 402 Lm1v.
1176 369 1211 424 97

170 483 258 534 runt.
274 467 401 536 Secutae
415 481 494 536 sunt
508 470 684 538 continuos
699 468 887 564 complures
901 471 969 542 dies
986 487 1213 568 tempestates,

170 610 242 679 quae
259 600 293 654 et
308 602 442 656 nostros
456 587 491 654 in
505 591 620 656 castris
634 570 861 678 continerent,
878 606 912 660 et
928 593 1057 662 hostem
1071 619 1214 689 apugna

170 706 400 800 prohiberent.
427 708 566 775 Interim
593 709 725 779 barbari
751 712 887 780 nuntios
909 715 943 782 in
964 739 1079 784 omnes
1107 728 1215 808 partes

171 826 384 913 dimiserunt,
404 828 671 923 paucitatemque
684 846 876 901 nostrorum
892 831 1038 902 militum
1051 837 1118 903 suis
1131 861 1211 929 pra·

171 947 386 1033 dicaverunt,
407 963 453 1036 et,
472 965 597 1041 quanta
614 951 730 1043 praedae
747 951 904 1020 facienda
919 967 1019 1046 atque
1039 956 1074 1022 in
1094 980 1214 1049 perpe-

173 1083 268 1136 tuum
286 1069 336 1136 sui
353 1066 515 1137 liberandi
534 1068 675 1138 facultas
688 1070 843 1160 daretur,
861 1073 888 1141 si
909 1076 1078 1142 Romanos
1098 1077 1218 1146 castris

171 1186 388 1280 expulissent,
403 1186 727 1259 demonstraverunt
739 1192 799 1260 His
813 1193 912 1262 rebus
927 1193 1078 1263 celeriter
1095 1219 1216 1288 magna

172 1306 386 1377 multitudine
402 1308 568 1402 peditatus
585 1312 816 1406 equitatusque
833 1328 964 1402 coacta,
979 1313 1022 1382 ad
1034 1331 1142 1386 castra
1159 1341 1217 1386 ve·

173 1443 305 1499 nerunt.
705 1445 709 1450 ’

157 1581 158 1586 ’
220 1553 360 1620 XXXV.
383 1556 509 1640 Caesar,
528 1554 589 1622 etsi
609 1553 715 1642 idem,
736 1553 827 1648 quod
847 1557 1075 1650 superioribus
1100 1555 1217 1626 diebus

173 1672 358 1759 acciderat,
375 1671 446 1740 fore
462 1672 609 1761 videbat,
628 1689 683 1762 ut,
702 1677 729 1742 si
749 1689 858 1742 essent
877 1676 987 1744 hostes
1007 1673 1114 1768 pulsi,
1128 1674 1217 1744 cele·

173 1793 272 1862 ritate
289 1790 475 1886 periculum
489 1787 689 1886 effugerent,
706 1807 817 1861 tamen
835 1807 954 1872 nactus
972 1793 1100 1886 equites
1119 1790 1218 1864 enei·

174 1925 225 1980 ter
246 1935 332 1999 xxx,
355 1935 439 2004 quos
462 1911 634 1982 Commius
658 1913 813 1999 Atrebas,
834 1913 875 1982 de
898 1938 966 2006 quo
986 1928 1065 1984 ante
1088 1898 1216 1984 dictum

173 2046 237 2120 est,
258 2056 371 2100 secum
394 2045 693 2126 transportaverat,
710 2029 855 2128 legiones
874 2035 908 2102 in
929 2035 999 2102 acie
1021 2059 1083 2128 pro
1101 2037 1218 2108 castris

175 2153 361 2221 constituit.
378 2153 565 2221 Commisso
579 2149 711 2246 proelio,
724 2151 849 2221 diutius
862 2169 1053 2224 nostrorum
1071 2153 1217 2226 militum

176 2275 337 2365 impetum
351 2271 469 2350 hostes
480 2272 567 2341 serre
584 2297 650 2341 non
667 2287 865 2365 potuerunt,
878 2299 916 2344 ac
930 2288 1022 2370 terga
1035 2277 1216 2347 verterunt.

176 2394 271 2482 Quos
284 2407 379 2462 tanto
394 2393 503 2487 spatio
517 2393 637 2478 secuti,
654 2405 818 2484 quantum
836 2417 937 2462 cursu
954 2409 988 2463 et
1004 2395 1131 2465 viribus
1147 2395 1218 2465 effi·

175 2537 250 2581 cere
276 2527 476 2607 potuerunt,
502 2510 690 2606 complures
716 2536 757 2580 ex
780 2512 819 2579 iis
841 2513 1058 2601 occiderunt;
1080 2514 1218 2604 deinde,

175 2633 333 2708 omnibus
348 2631 450 2725 ¹longe
468 2631 600 2726 lateque
618 2631 749 2700 afflictis
768 2633 991 2725 incensisque,
1008 2658 1042 2702 se
1060 2635 1097 2703 in
1113 2648 1219 2704 castra

175 2765 386 2845 receperunt.
860 2787 864 2796 v

224 2875 382 2944 XXXVI.
409 2872 536 2943 Eodem
552 2872 605 2942 die
622 2872 737 2969 legati,
754 2877 796 2944 ab
812 2875 963 2964 hostibus
980 2877 1072 2946 missi
1089 2877 1131 2946 ad
1148 2881 1220 2950 Coe·

178 3018 285 3063 sarem
302 2991 343 3062 de
361 3017 457 3088 pace,
471 3007 645 3062 venerunt.
663 2996 723 3064 His
736 2997 847 3066 Caesar
858 3022 1036 3073 numerum
1050 2998 1218 3088 obsidum,

179 3138 279 3206 quem
301 3128 398 3183 antea
420 3113 661 3208 imperaverat,
688 3113 890 3209 duplicavit,
914 3141 1035 3211 eosque
1057 3118 1091 3186 in
1113 3119 1221 3188 conti·

180 3251 314 3312 nentem
333 3234 453 3304 adduci
468 3236 582 3329 jussit,
599 3235 706 3328 quod,
725 3237 914 3330 propinqua
929 3237 989 3316 ,die
1012 3237 1218 3334 aequinoctii,

180 3355 320 3424 infirmis
337 3356 495 3441 navibus,
514 3356 617 3424 hiemi
637 3355 881 3448 navigationem
898 3357 1136 3452 subjiciendam
1153 3379 1222 3426 non

179 3475 399 3545 existimabat.
419 3477 514 3568 Ipse,
535 3473 689 3543 idoneam
712 3489 937 3569 tempestatem
964 3493 1101 3567 nactus,
1122 3475 1223 3572 paulo

181 3610 255 3689 post
272 3595 415 3666 mediam
433 3608 564 3664 noctem
582 3619 681 3664 naves
698 3593 812 3682 solvit,
825 3619 898 3688 quae
911 3621 1026 3666 omnes
1043 3594 1224 3666 incolumes

182 3715 224 3784 ad
244 3717 471 3786 continentem
492 3729 744 3810 pervenerunt:
765 3714 879 3784 seder
900 3715 951 3784 lris
972 3717 1132 3785 onerariae
1152 3715 1225 3784 dure

182 3835 335 3925 eosdem,
361 3862 445 3930 quos
471 3835 626 3930 reliquae,
649 3851 767 3929 portus
794 3860 912 3929 capere
934 3861 1001 3903 non
1025 3851 1227 3931 potnerunt,

183 3971 216 4024 et
238 3956 337 4051 paulo
357 3957 443 4026 infra
463 3954 579 4025 (lelatae
599 3971 686 4025 sunt.

332 4101 353 4145 r.
1065 4101 1083 4157 7
