3086 4766
265 351 320 420 ηδ
420 353 451 408 C.
474 351 571 407 suut
593 353 757 440 CAESARIS
774 351 1146 409 COMMENTARIORUM

261 476 544 571 Vercingetorigis
561 475 714 562 aberant,
731 489 765 544 et
777 474 872 570 palus
888 488 1062 569 perpetua,
1077 499 1151 568 quae
1167 477 1306 546 interce·

262 598 376 681 debat,
392 599 560 665 Romanos
580 594 623 664 ad
642 593 883 689 insequendum
901 595 1063 664 tardabat.
1084 599 1223 690 Jamque
1241 595 1306 664 boc

261 717 369 786 facere
387 731 490 785 noctu
510 715 729 809 apparabant,
752 739 855 808 quum
877 730 1000 784 matres
1020 715 1152 785 familiae
1169 730 1306 809 repente

151 857 153 859 ·
262 838 296 904 in
316 833 485 930 publicum
506 849 761 929 procurrerunt,
787 835 984 928 flentesque,
1006 836 1161 928 projecta
1184 835 1226 904 ad
1248 859 1305 928 pe·

262 956 319 1024 des
335 979 487 1042 suorum,
503 955 658 1024 omnibus
675 954 827 1048 precibus
853 956 1037 1048 petierunt,
1055 979 1096 1022 ne
1115 979 1149 1022 se
1166 967 1200 1024 et
1215 979 1305 1022 com·

262 1099 380 1145 munes
397 1073 518 1144 liberos
536 1075 686 1144 hostibus
706 1075 749 1143 ad
764 1074 963 1168 supplicium
979 1072 1153 1158 dederent,
1166 1099 1250 1168 quos
1264 1075 1306 1142 ad

264 1193 461 1290 capiendam
476 1196 588 1290 fugam
605 1210 733 1264 naturae
745 1210 778 1264 et
790 1196 911 1264 virium
929 1194 1104 1263 infirmitas
1118 1194 1303 1288 impediret.

262 1315 331 1386 Ubi
347 1315 451 1383 cosin
469 1317 633 1385 sententia
649 1331 796 1408 perstare
812 1315 983 1398 viderunt,
1001 1313 1092 1406 quod
1112 1311 1306 1407 pierumque

263 1435 299 1503 in
327 1458 457 1503 summo
481 1433 632 1528 periculo
660 1436 760 1503 timor
789 1432 1046 1502 misericordiam
1075 1458 1144 1520 uop
1171 1433 1303 1526 recipit,

263 1551 485 1640 conclamare,
508 1569 542 1622 et
565 1553 750 1648 significare
777 1552 915 1647 defuga
940 1554 1101 1622 Romanis
1123 1567 1303 1644 caeperunt.

264 1673 343 1761 Quo
361 1675 481 1742 timore
496 1673 662 1766 perterriti
678 1671 783 1761 Gatti,
801 1697 842 1742 ne
855 1672 895 1740 ab
912 1673 1062 1765 equitatu
1075 1677 1304 1742 Romanorum

263 1793 327 1862 vire
342 1805 666 1886 praeoccuparentur,
682 1787 820 1860 consilio
830 1777 1042 1860 destiterunt.

313 1914 454 1982 XXVII.
475 1915 613 1980 Postero
637 1910 690 1979 die
713 1915 840 1996 Caesar,
864 1925 1017 2004 promota
1039 1912 1141 1995 turri,
1159 1909 1307 1978 directis·

265 2055 329 2124 que
349 2031 519 2124 operibus,
537 2053 609 2122 quae
626 2031 732 2098 facere
749 2032 952 2116 instituerat,
967 2053 1089 2124 magno
1110 2044 1225 2100 coorto
1246 2033 1307 2098 im·

264 2152 332 2238 bri,
349 2175 417 2218 non
432 2149 583 2218 inutilem
600 2151 686 2218 banc
702 2149 744 2218 ad
760 2150 955 2243 capiendum
977 2149 1152 2218 consilium
1167 2164 1307 2244 tempes-

267 2283 369 2338 tatem
381 2269 578 2354 arbitratus,
592 2269 681 2362 quod
692 2267 793 2366 paulo
805 2270 971 2338 incautius
980 2267 1144 2338 custodias
1161 2270 1195 2336 in
1209 2295 1307 2338 muro

266 2387 439 2482 dispositas
452 2387 597 2476 videbat,
615 2411 691 2457 suos
707 2412 838 2482 quoque
857 2387 1046 2481 languidius
1065 2389 1099 2458 in
1115 2412 1222 2482 opere·
1233 2413 1307 2457 ver-

266 2510 331 2578 sari
346 2509 464 2601 jussit,
485 2521 517 2576 et
537 2507 618 2600 quid
641 2506 712 2576 fieri
737 2506 833 2576 vellet
861 2506 1015 2576 ostendit.
1038 2509 1203 2602 Legiones
1221 2509 1307 2578 intra

266 2631 379 2698 vineas
393 2629 429 2696 in
443 2626 583 2708 occulto,
592 2628 760 2720 expeditas
774 2625 982 2712 cohortatur,
997 2625 1229 2721 utaliquando
1246 2653 1307 2722 pro

267 2751 366 2820 tantis
391 2744 722 2817 laboribusfructum
748 2749 893 2816 victoriae
917 2749 1148 2841 perciperent3
1170 2747 1221 2816 bis
1247 2749 1305 2841 qui

265 2870 365 2961 primi
389 2893 523 2936 murum
550 2866 795 2936 adscendissent
817 2869 950 2961 praemia
978 2867 1168 2960 proposuit,
1193 2865 1307 2934 militi·

265 2984 393 3079 busque
406 2988 538 3080 signum
551 2985 652 3054 dedit.
662 2983 715 3053 Illi
725 2986 835 3055 subito
849 3011 889 3054 ex
905 2988 1060 3056 omnibus
1071 2987 1221 3082 partibus
1230 3010 1306 3056 evo·

266 3103 434 3195 laverunt,
450 3129 649 3199 murumque
663 3103 815 3175 celeriter
825 3102 1087 3199 compleverunt.

313 3227 474 3295 XXVIH.
495 3229 628 3312 Hostes,
649 3249 686 3292 re
708 3250 795 3294 nova
816 3225 998 3319 perterriti,
1020 3249 1117 3293 muro
1138 3227 1304 3322 turribus·

267 3368 330 3437 que
343 3344 478 3438 dejecti,
496 3345 529 3412 in
547 3342 618 3412 foro
637 3367 675 3412 ac
692 3343 771 3412 locis
787 3343 1028 3438 patentioribus
1043 3345 1211 3412 cuneatim
1227 3369 1305 3413 con·

266 3466 439 3554 stiterunt,
456 3464 520 3534 boc
541 3463 653 3534 animo
667 3479 723 3552 ut,
746 3467 772 3535 si
789 3455 856 3559 qua
871 3465 911 3534 ex
927 3480 1022 3560 parte
1038 3466 1168 3534 obviam
1190 3480 1305 3535 contra

232 3673 255 3692 ,-
267 3587 448 3668 veniretur‚
466 3585 535 3654 acie
555 3585 716 3674 instructa
737 3583 977 3680 depugnarent.
998 3586 1066 3655 Ubi
1085 3586 1252 3656 neminem
1271 3587 1305 3654 in

265 3727 396 3796 aequum
419 3701 537 3772 ‘iocum
559 3727 628 3772 sese
651 3703 840 3792 demittere,
861 3702 918 3774 sed
940 3719 1010 3773 toto
1032 3704 1179 3799 undique
1208 3731 1305 3776 muro

265 3821 488 3892 circumfundi
506 3822 677 3910 viderunt,
699 3825 795 3893 veriti
816 3847 859 3892 nc
880 3823 1017 3892 omnino
1043 3849 1117 3918 spes
1136 3823 1222 3921 iuga
1241 3825 1305 3895 tol·

266 3941 405 4028 leretur,
423 3942 558 4035 abjectis
578 3943 692 4028 armis,
709 3941 843 4012 ultimas
861 3942 976 4037 oppidi
994 3957 1105 4036 partes
1122 3947 1306 4017 continenti
