3050 4772
216 445 218 450 Ι
248 384 305 424 202
406 369 436 423 c.
461 369 557 426 sunu
579 369 743 425 casurus
763 369 1128 426 oouuanrmlonuu

250 491 376 561 idoneis
393 495 486 586 equis
505 495 698 581 utebantur,
715 519 735 562 a
752 494 893 562 tribunis
909 491 1054 562 militurn
1072 489 1288 584 reliquisque,

249 611 306 680 sed
332 627 365 680 et
388 613 555 705 equitibus
577 615 722 684 romanis
750 628 848 708 atque
866 615 1027 699 evocatis,
1051 635 1152 704 equos
1173 610 1288 698 sumit,

250 733 494 827 Germanisque
508 733 689 805 distribuit.

298 853 418 922 vat.
445 855 589 941 interea,
607 853 690 922 dum
717 855 787 924 baec
814 869 990 950 geruntur,
1018 853 1164 923 hostium
1189 849 1291 943 copiae

250 997 292 1040 ex
308 953 481 1062 Arvernis,
497 974 689 1068 equitesque
713 977 770 1069 qui
790 975 850 1043 toti
871 972 988 1045 Galliae
1011 985 1106 1040 erant
1125 970 1290 1062 imperati,

252 1093 465 1161 conveniunt.
482 1097 607 1189 Magno
622 1095 743 1164 borum
758 1108 875 1164 coacto
888 1117 1042 1178 numero,
1062 1115 1167 1184 quum
1184 1095 1292 1160 Caesar

252 1214 288 1280 in
307 1213 475 1304 Sequanos
497 1239 557 1307 per
575 1228 738 1284 extremos
757 1216 948 1308 Lingonum
971 1212 1052 1280 fines
1072 1212 1134 1279 iter
1152 1210 1292 1293 faceret,

252 1355 320 1423 quo
344 1330 472 1402 facilius
494 1334 677 1404 subsidium
701 1336 885 1404 Provinciae
911 1332 988 1402 ferri
1013 1347 1138 1425 posset,
1163 1331 1294 1399 circiter

253 1449 358 1519 millia
374 1475 530 1544 passuum
547 1480 566 1522 n
581 1454 622 1522 ab
638 1456 813 1542 Romanis,
834 1453 930 1522 trinis
946 1452 1061 1522 eastris
1078 1451 1294 1542 Vercingeto-

253 1571 306 1638 rix
322 1570 487 1656 consedit3
508 1575 763 1668 convocatisque
782 1572 823 1642 ad
842 1569 1019 1642 concilium
1032 1568 1192 1663 praefectis
1204 1569 1295 1660 equi·

255 1701 341 1780 turn,
365 1693 494 1761 venisse
516 1708 646 1788 tempus
665 1695 811 1764 victoriae
827 1693 1058 1762 demonstrat:
1083 1667 1239 1782 «Fugere
1260 1689 1294 1756 in

254 1814 463 1882 Provinciam
497 1817 685 1902 Romanos,
711 1813 886 1908 Galliaque
911 1813 1081 1883 excedere.
1108 1810 1148 1880 Id
1169 1810 1230 1878 sibi
1254 1807 1296 1877 ad

255 1946 451 2024 praesentem
470 1933 685 2003 obtinendam
705 1933 890 2004 libertatem
911 1936 988 2004 satis
1009 1958 1093 2018 esse,
1113 1930 1156 2000 ad
1178 1928 1295 2022 reliqui

257 2054 414 2144 temporis
438 2077 554 2146 pacem
573 2068 672 2146 atque
691 2056 797 2122 otium
816 2080 934 2149 parum
959 2053 1095 2146 profici,
1118 2049 1297 2143 majoribus

257 2171 346 2238 enim
364 2174 484 2240 coactis
502 2174 606 2268 copiis
626 2198 830 2259 reversuros,
848 2197 954 2266 neque
972 2172 1071 2240 finem
1093 2167 1170 2238 belli
1192 2169 1297 2237 factu·

256 2315 321 2360 ros.
347 2291 492 2360 Proinde
517 2295 648 2387 agmine
673 2293 849 2388 impeditos
877 2291 1098 2361 adoriantur:
1121 2290 1147 2357 si
1172 2288 1298 2382 pedites
1367 2338 1371 2350 ,

256 2413 323 2481 suis
345 2409 504 2482 auxilium
529 2397 661 2500 ferant,¹
677 2429 776 2507 atque
803 2416 837 2482 in
856 2437 896 2480 eo
920 2425 1109 2496 morentur,
1136 2410 1199 2476 iter
1219 2432 1299 2475 con-

178 2520 188 2526 ·
258 2527 313 2600 fici
340 2557 406 2601 nou
433 2557 544 2626 posse;
567 2534 595 2602 si
624 2531 675 2628 (id
700 2533 791 2626 quod
815 2533 919 2626 magis
946 2531 1093 2600 futurum
1120 2529 1298 2622 confidat),

258 2650 380 2722 relictis
392 2651 653 2747 impedimentis,
668 2678 734 2722 suae
747 2651 845 2721 saluti
857 2652 1047 2739 consulant,
1062 2667 1095 2719 et
1108 2675 1170 2719 usu
1186 2673 1299 2718 rerum

259 2775 518 2844 necessariarum
542 2789 576 2844 et
593 2773 753 2869 dignitate
770 2771 948 2867 spoliatum
967 2774 1017 2840 iri.
1042 2774 1128 2842 Nam
1149 2770 1191 2838 de
1211 2772 1300 2862 equi·

259 2893 347 2960 tibus
369 2896 532 2982 hostium,
556 2897 637 2989 quin
656 2919 754 2963 nemo
770 2919 885 2962 eornm
907 2893 1061 2988 progredi
1084 2891 1186 2961 modo
1207 2906 1300 2959 extra

258 3033 377 3102 agmen
397 3016 531 3102 audeat,
547 3041 590 3084 ne
610 3018 697 3109 ipsos
716 3014 851 3108 quidem
867 3014 985 3082 debere
1004 3013 1166 3082 dubitare.
1180 3012 1221 3080 Id
1233 3033 1299 3103 quo

260 3130 384 3221 majore
400 3130 522 3202 faciant
532 3137 659 3220 animo,
671 3135 783 3228 copias
799 3159 833 3202 se
843 3157 957 3202 omnes
970 3157 1031 3226 pro
1043 3134 1156 3201 castris
1166 3131 1298 3199 habitu·

258 3271 349 3335 rum,
367 3263 399 3317 et
418 3257 538 3323 terrori
556 3255 705 3323 hostibus
722 3253 910 3323 futurum.»
922 3251 1140 3323 Conclamant
1156 3253 1299 3345 equites,

259 3372 495 3441 «sanctissimo
513 3374 731 3468 jurejurando
755 3375 945 3445 confirmari
961 3387 1128 3467 oportere,
1148 3397 1190 3441 ne
1213 3386 1300 3440 tecto

260 3493 453 3586 recipiatur,
472 3519 513 3562 ne
531 3492 574 3562 ad
590 3493 726 3582 liberos,
743 3522 785 3565 ne
803 3497 845 3566 ad
863 3511 1029 3590 parentes,
1048 3519 1090 3562 ne
1105 3493 1147 3562 ad
1164 3516 1300 3561 uxorem

260 3612 387 3682 aditum
408 3614 544 3699 habeat,
570 3617 627 3709 qui
651 3641 717 3683 non
746 3618 795 3684 bis
819 3641 878 3709 per
896 3616 1040 3684 hostium
1064 3639 1184 3707 agmen
1210 3637 1302 3706 pere·

260 3734 409 3824 quitarit.
426 3763 443 3796 s

310 3853 447 3922 LXVII.
474 3854 617 3923 Probata
635 3879 686 3938 re,
711 3870 811 3947 atque
834 3854 989 3923 omnibus
1007 3853 1049 3922 ad
1067 3851 1301 3945 jusjurandum

261 3971 399 4058 adactis,
417 3987 548 4064 postero
568 3973 638 4059 dic,
662 3975 695 4042 in
717 3989 782 4042 tres
801 3991 911 4068 partes
933 3973 1110 4042 distributo
1133 3974 1303 4064 equitatu,
