3086 4766
499 387 551 441 DE
570 386 693 442 BELLO
713 387 879 442 ontulco
899 387 968 440 LlB.
984 386 1018 440 V.
1226 403 1277 440 rar

209 495 211 502 ,
238 510 345 580 tuitur
366 534 490 594 sermo,
510 508 672 604 paulatim
694 512 940 579 circumventus
962 509 1170 579 interficitur.
1192 514 1278 580 Turn

237 653 318 698 vero
341 653 402 698 suo
424 652 517 697 more
538 630 712 698 victoriam
730 628 962 714 conclamant,
988 643 1099 723 atque·
1113 627 1279 710 ululatum

238 744 378 834 tollunt;
396 747 590 841 impetuque
605 748 641 815 in
658 762 789 818 nostros
802 748 905 837 sacto,
919 749 1051 819 ordines
1067 750 1276 844 perturbant.

232 853 289 934 'Ibi
305 871 344 936 L.
360 870 458 937 Cotta
472 890 624 963 pugnans
640 869 840 938 interficitur
856 894 933 938 cum
947 871 1091 939 maxima
1107 883 1202 963 parte
1217 870 1280 937 mi·

238 984 353 1055 litum.-
361 983 493 1081 Reliqui
509 1011 544 1056 se
555 989 591 1055 in
606 1002 712 1058 castra
728 990 907 1082 recipiunt,
921 987 1010 1058 unde
1026 1002 1123 1057 erant
1138 988 1276 1081 egressi:

187 1115 192 1122 '
212 1087 213 1092 ἵ
237 1129 280 1174 ex
296 1106 415 1199 quibus
439 1110 478 1175 L.
498 1106 704 1176 Petrosidius
721 1106 888 1201 aquilifer,
906 1132 1011 1202 quum
1026 1131 1147 1201 magna
1164 1107 1278 1175 multi·

238 1223 354 1293 tudine
373 1223 520 1294 hostium
541 1203 762 1320 premeretur,
783 1227 927 1321 aquilam
950 1229 1038 1295 intra
1055 1225 1178 1296 vallum
1201 1251 1279 1321 pro·

234 1345 332 1438 jecit,
352 1345 424 1439 ipse
443 1370 506 1439 pro
522 1348 638 1416 castris
660 1346 836 1416 fortissime
855 1370 1008 1442 pugnans
1027 1345 1200 1416 occiditur.
1226 1345 1281 1415 Illi

237 1488 323 1557 aegre
346 1464 389 1533 ad
412 1479 546 1534 noctem
572 1469 853 1567 oppugnationem
878 1467 1044 1536 sustinent
1072 1492 1079 1534 :
1102 1481 1222 1536 'noctu-
1237 1466 1281 1534 ad

237 1607 344 1655 uuum
356 1609 488 1672 omnes,
502 1585 674 1680 desperata
687 1585 813 1680 salute,
824 1611 858 1656 se
873 1587 936 1680 ipsi
950 1585 1165 1656 interficiunt.
1176 1587 1280 1655 Pauci

237 1727 279 1772 ex
294 1703 413 1799 proelio
431 1703 550 1800 elapsi,
566 1705 698 1774 incertis
715 1706 887 1775 itineribus
904 1730 966 1800 per
981 1705 1078 1774 silvas
1094 1705 1138 1774 ad
1156 1707 1195 1772 T.
1214 1708 1280 1772 La·

237 1827 375 1896 bionum
399 1826 547 1922 legatum
569 1827 605 1894 in
626 1826 765 1904 hiberna
785 1828 1000 1921 perveniunt,
1020 1838 1119 1919 atque
1139 1849 1217 1893 eum
1238 1821 1280 1892 de

237 1946 337 2015 rebus
357 1949 457 2041 gestis
476 1948 654 2018 certiorem
672 1946 808 2015 faciunt.

284 2068 479 2139 XXXVIII,
502 2070 575 2138 Hac
600 2067 740 2136 victoria
768 2064 917 2136 sublatus
945 2067 1139 2154 Ambiorix,
1167 2068 1279 2138 statim

238 2210 315 2254 cum
337 2187 489 2280 equitatu
513 2187 548 2254 in
573 2184 780 2274 Aduatucos,
798 2187 855 2279 q'ui
873 2200 968 2256 erant
989 2187 1059 2280 ejus
1077 2211 1187 2282 regno
1202 2187 1279 2256 fini-

237 2307 333 2396 timi,
348 2307 590 2401 proficiscitur-;
608 2329 718 2399 nequa
733 2321 865 2375 noctem
885 2331 994 2400 neque
1009 2307 1100 2378 diem
1113 2293 1287 2375 intermit?

238 2427 299 2512 tit,
321 2426 571 2520 peditatumque
597 2451 631 2494 se
653 2426 809 2518 subsequi
830 2426 936 2519 jubet.
962 2431 1012 2495 Re
1033 2427 1279 2510 demonstrata,

238 2543 488 2640 Aduatucisque
509 2545 698 2631 concitatis,
717 2557 850 2638 postero
870 2545 924 2614 die
944 2549 979 2614 iu
1001 2547 1143 2614 Nervios
1161 2569 1279 2638 perve-

238 2664 309 2748 nit,
327 2663 562 2756 hortaturque,
580 2689 622 2732 ne
639 2667 690 2733 sui
706 2665 741 2732 iu
761 2679 959 2758 perpetuum
979 2663 1161 2750 liberandi,
1180 2677 1281 2755 atquc

238 2781 419 2851 ulciscendi
441 2787 634 2869 Romanos,
648 2807 711 2876 pro
734 2785 889 2878 iis„quas
911 2784 1114 2877 acceperint,
1134 2783 1280 2876 injuriis,

238 2901 448 2972 occasionem
463 2901 653 2978 dimittant:
673 2903 862 2972 interfectos
878 2927 947 2972 esse
969 2900 1096 2997 legatos
1109 2903 1201 2988 duo,
1215 2926 1281 2971 ma·

238 3045 405 3116 gnamque
414 3035 544 3115 partem
556 3021 719 3091 exercitus
727 3023 878 3091 interisse
886 3022 1107 3108 demonstrat3
1118 3020 1201 3093 nihil
1210 3049 1280 3094 esse

238 3143 380 3236 negotii,
401 3141 512 3210 subito
529 3165 722 3234 oppressam
738 3140 920 3236 legionem,
935 3167 1010 3236 quae
1027 3167 1104 3212 cum
1118 3143 1281 3214 Cicerone

238 3262 378 3344 hiemet,
398 3260 560 3347 interfici3
579 3285 614 3329 se
630 3259 679 3328 ad
695 3285 767 3330 eam
792 3286 871 3344 ram¹
884 3262 1064 3355 profitetur.
1080 3263 1277 3358 adjutorem.

238 3379 347 3450 Facile
366 3381 428 3449 hac
444 3383 595 3450 oratione
614 3381 746 3450 Nerviis
762 3381 947 3474 persuadet.

286 3501 445 3570 XXXIX.
471 3504 607 3593 Itaque,
626 3499 802 3568 confestim
820 3499 961 3576 dimissis
981 3505 1109 3574 nuntiis
1131 3503 1174 3570 ad
1192 3499 1280 3572 Ceu·

238 3622 379 3706 triones,
396 3617 561 3706 Grudios,
582 3622 746 3705 Levacos,
764 3617 991 3708 Pleumoxios,
1012 3620 1203 3703 Geidunos,
1222 3623 1278 3714 qui

238 3764 354 3814 omnes
371 3740 432 3809 sub
452 3763 569 3808 eorum
589 3740 729 3833 imperio
747 3753 840 3824 sunt,
861 3764 961 3832 quam
985 3741 1145 3809 maximas
1164 3763 1281 3808 manus

239 3875 395 3954 possunt,
413 3873 558 3953 cogunt,
576 3871 609 3925 et
629 3856 670 3926 de
690 3860 870 3952 improviso
890 3860 933 3928 ad
951 3859 1122 3929 Ciceronis
1143 3858 1281 3927 hiberna

239 3977 416 4066 advolant,
438 3977 588 4047 nondum
611 3977 653 4045 ad
674 4003 751 4046 aum
769 3977 856 4048 fama
876 3976 918 4046 de
938 3979 1060 4048 Titurii
1078 3992 1186 4048 morte
1207 4002 1283 4074 per·
