3050 4772
270 355 327 422 154
423 353 455 410 C.
475 355 573 411 IULlI
594 354 756 412 GAESARIS
777 355 1148 414 eontuENTAmouUM

316 479 476 550 XXXIII.
495 481 621 550 Partito
637 483 799 569 exercitu,
814 486 851 552 T.
869 481 1054 551 Labienum
1070 503 1145 548 cum
1164 477 1302 572 legioni·

268 599 329 667 bus
350 598 455 668 tribus
471 598 513 667 ad
527 603 700 669 Oceanum
712 626 842 688 versus,
860 604 894 668 in
911 626 964 670 eas
981 616 1177 694 partesque
1188 602 1304 668 Mena-

269 719 341 810 pios
360 719 548 813 attingunt,
563 719 727 813 proficisci
742 721 861 813 jubet:
880 724 918 790 C.
929 721 1133 790 Trebonium
1146 743 1221 787 cum
1232 718 1304 810 pari

269 835 435 931 legionum
458 863 598 909 numero
615 837 658 909 ad
675 865 748 908 eam
764 841 931 935 regionem
953 863 1027 932 quae
1042 839 1223 909 Aduatucis
1243 838 1304 904 ad·

265 957 367 1047 jacet,
383 956 648 1052 depopulandam
667 961 768 1028 mittit
786 986 794 1027 :
812 962 881 1053 ipse
893 983 968 1028 cum
986 956 1121 1050 reliquis
1138 957 1246 1026 tribus
1262 956 1304 1024 ad

148 1136 152 1144 .
270 1073 394 1143 flumen
416 1076 582 1167 Scaldim,
605 1078 694 1172 quod
719 1079 829 1149 inlluit
853 1080 887 1147 in
911 1081 1055 1164 Mosam,
1075 1092 1305 1170 extremasque

270 1194 456 1264 Arduenna
475 1212 585 1291 partes
605 1199 652 1266 ire
666 1199 851 1285 constituit,
866 1221 931 1290 quo
952 1221 1028 1266 cum
1048 1197 1163 1291 paucis
1184 1199 1305 1290 equiti-

270 1311 331 1380 bus
355 1313 542 1408 profectum
562 1316 787 1410 Ambiorigem
813 1316 978 1386 audiebat.
1007 1315 1207 1404 Discedens,
1231 1331 1305 1410 post

270 1433 357 1502 diem
379 1437 555 1529 septimum
576 1459 645 1504 sese
670 1460 878 1506 reversurum
905 1436 1079 1510 coufirmat
1104 1462 1113 1505 z
1138 1459 1238 1530 quam
1263 1436 1305 1504 ad

270 1553 357 1622 diem
374 1555 404 1622 ei
420 1553 538 1648 legioni
561 1578 634 1647 quae
650 1557 685 1622 in
702 1555 851 1649 prasidio
868 1553 1132 1648 relinquebatur,
1155 1557 1304 1624 frumen·

270 1686 342 1739 tum
366 1671 479 1742 deberi
497 1675 629 1741 sciebat.
645 1675 828 1742 Labienum
849 1675 1118 1769 Treboniumque
1136 1676 1303 1762 hortatur,
1395 1651 1398 1656 .

269 1792 296 1860 si
313 1791 501 1886 reipublicae
516 1792 691 1862 commodo
706 1792 813 1862 facere
830 1795 976 1888 possint,
995 1794 1038 1863 ad
1058 1819 1130 1864 eam
1146 1794 1234 1863 diem
1252 1820 1305 1863 re·

270 1927 456 1999 ver-tantum
473 1927 527 2002 ut,
543 1937 657 1983 rursus
672 1915 918 1982 communicato
940 1913 1093 2000 consilio,
1110 1913 1304 2008 exploratis-

270 2055 335 2123 que
350 2033 496 2100 hostium
513 2032 713 2118 rationibus,
735 2030 823 2100 aliud
844 2030 921 2100 belli
939 2034 1072 2101 initium
1092 2057 1211 2126 capere
1229 2060 1304 2127 pos·

271 2165 354 2220 sent

317 2271 473 2339 XXXIV.
489 2275 585 2358 Erat,
596 2288 743 2365 utsupra
754 2272 1067 2358 demonstravimus,
1085 2295 1202 2340 manus
1216 2287 1306 2341 certa

270 2387 379 2480 nulla,
395 2416 463 2460 non
480 2391 655 2487 oppidum,
673 2417 741 2460 uon
758 2389 962 2486 praesidium,
977 2390 1067 2483 quod
1083 2415 1117 2459 sa
1133 2393 1234 2460 armis
1251 2392 1305 2460 de·

271 2510 435 2600 ienderet3
457 2513 566 2582 sedin
590 2535 704 2580 omnes
728 2526 838 2604 partes
859 2509 1007 2604 dispersa
1024 2509 1216 2579 multitudo.
1239 2512 1303 2580 Ubi

272 2634 392 2725 cuique
410 2646 468 2699 aut
484 2629 578 2699 vallis
597 2629 730 2712 abdita,
754 2646 811 2698 aut
830 2629 922 2698 loeus
939 2628 1112 2714 silvestris,
1133 2645 1191 2699 aut
1211 2629 1305 2723 palus

272 2749 428 2844 impedita
452 2774 544 2844 spem
569 2727 711 2843 praesidii
735 2764 792 2818 aut
822 2747 936 2818 salutis
957 2747 1102 2842 aliquam
1127 2750 1305 2833 offerebat,

272 2869 473 2939 consederat.
490 2873 568 2938 Haec
584 2868 656 2938 loca
669 2869 892 2938 vicinitatibus
908 2883 1004 2936 erant
1019 2883 1114 2954 nota,
1134 2893 1305 2965 magnam·

270 3011 400 3080 queres
419 2987 624 3083 diligentiam
639 2989 847 3082 requirebat,
865 3012 932 3058 non
948 2990 983 3056 iu
998 3013 1128 3057 summa
1143 2991 1305 3059 exercitus

272 3106 394 3176 tuenda
418 3106 565 3201 (nullum
587 3110 675 3178 enim
697 3123 826 3202 poterat
852 3108 1031 3194 universis,
1057 3110 1098 3176 ab
1122 3111 1305 3200 perterritis

271 3251 309 3294 ac
326 3226 492 3321 dispersis,
509 3227 692 3322 perieulum
708 3227 884 3320 accidere),
902 3225 959 3296 sed
976 3228 1010 3294 in
1033 3227 1170 3322 siugulis
1192 3228 1306 3296 militi-

271 3347 332 3418 bus
353 3347 604 3432 couservandis;
625 3371 699 3440 quae
720 3361 829 3415 tamen
850 3371 889 3414 ex
910 3360 1005 3440 parte
1025 3353 1076 3413 r'es
1099 3345 1141 3413 ad
1165 3345 1305 3415 salutem

272 3470 433 3537 exercitus
443 3468 638 3562 pertinebat.
649 3469 736 3538 Nam
750 3481 783 3536 et
795 3467 912 3560 praedae
928 3465 1090 3559 cupiditas
1103 3463 1225 3534 multos
1240 3464 1307 3534 lon-

271 3590 343 3682 gius
370 3589 541 3670 evocabat,
564 3602 598 3657 et
626 3585 715 3656 silvae
745 3587 878 3656 incertis
902 3584 1108 3678 occultisque
1132 3585 1305 3654 itineribus

270 3709 435 3777 confertos
458 3708 549 3776 adire
571 3707 800 3800 prohibebant.
827 3707 862 3774 si
888 3706 1058 3798 negotium
1079 3704 1216 3786 confici,
1233 3706 1308 3772 stir-

272 3854 413 3923 pemque
433 3829 606 3898 hominum
634 3825 868 3896 sceleratorum
894 3823 1033 3894 interfici
1054 3822 1172 3910 vellet,
1195 3823 1307 3891 dimit-

272 3949 378 4016 tandm
390 3945 502 4040 plures
516 3973 650 4034 manus,
664 3946 910 4039 diducendique
921 3960 1014 4016 erant
1030 3943 1150 4014 milites
1166 3970 1173 4011 :
1190 3945 1217 4012 si
1231 3967 1308 4013 con·
