3038 4766
293 359 331 414 68
448 360 477 414 C.
496 359 593 414 JULll
613 357 775 414 cAEssnts
797 360 1159 418 COMMENTARIORUM

292 485 334 554 sit
355 485 524 578 cognitum
553 482 594 552 de
611 482 718 552 edicto
741 485 900 570 Gaesaris,
922 485 1122 554 consensisse
1137 482 1320 553 Gaditanos

291 604 455 697 principes
483 628 559 672 cnm
590 604 729 671 tribunis
750 604 952 690 cohortium,
978 629 1052 698 quae
1081 618 1188 672 essent
1215 603 1261 670 ibi
1287 605 1318 670 in

292 727 457 820 praesidio,
484 742 521 795 ut
537 725 727 796 Gallonium
750 751 790 795 ex
817 726 941 820 oppido
965 725 1186 821 expellerent,
1206 727 1319 796 urbem

292 846 495 940 insulamque
512 849 632 917 Caesari
647 862 827 916 servarent.
846 851 918 916 Hoc
932 849 1014 916 inito
1030 845 1183 934 consilio,
1201 846 1320 918 denun-

292 969 422 1036 tiavisse
440 966 614 1054 Gallonio,
633 981 671 1035 ut
690 991 750 1036 sua
772 981 905 1060 sponte,
923 966 1002 1035 dum
1027 967 1097 1034 sine
1115 963 1260 1060 periculo
1281 965 1320 1035 li-

290 1103 394 1176 ceret,
411 1087 580 1156 excederet
598 1086 765 1175 Gadibus;
784 1088 810 1154 si
828 1086 861 1154 id
879 1111 945 1155 non
969 1086 1114 1173 fecisset,
1132 1087 1193 1154 sibi
1216 1087 1321 1155 consi·

291 1207 372 1277 lium
383 1220 538 1300 capturos
551 1233 559 1274 :
574 1207 638 1275 boc
648 1209 766 1275 timore
775 1205 953 1275 adductum
965 1203 1157 1274 Gallonium
1171 1204 1320 1275 Gadibus

292 1327 474 1396 excessisse.
490 1328 549 1395 His
567 1327 706 1421 cogni-tis
726 1326 844 1411 rebus,
862 1323 965 1392 altera
979 1350 1019 1394 ex
1037 1321 1165 1392 duabus
1183 1323 1320 1418 legioni·

291 1446 372 1533 bus,
391 1470 464 1539 quae
481 1444 667 1516 Vernacula
688 1444 930 1540 appellabatur,
947 1468 988 1512 ex
1011 1444 1126 1512 castris
1144 1445 1319 1530 Varronis,

291 1567 440 1636 adstante
478 1582 511 1634 et
545 1567 747 1662 inspectante
781 1567 878 1658 ipso,
914 1567 1007 1658 signa
1041 1561 1196 1649 sustulit,
1233 1587 1318 1633 sese·

290 1709 355 1779 qne
382 1685 531 1780 Hispalin
554 1689 695 1781 recepit,
721 1699 818 1778 atque
846 1687 881 1753 in
905 1684 977 1755 forn
1003 1697 1035 1752 et
1053 1683 1234 1776 porticibus
1250 1685 1319 1750 sine

291 1803 450 1874 maleficio
485 1805 642 1875 consedit.
668 1803 769 1894 Quod
785 1805 906 1874 factum
928 1803 1009 1872 adeo
1044 1803 1114 1895 ejus
1127 1817 1319 1871 'conventus

290 1924 378 1992 cives
406 1927 533 1992 romani
557 1926 872 2018 comprobaverunt,
896 1939 932 1990 ut
955 1923 1088 1992 domum
1113 1921 1155 1990 ad
1177 1945 1211 1990 se
1227 1923 1317 2015 quis-

291 2041 509 2134 quehospitio
526 2042 736 2136 cupidissime
753 2043 923 2136 reciperet.
937 2043 1071 2129 Quibus
1083 2041 1180 2110 rebus
1194 2021 1317 2134 perter-

290 2163 372 2228 ritus
382 2163 504 2248 Varro,
522 2185 644 2254 quurn,
661 2162 776 2230 itinere
793 2185 967 2246 converso,
984 2185 1053 2230 sese
1073 2160 1221 2229 Italicam
1239 2186 1317 2229 ven·

290 2295 401 2352 turum
421 2281 637 2372 promisisset,
655 2281 775 2350 certior
793 2281 835 2348 ab
850 2283 917 2349 suis
939 2280 1041 2349 laetus
1062 2295 1129 2380 est,
1145 2279 1317 2375 pmolusas

290 2423 358 2466 esse
375 2413 497 2492 portas.
513 2403 597 2468 Tum
614 2424 713 2486 vero,
730 2401 820 2468 omni
837 2397 1031 2468 interclusus
1049 2401 1165 2468 itinere
1178 2451 1188 2483 ‚
1199 2399 1242 2468 ad
1252 2402 1319 2469 ca·

291 2542 395 2586 sarem
421 2520 541 2603 mittit,
561 2531 712 2612 paratum
734 2544 767 2586 se
784 2543 869 2620 esse,
890 2517 1067 2613 legionem,
1091 2521 1145 2588 cui
1164 2520 1317 2612 jusserit,

290 2637 429 2706 tradere.
450 2635 509 2707 llle
530 2637 667 2708 adeum
691 2641 779 2706 Sext.
798 2642 959 2708 Caesarern
981 2640 1095 2725 mittit,
1117 2653 1216 2732 atque
1240 2639 1318 2707 huic

290 2758 375 2828 tradi
387 2759 489 2852 jubet.
500 2757 636 2827 Tradita
656 2757 802 2852 legione,
819 2763 927 2827 Varro
944 2757 1133 2828 Cordubam
1150 2758 1192 2827 ad
1214 2761 1317 2828 Caesa-

289 2903 360 2946 rem
378 2881 468 2947 venit
485 2905 493 2946 z
509 2878 618 2947 relatis
631 2877 674 2946 ad
692 2903 768 2946 eum
785 2878 925 2972 publicis
943 2903 1019 2947 cum
1037 2876 1101 2947 fide
1118 2878 1316 2976 rationibus,¹

288 2997 378 3090 quod
394 3022 493 3090 penes
510 3022 585 3066 eum
612 3011 662 3064 est
685 2999 850 3090 pecuniae,
876 2998 993 3084 tradit,
1015 3014 1067 3087 et,
1087 2998 1177 3093 quod
1196 2999 1316 3090 ubique

289 3117 407 3186 lrabeat
423 3117 580 3184 frumenti
599 3141 637 3184 ac
657 3117 808 3203 navium,
827 3116 981 3187 ostendit.

335 3236 426 3301 XXI.
446 3238 567 3319 Caesar,
587 3237 744 3304 concione
760 3237 874 3308 habita
893 3237 1071 3325 Cordubae,
1087 3240 1240 3309 omnibus
1261 3265 1316 3334 ge·

290 3354 427 3422 neratirn
445 3355 566 3448 gratias
587 3355 655 3447 agit
682 3381 690 3422 :
715 3356 840 3425 civibus
869 3359 1027 3445 romanis,
1048 3356 1138 3450 quod
1157 3359 1317 3450 oppidum

290 3478 323 3542 in
342 3500 399 3545 sua
414 3490 573 3569 potestate
590 3475 791 3546 studuissent
802 3477 936 3565 babere,
950 3478 1102 3570 Hispanis
1112 3529 1122 3562 ,
1134 3475 1314 3568 quodprae-

290 3595 370 3662 sidia
389 3593 605 3688 expulissent3
627 3593 820 3682 Gaditanis,
839 3594 928 3687 quod
954 3609 1089 3662 conatus
1111 3594 1314 3664 adversario·

290 3738 362 3782 rum
394 3714 616 3808 infregissent,
648 3735 782 3804 seseque
815 3713 849 3779 in
867 3712 1047 3781 libertatem
1077 3713 1314 3800 vindicassent3

290 3831 429 3900 tribunis
445 3833 586 3902 militum
601 3830 926 3923 centurionibusque,
937 3832 993 3923 qui
1009 3855 1048 3899 eo
1061 3831 1201 3924 praesidii
1216 3858 1314 3904 causa

291 3965 445 4021 venerant
456 3952 563 4044 ,quod
574 3975 689 4022 eorum
699 3948 833 4020 consilia
845 3975 905 4022 sua
918 3952 1036 4020 virtute
1046 3952 1313 4024 confirmassent:
