<?xml version="1.0" encoding="UTF-8"?>
<!DOCTYPE html PUBLIC "-//W3C//DTD XHTML 1.0 Transitional//EN"
    "http://www.w3.org/TR/xhtml1/DTD/xhtml1-transitional.dtd">
<html xmlns="http://www.w3.org/1999/xhtml" xml:lang="en" lang="en">
 <head>
  <title>
</title>
<meta http-equiv="Content-Type" content="text/html;charset=utf-8" />
  <meta name='ocr-system' content='tesseract 3.04.00' />
  <meta name='ocr-capabilities' content='ocr_page ocr_carea ocr_par ocr_line ocrx_word'/>
</head>
<body>
  <div class='ocr_page' id='page_1' title='image "./cjcaesarisopera00caesgoog_0269.png"; bbox 0 0 3020 4768; ppageno 0'>
   <div class='ocr_carea' id='block_1_1' title="bbox 417 321 1265 396">
    <p class='ocr_par' dir='ltr' id='par_1_1' title="bbox 417 321 1265 396">
     <span class='ocr_line' id='line_1_1' title="bbox 417 321 1265 396; baseline 0.006 -20"><span class='ocrx_word' id='word_1_1' title='bbox 417 369 420 376; x_wconf 32' lang='lat'><strong>⁴</strong></span> <span class='ocrx_word' id='word_1_2' title='bbox 461 321 511 376; x_wconf 85' lang='lat' dir='ltr'><strong>DE</strong></span> <span class='ocrx_word' id='word_1_3' title='bbox 533 321 1019 386; x_wconf 69' lang='lat' dir='ltr'>BEILOGALLICOLIB.V111.</span> <span class='ocrx_word' id='word_1_4' title='bbox 1212 333 1265 396; x_wconf 61' lang='grc' dir='ltr'><strong>πίῃ</strong></span> 
     </span>
    </p>
   </div>
   <div class='ocr_carea' id='block_1_2' title="bbox 217 423 1267 541">
    <p class='ocr_par' dir='ltr' id='par_1_2' title="bbox 217 423 1267 541">
     <span class='ocr_line' id='line_1_2' title="bbox 217 423 1267 541; baseline 0.008 -31"><span class='ocrx_word' id='word_1_5' title='bbox 217 443 370 527; x_wconf 88' lang='lat' dir='ltr'><strong>vulnera,</strong></span> <span class='ocrx_word' id='word_1_6' title='bbox 398 444 538 537; x_wconf 86' lang='lat' dir='ltr'><strong>perfidia</strong></span> <span class='ocrx_word' id='word_1_7' title='bbox 565 423 779 540; x_wconf 86' lang='lat' dir='ltr'><strong>interposita,</strong></span> <span class='ocrx_word' id='word_1_8' title='bbox 808 463 1002 541; x_wconf 85' lang='lat' dir='ltr'><strong>paterentur</strong></span> <span class='ocrx_word' id='word_1_9' title='bbox 1031 445 1157 536; x_wconf 88' lang='lat' dir='ltr'><strong>inulta;</strong></span> <span class='ocrx_word' id='word_1_10' title='bbox 1187 474 1267 517; x_wconf 91' lang='lat' dir='ltr'><strong>con-</strong></span> 
     </span>
    </p>
   </div>
   <div class='ocr_carea' id='block_1_3' title="bbox 215 554 1313 4035">
    <p class='ocr_par' dir='ltr' id='par_1_3' title="bbox 216 554 1313 2830">
     <span class='ocr_line' id='line_1_3' title="bbox 218 554 1266 661; baseline 0.004 -27"><span class='ocrx_word' id='word_1_11' title='bbox 218 590 380 659; x_wconf 87' lang='lat' dir='ltr'><strong>versoque</strong></span> <span class='ocrx_word' id='word_1_12' title='bbox 401 591 508 660; x_wconf 87' lang='lat' dir='ltr'><strong>equo,</strong></span> <span class='ocrx_word' id='word_1_13' title='bbox 531 591 565 636; x_wconf 86' lang='lat' dir='ltr'><strong>se</strong></span> <span class='ocrx_word' id='word_1_14' title='bbox 585 593 603 634; x_wconf 93' lang='lat' dir='ltr'><strong>a</strong></span> <span class='ocrx_word' id='word_1_15' title='bbox 623 569 740 636; x_wconf 88' lang='lat' dir='ltr'><strong>ceteris</strong></span> <span class='ocrx_word' id='word_1_16' title='bbox 761 569 926 636; x_wconf 85' lang='lat' dir='ltr'><strong>incautius</strong></span> <span class='ocrx_word' id='word_1_17' title='bbox 944 554 1110 660; x_wconf 66' lang='lat' dir='ltr'><strong>permittit</strong></span> <span class='ocrx_word' id='word_1_18' title='bbox 1128 568 1162 636; x_wconf 88' lang='lat' dir='ltr'><strong>in</strong></span> <span class='ocrx_word' id='word_1_19' title='bbox 1181 593 1266 661; x_wconf 83' lang='lat' dir='ltr'><strong>prae·</strong></span> 
     </span>
     <span class='ocr_line' id='line_1_4' title="bbox 217 687 1267 782; baseline 0.001 -27"><span class='ocrx_word' id='word_1_20' title='bbox 217 687 352 755; x_wconf 86' lang='lat' dir='ltr'><strong>fectum.</strong></span> <span class='ocrx_word' id='word_1_21' title='bbox 378 689 521 756; x_wconf 87' lang='lat' dir='ltr'><strong>Faciunt</strong></span> <span class='ocrx_word' id='word_1_22' title='bbox 548 688 634 756; x_wconf 86' lang='lat' dir='ltr'><strong>idem</strong></span> <span class='ocrx_word' id='word_1_23' title='bbox 666 713 792 758; x_wconf 87' lang='lat' dir='ltr'><strong>omnes.</strong></span> <span class='ocrx_word' id='word_1_24' title='bbox 812 691 883 782; x_wconf 81' lang='lat' dir='ltr'><strong>ejus</strong></span> <span class='ocrx_word' id='word_1_25' title='bbox 908 691 1052 782; x_wconf 84' lang='lat' dir='ltr'>equites,</span> <span class='ocrx_word' id='word_1_26' title='bbox 1078 712 1267 782; x_wconf 86' lang='lat' dir='ltr'><strong>paucosque</strong></span> 
     </span>
     <span class='ocr_line' id='line_1_5' title="bbox 218 797 1266 903; baseline 0 -27"><span class='ocrx_word' id='word_1_27' title='bbox 218 822 350 877; x_wconf 84' lang='lat' dir='ltr'><strong>nostros</strong></span> <span class='ocrx_word' id='word_1_28' title='bbox 369 823 571 878; x_wconf 81' lang='lat' dir='ltr'><strong>convertunt</strong></span> <span class='ocrx_word' id='word_1_29' title='bbox 589 824 688 903; x_wconf 89' lang='lat' dir='ltr'><strong>atque</strong></span> <span class='ocrx_word' id='word_1_30' title='bbox 712 797 942 903; x_wconf 83' lang='lat' dir='ltr'><strong>insequuntur.</strong></span> <span class='ocrx_word' id='word_1_31' title='bbox 962 810 1133 878; x_wconf 89' lang='lat' dir='ltr'><strong>Commius</strong></span> <span class='ocrx_word' id='word_1_32' title='bbox 1152 810 1266 878; x_wconf 89' lang='lat' dir='ltr'><strong>incen-</strong></span> 
     </span>
     <span class='ocr_line' id='line_1_6' title="bbox 218 927 1267 1024; baseline 0.001 -29"><span class='ocrx_word' id='word_1_33' title='bbox 218 953 292 996; x_wconf 89' lang='lat' dir='ltr'><strong>sum</strong></span> <span class='ocrx_word' id='word_1_34' title='bbox 325 927 509 997; x_wconf 86' lang='lat' dir='ltr'><strong>calcaribus</strong></span> <span class='ocrx_word' id='word_1_35' title='bbox 535 954 658 1021; x_wconf 88' lang='lat' dir='ltr'><strong>equum</strong></span> <span class='ocrx_word' id='word_1_36' title='bbox 682 931 793 1024; x_wconf 85' lang='lat' dir='ltr'><strong>jungit</strong></span> <span class='ocrx_word' id='word_1_37' title='bbox 821 955 907 1024; x_wconf 90' lang='lat' dir='ltr'><strong>equo</strong></span> <span class='ocrx_word' id='word_1_38' title='bbox 931 929 1111 1020; x_wconf 77' lang='lat' dir='ltr'><strong>Quadrati,</strong></span> <span class='ocrx_word' id='word_1_39' title='bbox 1138 927 1267 998; x_wconf 89' lang='lat' dir='ltr'><strong>lancea·</strong></span> 
     </span>
     <span class='ocr_line' id='line_1_7' title="bbox 219 1049 1263 1145; baseline 0.002 -29"><span class='ocrx_word' id='word_1_40' title='bbox 219 1073 282 1140; x_wconf 89' lang='lat' dir='ltr'><strong>que</strong></span> <span class='ocrx_word' id='word_1_41' title='bbox 301 1049 420 1118; x_wconf 84' lang='lat' dir='ltr'><strong>infesta</strong></span> <span class='ocrx_word' id='word_1_42' title='bbox 444 1050 589 1119; x_wconf 92' lang='lat' dir='ltr'><strong>medium</strong></span> <span class='ocrx_word' id='word_1_43' title='bbox 614 1050 721 1118; x_wconf 86' lang='lat' dir='ltr'><strong>femur</strong></span> <span class='ocrx_word' id='word_1_44' title='bbox 741 1053 812 1145; x_wconf 87' lang='lat' dir='ltr'><strong>ejus</strong></span> <span class='ocrx_word' id='word_1_45' title='bbox 837 1054 963 1145; x_wconf 85' lang='lat' dir='ltr'><strong>magnis</strong></span> <span class='ocrx_word' id='word_1_46' title='bbox 982 1051 1107 1119; x_wconf 87' lang='lat' dir='ltr'><strong>viribus</strong></span> <span class='ocrx_word' id='word_1_47' title='bbox 1130 1050 1263 1143; x_wconf 79' lang='lat' dir='ltr'><strong>trajicit</strong></span> 
     </span>
     <span class='ocr_line' id='line_1_8' title="bbox 218 1169 1265 1257; baseline 0.003 -19"><span class='ocrx_word' id='word_1_48' title='bbox 218 1169 376 1239; x_wconf 78' lang='lat' dir='ltr'><strong>Praefecto</strong></span> <span class='ocrx_word' id='word_1_49' title='bbox 404 1169 596 1255; x_wconf 86' lang='lat' dir='ltr'><strong>vulnerato,</strong></span> <span class='ocrx_word' id='word_1_50' title='bbox 626 1197 693 1239; x_wconf 91' lang='lat' dir='ltr'><strong>non</strong></span> <span class='ocrx_word' id='word_1_51' title='bbox 723 1171 878 1241; x_wconf 90' lang='lat' dir='ltr'><strong>dubitant</strong></span> <span class='ocrx_word' id='word_1_52' title='bbox 907 1172 1010 1240; x_wconf 82' lang='lat' dir='ltr'><strong>nostri</strong></span> <span class='ocrx_word' id='word_1_53' title='bbox 1037 1172 1206 1257; x_wconf 86' lang='lat' dir='ltr'><strong>resistere,</strong></span> <span class='ocrx_word' id='word_1_54' title='bbox 1232 1187 1265 1241; x_wconf 85' lang='lat' dir='ltr'><strong>et</strong></span> 
     </span>
     <span class='ocr_line' id='line_1_9' title="bbox 218 1289 1265 1386; baseline 0.003 -29"><span class='ocrx_word' id='word_1_55' title='bbox 218 1293 367 1358; x_wconf 87' lang='lat' dir='ltr'><strong>conversi</strong></span> <span class='ocrx_word' id='word_1_56' title='bbox 394 1291 524 1358; x_wconf 82' lang='lat' dir='ltr'><strong>hostem</strong></span> <span class='ocrx_word' id='word_1_57' title='bbox 551 1289 683 1384; x_wconf 86' lang='lat' dir='ltr'><strong>pellere.</strong></span> <span class='ocrx_word' id='word_1_58' title='bbox 710 1292 812 1378; x_wconf 91' lang='lat' dir='ltr'><strong>Quod</strong></span> <span class='ocrx_word' id='word_1_59' title='bbox 835 1293 892 1358; x_wconf 93' lang='lat' dir='ltr'><strong>ubi</strong></span> <span class='ocrx_word' id='word_1_60' title='bbox 919 1290 1054 1378; x_wconf 84' lang='lat' dir='ltr'><strong>accidit,</strong></span> <span class='ocrx_word' id='word_1_61' title='bbox 1076 1291 1265 1386; x_wconf 89' lang='lat' dir='ltr'><strong>complures</strong></span> 
     </span>
     <span class='ocr_line' id='line_1_10' title="bbox 219 1409 1264 1506; baseline 0.004 -28"><span class='ocrx_word' id='word_1_62' title='bbox 219 1410 379 1496; x_wconf 87' lang='lat' dir='ltr'><strong>hostium,</strong></span> <span class='ocrx_word' id='word_1_63' title='bbox 404 1436 527 1506; x_wconf 84' lang='lat' dir='ltr'><strong>magno</strong></span> <span class='ocrx_word' id='word_1_64' title='bbox 549 1425 741 1480; x_wconf 90' lang='lat' dir='ltr'><strong>nostrorum</strong></span> <span class='ocrx_word' id='word_1_65' title='bbox 760 1414 885 1504; x_wconf 85' lang='lat' dir='ltr'><strong>impetu</strong></span> <span class='ocrx_word' id='word_1_66' title='bbox 906 1409 1007 1505; x_wconf 90' lang='lat' dir='ltr'><strong>pulsi,</strong></span> <span class='ocrx_word' id='word_1_67' title='bbox 1026 1409 1264 1500; x_wconf 80' lang='lat' dir='ltr'><strong>vulnerantur,</strong></span> 
     </span>
     <span class='ocr_line' id='line_1_11' title="bbox 218 1531 1261 1625; baseline -0.001 -25"><span class='ocrx_word' id='word_1_68' title='bbox 218 1546 251 1600; x_wconf 90' lang='lat' dir='ltr'><strong>et</strong></span> <span class='ocrx_word' id='word_1_69' title='bbox 275 1534 396 1625; x_wconf 87' lang='lat' dir='ltr'><strong>partim</strong></span> <span class='ocrx_word' id='word_1_70' title='bbox 425 1534 459 1600; x_wconf 91' lang='lat' dir='ltr'><strong>in</strong></span> <span class='ocrx_word' id='word_1_71' title='bbox 483 1531 560 1625; x_wconf 83' lang='lat' dir='ltr'><strong>fuga</strong></span> <span class='ocrx_word' id='word_1_72' title='bbox 586 1547 820 1625; x_wconf 87' lang='lat' dir='ltr'><strong>proteruntur,</strong></span> <span class='ocrx_word' id='word_1_73' title='bbox 843 1532 963 1624; x_wconf 87' lang='lat' dir='ltr'><strong>partim</strong></span> <span class='ocrx_word' id='word_1_74' title='bbox 993 1533 1261 1624; x_wconf 87' lang='lat' dir='ltr'><strong>intercipiuntur.</strong></span> 
     </span>
     <span class='ocr_line' id='line_1_12' title="bbox 217 1649 1263 1745; baseline -0.003 -25"><span class='ocrx_word' id='word_1_75' title='bbox 217 1652 318 1742; x_wconf 88' lang='lat' dir='ltr'><strong>Quod</strong></span> <span class='ocrx_word' id='word_1_76' title='bbox 344 1653 401 1720; x_wconf 90' lang='lat' dir='ltr'><strong>ubi</strong></span> <span class='ocrx_word' id='word_1_77' title='bbox 422 1649 546 1720; x_wconf 91' lang='lat' dir='ltr'><strong>malum</strong></span> <span class='ocrx_word' id='word_1_78' title='bbox 568 1650 635 1718; x_wconf 86' lang='lat' dir='ltr'><strong>dux</strong></span> <span class='ocrx_word' id='word_1_79' title='bbox 657 1652 734 1745; x_wconf 90' lang='lat' dir='ltr'><strong>equi</strong></span> <span class='ocrx_word' id='word_1_80' title='bbox 755 1650 926 1719; x_wconf 87' lang='lat' dir='ltr'><strong>velocitate</strong></span> <span class='ocrx_word' id='word_1_81' title='bbox 947 1652 1099 1737; x_wconf 86' lang='lat' dir='ltr'><strong>evitavit;</strong></span> <span class='ocrx_word' id='word_1_82' title='bbox 1118 1651 1263 1744; x_wconf 84' lang='lat' dir='ltr'><strong>graviter</strong></span> 
     </span>
     <span class='ocr_line' id='line_1_13' title="bbox 217 1768 1313 1865; baseline -0.001 -27"><span class='ocrx_word' id='word_1_83' title='bbox 217 1770 410 1841; x_wconf 85' lang='lat' dir='ltr'><strong>vulneratus</strong></span> <span class='ocrx_word' id='word_1_84' title='bbox 431 1771 618 1865; x_wconf 79' lang='lat' dir='ltr'><strong>praefectus,</strong></span> <span class='ocrx_word' id='word_1_85' title='bbox 643 1784 680 1839; x_wconf 90' lang='lat' dir='ltr'><strong>ut</strong></span> <span class='ocrx_word' id='word_1_86' title='bbox 701 1773 776 1840; x_wconf 81' lang='lat' dir='ltr'><strong>vitae</strong></span> <span class='ocrx_word' id='word_1_87' title='bbox 794 1769 979 1864; x_wconf 90' lang='lat' dir='ltr'><strong>periculum</strong></span> <span class='ocrx_word' id='word_1_88' title='bbox 998 1770 1151 1838; x_wconf 86' lang='lat' dir='ltr'><strong>aditurus</strong></span> <span class='ocrx_word' id='word_1_89' title='bbox 1171 1768 1263 1837; x_wconf 85' lang='lat' dir='ltr'><strong>vide·</strong></span> <span class='ocrx_word' id='word_1_90' title='bbox 1310 1803 1313 1808; x_wconf 94' lang='lat'>·</span> 
     </span>
     <span class='ocr_line' id='line_1_14' title="bbox 217 1892 1262 1990; baseline 0.002 -32"><span class='ocrx_word' id='word_1_91' title='bbox 217 1905 323 1977; x_wconf 91' lang='lat' dir='ltr'><strong>retur,</strong></span> <span class='ocrx_word' id='word_1_92' title='bbox 345 1892 489 1960; x_wconf 81' lang='lat' dir='ltr'><strong>refertur</strong></span> <span class='ocrx_word' id='word_1_93' title='bbox 510 1892 543 1958; x_wconf 93' lang='lat' dir='ltr'><strong>in</strong></span> <span class='ocrx_word' id='word_1_94' title='bbox 561 1905 678 1959; x_wconf 86' lang='lat' dir='ltr'><strong>castra.</strong></span> <span class='ocrx_word' id='word_1_95' title='bbox 701 1892 872 1960; x_wconf 90' lang='lat' dir='ltr'><strong>Commius</strong></span> <span class='ocrx_word' id='word_1_96' title='bbox 893 1906 1020 1990; x_wconf 85' lang='lat' dir='ltr'><strong>autem,</strong></span> <span class='ocrx_word' id='word_1_97' title='bbox 1040 1893 1108 1961; x_wconf 87' lang='lat' dir='ltr'><strong>sive</strong></span> <span class='ocrx_word' id='word_1_98' title='bbox 1130 1893 1262 1985; x_wconf 85' lang='lat' dir='ltr'><strong>expiato</strong></span> 
     </span>
     <span class='ocr_line' id='line_1_15' title="bbox 217 2011 1261 2110; baseline 0.002 -30"><span class='ocrx_word' id='word_1_99' title='bbox 217 2037 278 2080; x_wconf 87' lang='lat' dir='ltr'><strong>suo</strong></span> <span class='ocrx_word' id='word_1_100' title='bbox 304 2011 434 2100; x_wconf 87' lang='lat' dir='ltr'><strong>dolore,</strong></span> <span class='ocrx_word' id='word_1_101' title='bbox 460 2016 530 2081; x_wconf 85' lang='lat' dir='ltr'><strong>sive</strong></span> <span class='ocrx_word' id='word_1_102' title='bbox 555 2036 675 2106; x_wconf 84' lang='lat' dir='ltr'><strong>magna</strong></span> <span class='ocrx_word' id='word_1_103' title='bbox 699 2028 793 2105; x_wconf 89' lang='lat' dir='ltr'><strong>parte</strong></span> <span class='ocrx_word' id='word_1_104' title='bbox 815 2013 934 2082; x_wconf 88' lang='lat' dir='ltr'><strong>amissa</strong></span> <span class='ocrx_word' id='word_1_105' title='bbox 959 2037 1111 2101; x_wconf 86' lang='lat' dir='ltr'><strong>suorum,</strong></span> <span class='ocrx_word' id='word_1_106' title='bbox 1136 2012 1261 2110; x_wconf 83' lang='lat' dir='ltr'><strong>legatos</strong></span> 
     </span>
     <span class='ocr_line' id='line_1_16' title="bbox 216 2132 1263 2227; baseline 0 -25"><span class='ocrx_word' id='word_1_107' title='bbox 216 2133 258 2202; x_wconf 84' lang='lat' dir='ltr'><strong>ad</strong></span> <span class='ocrx_word' id='word_1_108' title='bbox 286 2135 470 2202; x_wconf 87' lang='lat' dir='ltr'><strong>Antonium</strong></span> <span class='ocrx_word' id='word_1_109' title='bbox 496 2135 615 2216; x_wconf 91' lang='lat' dir='ltr'><strong>mittit,</strong></span> <span class='ocrx_word' id='word_1_110' title='bbox 649 2158 749 2226; x_wconf 87' lang='lat' dir='ltr'><strong>seque</strong></span> <span class='ocrx_word' id='word_1_111' title='bbox 773 2147 807 2200; x_wconf 89' lang='lat' dir='ltr'><strong>et</strong></span> <span class='ocrx_word' id='word_1_112' title='bbox 837 2134 881 2201; x_wconf 91' lang='lat' dir='ltr'><strong>ibi</strong></span> <span class='ocrx_word' id='word_1_113' title='bbox 910 2133 1060 2201; x_wconf 80' lang='lat' dir='ltr'><strong>tutorum</strong></span> <span class='ocrx_word' id='word_1_114' title='bbox 1095 2132 1151 2202; x_wconf 93' lang='lat' dir='ltr'><strong>ubi</strong></span> <span class='ocrx_word' id='word_1_115' title='bbox 1180 2159 1263 2227; x_wconf 79' lang='lat' dir='ltr'><strong>prra-</strong></span> 
     </span>
     <span class='ocr_line' id='line_1_17' title="bbox 218 2253 1263 2347; baseline 0.004 -27"><span class='ocrx_word' id='word_1_116' title='bbox 218 2253 400 2346; x_wconf 88' lang='lat' dir='ltr'><strong>scripserit,</strong></span> <span class='ocrx_word' id='word_1_117' title='bbox 431 2269 465 2322; x_wconf 89' lang='lat' dir='ltr'><strong>et</strong></span> <span class='ocrx_word' id='word_1_118' title='bbox 491 2279 529 2322; x_wconf 86' lang='lat' dir='ltr'><strong>ea</strong></span> <span class='ocrx_word' id='word_1_119' title='bbox 550 2254 714 2322; x_wconf 83' lang='lat' dir='ltr'><strong>facturum</strong></span> <span class='ocrx_word' id='word_1_120' title='bbox 745 2278 817 2346; x_wconf 78' lang='lat' dir='ltr'><strong>quaa</strong></span> <span class='ocrx_word' id='word_1_121' title='bbox 842 2255 1067 2347; x_wconf 86' lang='lat' dir='ltr'><strong>imperaverit,</strong></span> <span class='ocrx_word' id='word_1_122' title='bbox 1092 2253 1263 2324; x_wconf 88' lang='lat' dir='ltr'><strong>obsidibus</strong></span> 
     </span>
     <span class='ocr_line' id='line_1_18' title="bbox 218 2373 1263 2460; baseline -0.001 -17"><span class='ocrx_word' id='word_1_123' title='bbox 218 2373 303 2443; x_wconf 88' lang='lat' dir='ltr'><strong>datis</strong></span> <span class='ocrx_word' id='word_1_124' title='bbox 315 2373 437 2442; x_wconf 88' lang='lat' dir='ltr'><strong>firmat.</strong></span> <span class='ocrx_word' id='word_1_125' title='bbox 452 2379 568 2445; x_wconf 91' lang='lat' dir='ltr'><strong>Unum</strong></span> <span class='ocrx_word' id='word_1_126' title='bbox 588 2373 670 2442; x_wconf 89' lang='lat' dir='ltr'><strong>illud</strong></span> <span class='ocrx_word' id='word_1_127' title='bbox 687 2389 774 2460; x_wconf 88' lang='lat' dir='ltr'><strong>orat,</strong></span> <span class='ocrx_word' id='word_1_128' title='bbox 792 2389 830 2441; x_wconf 89' lang='lat' dir='ltr'><strong>ut</strong></span> <span class='ocrx_word' id='word_1_129' title='bbox 851 2375 963 2442; x_wconf 90' lang='lat' dir='ltr'><strong>timori</strong></span> <span class='ocrx_word' id='word_1_130' title='bbox 980 2399 1040 2442; x_wconf 90' lang='lat' dir='ltr'><strong>suo</strong></span> <span class='ocrx_word' id='word_1_131' title='bbox 1061 2373 1263 2444; x_wconf 88' lang='lat' dir='ltr'><strong>concedatur</strong></span> 
     </span>
     <span class='ocr_line' id='line_1_19' title="bbox 216 2495 1264 2588; baseline -0.001 -28"><span class='ocrx_word' id='word_1_132' title='bbox 216 2518 257 2561; x_wconf 86' lang='lat' dir='ltr'><strong>ne</strong></span> <span class='ocrx_word' id='word_1_133' title='bbox 274 2495 309 2561; x_wconf 88' lang='lat' dir='ltr'><strong>in</strong></span> <span class='ocrx_word' id='word_1_134' title='bbox 326 2508 542 2588; x_wconf 84' lang='lat' dir='ltr'><strong>conspectum</strong></span> <span class='ocrx_word' id='word_1_135' title='bbox 556 2495 669 2562; x_wconf 88' lang='lat' dir='ltr'><strong>veniat</strong></span> <span class='ocrx_word' id='word_1_136' title='bbox 685 2495 880 2587; x_wconf 84' lang='lat' dir='ltr'><strong>cujusquam</strong></span> <span class='ocrx_word' id='word_1_137' title='bbox 897 2495 1050 2562; x_wconf 89' lang='lat' dir='ltr'><strong>Romani.</strong></span> <span class='ocrx_word' id='word_1_138' title='bbox 1065 2495 1177 2582; x_wconf 87' lang='lat' dir='ltr'><strong>Quam</strong></span> <span class='ocrx_word' id='word_1_139' title='bbox 1191 2518 1264 2585; x_wconf 90' lang='lat' dir='ltr'><strong>pos·</strong></span> 
     </span>
     <span class='ocr_line' id='line_1_20' title="bbox 216 2589 1263 2707; baseline -0.002 -27"><span class='ocrx_word' id='word_1_140' title='bbox 216 2611 413 2683; x_wconf 87' lang='lat' dir='ltr'><strong>tulationem</strong></span> <span class='ocrx_word' id='word_1_141' title='bbox 438 2616 599 2684; x_wconf 82' lang='lat' dir='ltr'><strong>Antonius</strong></span> <span class='ocrx_word' id='word_1_142' title='bbox 626 2639 730 2707; x_wconf 90' lang='lat' dir='ltr'><strong>quum</strong></span> <span class='ocrx_word' id='word_1_143' title='bbox 752 2613 918 2706; x_wconf 87' lang='lat' dir='ltr'><strong>judicaret</strong></span> <span class='ocrx_word' id='word_1_144' title='bbox 943 2614 984 2681; x_wconf 85' lang='lat' dir='ltr'><strong>ab</strong></span> <span class='ocrx_word' id='word_1_145' title='bbox 998 2615 1089 2706; x_wconf 90' lang='lat' dir='ltr'><strong>justo</strong></span> <span class='ocrx_word' id='word_1_146' title='bbox 1111 2614 1200 2680; x_wconf 88' lang='lat' dir='ltr'><strong>nasci</strong></span> <span class='ocrx_word' id='word_1_147' title='bbox 1222 2589 1263 2680; x_wconf 91' lang='lat' dir='ltr'><strong>ti-</strong></span> 
     </span>
     <span class='ocr_line' id='line_1_21' title="bbox 216 2734 1044 2830; baseline -0.002 -28"><span class='ocrx_word' id='word_1_148' title='bbox 216 2760 326 2823; x_wconf 87' lang='lat' dir='ltr'><strong>more,</strong></span> <span class='ocrx_word' id='word_1_149' title='bbox 345 2738 474 2804; x_wconf 85' lang='lat' dir='ltr'><strong>veniam</strong></span> <span class='ocrx_word' id='word_1_150' title='bbox 494 2738 617 2830; x_wconf 87' lang='lat' dir='ltr'><strong>petenti</strong></span> <span class='ocrx_word' id='word_1_151' title='bbox 639 2735 744 2821; x_wconf 89' lang='lat' dir='ltr'><strong>dedit,</strong></span> <span class='ocrx_word' id='word_1_152' title='bbox 762 2734 891 2812; x_wconf 86' lang='lat' dir='ltr'><strong>obsides</strong></span> <span class='ocrx_word' id='word_1_153' title='bbox 907 2736 1044 2827; x_wconf 83' lang='lat' dir='ltr'><strong>accepit.</strong></span> 
     </span>
    </p>

    <p class='ocr_par' dir='ltr' id='par_1_4' title="bbox 215 2851 1265 3674">
     <span class='ocr_line' id='line_1_22' title="bbox 265 2851 1264 2950; baseline -0.005 -25"><span class='ocrx_word' id='word_1_154' title='bbox 265 2859 342 2925; x_wconf 90' lang='lat' dir='ltr'><strong>Scio</strong></span> <span class='ocrx_word' id='word_1_155' title='bbox 373 2859 537 2926; x_wconf 82' lang='lat' dir='ltr'><strong>Caesarem</strong></span> <span class='ocrx_word' id='word_1_156' title='bbox 563 2855 769 2950; x_wconf 84' lang='lat' dir='ltr'><strong>singulorum</strong></span> <span class='ocrx_word' id='word_1_157' title='bbox 799 2880 964 2923; x_wconf 88' lang='lat' dir='ltr'><strong>annorum</strong></span> <span class='ocrx_word' id='word_1_158' title='bbox 996 2851 1144 2947; x_wconf 82' lang='lat' dir='ltr'><strong>singulos</strong></span> <span class='ocrx_word' id='word_1_159' title='bbox 1173 2877 1264 2920; x_wconf 90' lang='lat' dir='ltr'><strong>com-</strong></span> 
     </span>
     <span class='ocr_line' id='line_1_23' title="bbox 217 2973 1264 3070; baseline -0.005 -23"><span class='ocrx_word' id='word_1_160' title='bbox 217 2978 396 3047; x_wconf 88' lang='lat' dir='ltr'><strong>mentarios</strong></span> <span class='ocrx_word' id='word_1_161' title='bbox 412 2976 611 3064; x_wconf 85' lang='lat' dir='ltr'><strong>confecisse;</strong></span> <span class='ocrx_word' id='word_1_162' title='bbox 625 2977 716 3070; x_wconf 90' lang='lat' dir='ltr'><strong>quod</strong></span> <span class='ocrx_word' id='word_1_163' title='bbox 738 2999 799 3070; x_wconf 83' lang='lat' dir='ltr'><strong>ego</strong></span> <span class='ocrx_word' id='word_1_164' title='bbox 810 2999 877 3042; x_wconf 91' lang='lat' dir='ltr'><strong>non</strong></span> <span class='ocrx_word' id='word_1_165' title='bbox 894 2974 1079 3042; x_wconf 84' lang='lat' dir='ltr'><strong>existimavi</strong></span> <span class='ocrx_word' id='word_1_166' title='bbox 1095 2973 1177 3042; x_wconf 92' lang='lat' dir='ltr'><strong>mihi</strong></span> <span class='ocrx_word' id='word_1_167' title='bbox 1194 2997 1264 3042; x_wconf 86' lang='lat' dir='ltr'><strong>esse</strong></span> 
     </span>
     <span class='ocr_line' id='line_1_24' title="bbox 215 3077 1264 3191; baseline -0.003 -25"><span class='ocrx_word' id='word_1_168' title='bbox 215 3096 420 3186; x_wconf 87' lang='lat' dir='ltr'><strong>faciendum,</strong></span> <span class='ocrx_word' id='word_1_169' title='bbox 438 3114 613 3191; x_wconf 88' lang='lat' dir='ltr'><strong>propterea</strong></span> <span class='ocrx_word' id='word_1_170' title='bbox 633 3077 724 3190; x_wconf 94' lang='lat' dir='ltr'><strong>quod</strong></span> <span class='ocrx_word' id='word_1_171' title='bbox 741 3097 917 3190; x_wconf 88' lang='lat' dir='ltr'><strong>insequens</strong></span> <span class='ocrx_word' id='word_1_172' title='bbox 939 3119 1061 3180; x_wconf 89' lang='lat' dir='ltr'><strong>annus,</strong></span> <span class='ocrx_word' id='word_1_173' title='bbox 1076 3096 1114 3163; x_wconf 92' lang='lat' dir='ltr'><strong>L.</strong></span> <span class='ocrx_word' id='word_1_174' title='bbox 1139 3095 1264 3178; x_wconf 89' lang='lat' dir='ltr'><strong>Paulo,</strong></span> 
     </span>
     <span class='ocr_line' id='line_1_25' title="bbox 215 3215 1264 3313; baseline -0.002 -25"><span class='ocrx_word' id='word_1_175' title='bbox 215 3221 253 3288; x_wconf 90' lang='lat' dir='ltr'><strong>C.</strong></span> <span class='ocrx_word' id='word_1_176' title='bbox 273 3218 550 3306; x_wconf 60' lang='lat' dir='ltr'><strong>Marcellorum„</strong></span> <span class='ocrx_word' id='word_1_177' title='bbox 569 3218 677 3287; x_wconf 88' lang='lat' dir='ltr'><strong>nullas</strong></span> <span class='ocrx_word' id='word_1_178' title='bbox 698 3243 750 3288; x_wconf 86' lang='lat' dir='ltr'><strong>res</strong></span> <span class='ocrx_word' id='word_1_179' title='bbox 767 3215 885 3288; x_wconf 84' lang='lat' dir='ltr'><strong>Galliae</strong></span> <span class='ocrx_word' id='word_1_180' title='bbox 902 3217 1003 3286; x_wconf 91' lang='lat' dir='ltr'><strong>habet</strong></span> <span class='ocrx_word' id='word_1_181' title='bbox 1022 3242 1143 3313; x_wconf 86' lang='lat' dir='ltr'><strong>magno</strong></span> <span class='ocrx_word' id='word_1_182' title='bbox 1163 3243 1264 3312; x_wconf 90' lang='lat' dir='ltr'><strong>opere</strong></span> 
     </span>
     <span class='ocr_line' id='line_1_26' title="bbox 216 3337 1265 3433; baseline -0.003 -26"><span class='ocrx_word' id='word_1_183' title='bbox 216 3354 334 3432; x_wconf 84' lang='lat' dir='ltr'><strong>gestas.</strong></span> <span class='ocrx_word' id='word_1_184' title='bbox 359 3341 411 3408; x_wconf 88' lang='lat' dir='ltr'><strong>Ne</strong></span> <span class='ocrx_word' id='word_1_185' title='bbox 430 3343 637 3433; x_wconf 64' lang='lat' dir='ltr'><strong>qnis&#39;tamen</strong></span> <span class='ocrx_word' id='word_1_186' title='bbox 656 3340 825 3433; x_wconf 85' lang='lat' dir='ltr'><strong>ignoraret</strong></span> <span class='ocrx_word' id='word_1_187' title='bbox 847 3338 968 3432; x_wconf 91' lang='lat' dir='ltr'><strong>quibus</strong></span> <span class='ocrx_word' id='word_1_188' title='bbox 990 3337 1131 3407; x_wconf 89' lang='lat' dir='ltr'><strong>in-locis</strong></span> <span class='ocrx_word' id='word_1_189' title='bbox 1154 3341 1265 3407; x_wconf 87' lang='lat' dir='ltr'><strong>Caesar</strong></span> 
     </span>
     <span class='ocr_line' id='line_1_27' title="bbox 216 3455 1265 3552; baseline -0.002 -27"><span class='ocrx_word' id='word_1_190' title='bbox 216 3459 446 3552; x_wconf 82' lang='lat' dir='ltr'><strong>exercitusque</strong></span> <span class='ocrx_word' id='word_1_191' title='bbox 467 3484 507 3527; x_wconf 89' lang='lat' dir='ltr'><strong>eo</strong></span> <span class='ocrx_word' id='word_1_192' title='bbox 525 3476 674 3552; x_wconf 84' lang='lat' dir='ltr'><strong>tempore</strong></span> <span class='ocrx_word' id='word_1_193' title='bbox 690 3459 846 3547; x_wconf 85' lang='lat' dir='ltr'><strong>fuissent,</strong></span> <span class='ocrx_word' id='word_1_194' title='bbox 865 3484 968 3552; x_wconf 90' lang='lat' dir='ltr'><strong>pauca</strong></span> <span class='ocrx_word' id='word_1_195' title='bbox 991 3455 1166 3527; x_wconf 88' lang='lat' dir='ltr'><strong>scribenda</strong></span> <span class='ocrx_word' id='word_1_196' title='bbox 1186 3481 1265 3524; x_wconf 90' lang='lat' dir='ltr'><strong>con-</strong></span> 
     </span>
     <span class='ocr_line' id='line_1_28' title="bbox 215 3579 929 3674; baseline 0 -27"><span class='ocrx_word' id='word_1_197' title='bbox 215 3579 453 3674; x_wconf 80' lang='lat' dir='ltr'><strong>jungendaque</strong></span> <span class='ocrx_word' id='word_1_198' title='bbox 469 3579 548 3649; x_wconf 89' lang='lat' dir='ltr'><strong>huic</strong></span> <span class='ocrx_word' id='word_1_199' title='bbox 565 3581 806 3648; x_wconf 91' lang='lat' dir='ltr'><strong>commentario</strong></span> <span class='ocrx_word' id='word_1_200' title='bbox 819 3584 929 3649; x_wconf 89' lang='lat' dir='ltr'><strong>statui.</strong></span> 
     </span>
    </p>

    <p class='ocr_par' dir='ltr' id='par_1_5' title="bbox 216 3696 1288 4035">
     <span class='ocr_line' id='line_1_29' title="bbox 264 3696 1265 3796; baseline -0.002 -28"><span class='ocrx_word' id='word_1_201' title='bbox 264 3703 387 3772; x_wconf 84' lang='lat' dir='ltr'>XLIX.</span> <span class='ocrx_word' id='word_1_202' title='bbox 411 3703 535 3788; x_wconf 85' lang='lat' dir='ltr'><strong>Caesar,</strong></span> <span class='ocrx_word' id='word_1_203' title='bbox 555 3702 588 3769; x_wconf 92' lang='lat' dir='ltr'><strong>in</strong></span> <span class='ocrx_word' id='word_1_204' title='bbox 607 3700 720 3796; x_wconf 79' lang='lat' dir='ltr'><strong>Belgio</strong></span> <span class='ocrx_word' id='word_1_205' title='bbox 736 3726 840 3796; x_wconf 89' lang='lat' dir='ltr'><strong>quum</strong></span> <span class='ocrx_word' id='word_1_206' title='bbox 861 3702 1036 3786; x_wconf 85' lang='lat' dir='ltr'><strong>hiemaret,</strong></span> <span class='ocrx_word' id='word_1_207' title='bbox 1060 3722 1163 3767; x_wconf 90' lang='lat' dir='ltr'><strong>unum</strong></span> <span class='ocrx_word' id='word_1_208' title='bbox 1182 3696 1265 3766; x_wconf 91' lang='lat' dir='ltr'><strong>illud</strong></span> 
     </span>
     <span class='ocr_line' id='line_1_30' title="bbox 216 3818 1265 3914; baseline -0.002 -26"><span class='ocrx_word' id='word_1_209' title='bbox 216 3823 422 3914; x_wconf 87' lang='lat' dir='ltr'><strong>propositum</strong></span> <span class='ocrx_word' id='word_1_210' title='bbox 457 3823 618 3908; x_wconf 89' lang='lat' dir='ltr'><strong>habebat,</strong></span> <span class='ocrx_word' id='word_1_211' title='bbox 653 3824 823 3892; x_wconf 88' lang='lat' dir='ltr'><strong>continere</strong></span> <span class='ocrx_word' id='word_1_212' title='bbox 855 3824 888 3889; x_wconf 90' lang='lat' dir='ltr'><strong>in</strong></span> <span class='ocrx_word' id='word_1_213' title='bbox 919 3821 1064 3890; x_wconf 87' lang='lat' dir='ltr'><strong>amicitia</strong></span> <span class='ocrx_word' id='word_1_214' title='bbox 1101 3818 1265 3905; x_wconf 85' lang='lat' dir='ltr'><strong>civitates,</strong></span> 
     </span>
     <span class='ocr_line' id='line_1_31' title="bbox 216 3939 1288 4035; baseline -0.002 -27"><span class='ocrx_word' id='word_1_215' title='bbox 216 3941 299 4010; x_wconf 85' lang='lat' dir='ltr'><strong>nulli</strong></span> <span class='ocrx_word' id='word_1_216' title='bbox 318 3967 409 4035; x_wconf 89' lang='lat' dir='ltr'><strong>spem</strong></span> <span class='ocrx_word' id='word_1_217' title='bbox 426 3957 483 4012; x_wconf 88' lang='lat' dir='ltr'><strong>aut</strong></span> <span class='ocrx_word' id='word_1_218' title='bbox 499 3967 632 4010; x_wconf 83' lang='lat' dir='ltr'><strong>cansam</strong></span> <span class='ocrx_word' id='word_1_219' title='bbox 650 3942 730 4012; x_wconf 84' lang='lat' dir='ltr'><strong>dare</strong></span> <span class='ocrx_word' id='word_1_220' title='bbox 743 3969 924 4012; x_wconf 88' lang='lat' dir='ltr'><strong>armorum.</strong></span> <span class='ocrx_word' id='word_1_221' title='bbox 944 3939 1034 4009; x_wconf 89' lang='lat' dir='ltr'><strong>Nihil</strong></span> <span class='ocrx_word' id='word_1_222' title='bbox 1053 3941 1140 4007; x_wconf 86' lang='lat' dir='ltr'><strong>enim</strong></span> <span class='ocrx_word' id='word_1_223' title='bbox 1154 3939 1265 4008; x_wconf 88' lang='lat' dir='ltr'><strong>minus</strong></span> <span class='ocrx_word' id='word_1_224' title='bbox 1286 3987 1288 3990; x_wconf 92' lang='lat'>-</span> 
     </span>
    </p>
   </div>
   <div class='ocr_carea' id='block_1_4' title="bbox 0 0 1514 4768">
    <p class='ocr_par' dir='ltr' id='par_1_6' title="bbox 0 0 1514 4768">
     <span class='ocr_line' id='line_1_32' title="bbox 0 0 1514 4768; baseline 0 0"><span class='ocrx_word' id='word_1_225' title='bbox 0 0 1514 4768; x_wconf 95' lang='lat' dir='ltr'><strong> </strong></span> 
     </span>
    </p>
   </div>
  </div>
 </body>
</html>
