3060 4768
470 441 479 458 .
516 401 567 458 uu
588 401 710 458 sesso
733 377 935 460 srnrcsno.
1183 406 1239 462 sea

202 534 252 602 dit
270 534 304 600 in
325 543 441 598 castro.
461 527 572 620 Scipio
592 527 740 613 interim,
768 527 902 620 cognitu
920 529 1058 597 Caesaris
1075 529 1239 618 discessu,

202 677 277 724 cum
297 651 456 721 universis
477 647 582 741 copiis
599 671 657 742 per
670 648 787 741 jugum
807 650 971 717 Caesarem
995 649 1148 744 subsequi
1173 677 1238 722 coe-

204 775 267 868 pit;
281 785 380 863 atque
394 769 436 837 ab
453 767 524 860 ejus
541 767 656 836 castris
674 765 775 836 millia
789 791 946 861 passuum
968 793 1025 839 sex
1046 767 1162 866 Iunge,
1183 772 1241 840 tri·
1319 861 1323 876 Ι

122 977 129 990 .
203 894 256 965 nis
271 891 386 962 castris
397 889 579 984 dispartitis
599 887 718 983 copiis,
737 887 895 958 consedit.

251 1013 405 1082 LXVIII.
420 1008 591 1103 Oppidum
604 1021 674 1076 erat
691 1011 767 1077 Zeta
778 1059 787 1094 ,
798 1008 886 1100 quod
902 1009 1017 1080 eberat
1034 1009 1076 1080 sb
1087 1012 1240 1106 Scipione

203 1129 305 1202 millia
325 1153 481 1225 passuum
507 1153 542 1214 x,
562 1126 604 1196 sd
623 1127 694 1220 ejus
712 1127 882 1221 regionem
901 1143 935 1198 et
960 1143 1090 1223 partem
1114 1145 1249 1217 costro-¹

204 1277 277 1322 rum
293 1249 507 1336 collocatum,
520 1273 538 1318 a
553 1250 681 1316 Gaesare
698 1260 807 1316 autern
824 1247 990 1318 diversum
1007 1273 1045 1320 sc
1062 1267 1238 1338 remotum,

203 1371 379 1468 quoderat
396 1370 437 1439 ab
457 1393 496 1440 eo
509 1367 607 1463 longe
627 1365 730 1436 miliia
748 1391 903 1462 passuum
919 1393 1019 1440 xviri.
1037 1373 1112 1440 Huc
1129 1373 1240 1466 Scipio

203 1491 349 1586 legiones
364 1490 446 1560 duas
459 1487 683 1558 frumentandi
700 1489 805 1582 gratia
824 1489 922 1558 misit.
943 1489 1042 1577 Quod
1063 1503 1238 1586 postquam
1276 1489 1291 1505 ““

202 1615 367 1682 Caesares
386 1609 523 1704 perfuga
544 1609 718 1702 cognovit,
737 1607 852 1678 cestris
876 1633 915 1677 ex
935 1633 1053 1704 campo
1069 1612 1103 1679 in
1120 1611 1238 1682 coliem

157 1722 163 1734 ’
202 1757 240 1802 nc
264 1732 387 1802 tutiora
418 1727 490 1800 ioca
512 1727 695 1813 collocatis,
718 1743 821 1821 etque
844 1727 891 1796 ibi
923 1729 1076 1821 presidio
1108 1729 1241 1818 relicto,

203 1854 274 1946 ipse
291 1863 408 1943 quartu
425 1845 538 1943 vigilia
551 1869 714 1940 egressus,
733 1862 853 1941 preter
872 1847 1017 1916 bostium
1031 1861 1142 1917 castra
1163 1873 1239 1942 pro·

203 1969 362 2040 ficiscitur
381 1993 456 2038 cum
484 1969 608 2063 copiis,
629 1982 663 2036 et
688 1967 812 2062 oppidu
831 1969 967 2061 potitur.
987 1969 1149 2063 Legiones
1168 1972 1240 2040 sci·

202 2090 312 2184 pionis
333 2089 494 2182 comperit
518 2086 623 2182 longis
644 2088 678 2154 in
702 2089 791 2182 egris
812 2087 1006 2160 frumentari
1033 2112 1042 2156 :
1064 2101 1116 2172 et,
1135 2113 1240 2182 quum

203 2216 244 2279 'eo
270 2205 473 2278 contendere
497 2222 673 2277 conaretur
699 2205 932 2278 animadvertit
956 2209 1067 2301 onpiss
1094 2209 1238 2280 bostium

204 2331 244 2399 iis
269 2327 455 2424 legionibus
477 2349 650 2398 cucumere
670 2329 847 2422 suppetias.
865 2327 952 2417 Quae
977 2353 1029 2400 res
1045 2327 1115 2422 ejus
1137 2331 1241 2425 impe·

203 2463 273 2516 tum
291 2446 481 2518 retardavit.
502 2450 639 2541 Itaque,
664 2461 763 2541 capto
778 2447 816 2516 C.
837 2435 945 2516 Mutis
962 2449 1110 2543 Regino,
1128 2451 1240 2542 equite

202 2591 357 2654 romono,
372 2567 534 2662 Scipionis
543 2564 817 2652 familiarissimo,
835 2566 892 2658 qui
902 2567 931 2634 ei
946 2567 1070 2659 oppido
1082 2583 1239 2660 praeerat,

203 2703 237 2756 et
248 2689 285 2756 P.
303 2687 419 2774 Atrio,
438 2687 550 2778 equite
567 2708 706 2754 mmono
725 2683 767 2752 de
782 2699 947 2753 conventu
969 2686 1124 2772 uticensi,
1139 2701 1171 2755 et
1189 2712 1241 2756 ou·

203 2803 297 2874 melis
317 2828 394 2873 xxn
414 2804 500 2898 regis
514 2801 679 2890 adductis,
689 2802 842 2896 praesidio
856 2803 900 2872 ibi
919 2827 994 2874 cum
1005 2805 1117 2900 Oppio
1131 2803 1239 2900 legato

204 2923 340 3008 relicto,
358 2924 479 3017 ipsese
498 2923 642 3018 recipere
659 2925 758 3017 coepit
776 2922 819 2992 ad
835 2937 953 2994 castis.

252 3046 376 3113 LXIX.
395 3045 509 3134 Quum
524 3045 594 3138 jam
611 3069 677 3114 non
694 3041 792 3140 longe
806 3069 824 3112 a
840 3045 958 3114 cestris
971 3046 1135 3141 Scipionis
1152 3047 1241 3116 ebes·

204 3175 272 3245 set,
286 3187 360 3256 quoe
375 3187 452 3232 eum
469 3187 601 3232 neemse
620 3177 692 3232 eret
715 3161 944 3260 pretergredi,
964 3163 1132 3237 Labienus
1149 3166 1240 3238 Afra·

204 3285 361 3378 niusque,
382 3309 458 3354 cum
478 3287 568 3354 mnni
591 3286 739 3378 equitatu
759 3284 889 3379 levique
905 3301 1073 3358 armature
1096 3311 1135 3357 ex
1162 3289 1240 3358 inei-

203 3403 267 3473 diis
284 3403 410 3495 adorti,
435 3405 559 3501 agmini
583 3405 655 3499 ejus
674 3419 821 3474 crunno
840 3429 876 3474 se
893 3405 1178 3500 offeruntpstque
1190 3406 1238 3478 'ex

203 3523 344 3594 collibus
366 3526 481 3620 primis
507 3526 675 3596 exsistunt.
708 3525 809 3616 Quod
836 3541 1011 3622 postquam
1036 3529 1146 3597 Cesar
1169 3527 1241 3598 sui·

203 3645 395 3733 mevenit,
415 3645 580 3738 equitibus
599 3647 666 3716 suis
686 3646 830 3716 hostium
845 3647 876 3714 vi
886 3647 1068 3741 oppositis,
1095 3648 1240 3719 sarcines

203 3763 401 3858 legionarios
416 3753 450 3834 iri
460 3789 615 3834 acervum
626 3766 720 3859 jubet
738 3779 963 3861 comportare,
976 3779 1075 3859 atque
1090 3764 1241 3836 celeriter

204 3881 299 3974 signa
311 3885 461 3954 hostibus
476 3883 606 3954 inferre.
619 3885 721 3974 Quod
737 3899 913 3981 postquam
928 3898 1073 3979 coeptum
1089 3899 1137 3955 est
1153 3885 1240 3970 tisri,

70 4035 72 4044 ⁴
204 4001 314 4094 P'imo
331 4004 454 4096 impetu
476 4001 645 4098 legionum
664 4007 829 4100 equitatus
846 4019 879 4074 et
896 4003 976 4074 levis
991 4019 1156 4074 armatura
1179 4005 1240 4074 ho·
