3038 4766
484 392 535 448 DE
557 391 681 447 BELLO
701 391 819 446 CIVILI
839 391 910 446 ue.
927 391 966 447 Π.
1206 387 1243 448 63

210 518 255 584 ris
272 515 458 609 complura,
474 530 512 583 ut
524 515 566 584 ab
582 516 770 584 bominibus
786 514 912 602 doctis,
930 539 1050 610 magna
1066 541 1141 586 curn
1152 521 1243 590 mise

182 619 186 623 ’
210 635 351 706 ricordia
368 635 513 727 fletuque
533 637 801 728 pronuntiantur.

256 757 349 823 XIII.
372 755 502 844 Quibus
521 755 618 823 rebus
636 758 807 844 commoti,
827 755 925 851 legati
940 755 1061 826 milites
1083 781 1124 825 ex
1141 781 1243 852 opere

210 874 396 964 deducunt,
419 877 668 970 oppugnatione
694 875 872 965 desistunt,
900 878 1055 972 operibus
1079 877 1242 946 custodias

210 993 410 1088 relinquunt.
448 993 660 1064 Induciarum
696 994 841 1088 quodam
875 1021 993 1091 genere
1021 996 1243 1066 misericordia

210 1112 315 1199 facto,
333 1113 493 1183 adventus
512 1115 649 1185 Caesaris
670 1130 904 1208 exspectatur:
927 1114 1054 1184 nullum
1072 1141 1110 1184 ex
1129 1141 1243 1207 muro,

210 1231 338 1302 nullum
357 1259 377 1302 a
396 1235 516 1302 nostris
533 1235 676 1303 mittitur
692 1233 796 1303 telum
813 1261 820 1302 :
839 1251 877 1305 ut
896 1260 932 1305 re
948 1235 1112 1324 confecta,
1129 1259 1244 1304 omnes

209 1329 372 1422 curaniet
390 1352 593 1448 diligentiam
612 1355 796 1422 remittunt.
814 1357 923 1424 Gaesar
939 1358 1027 1424 euim
1046 1382 1105 1450 per
1119 1355 1244 1425 litteras

210 1473 377 1543 Trebonio
394 1498 592 1569 magnopere
612 1473 840 1563 mandaverat,
864 1501 905 1545 ne
925 1477 1069 1571 pervim
1084 1474 1243 1570 oppidum

210 1594 392 1688 expugnari
411 1609 594 1687 pateretur,
607 1619 648 1664 ne
662 1597 794 1688 gravius
810 1597 951 1688 permoti
972 1595 1111 1680 milites,
1131 1611 1163 1664 et
1186 1595 1245 1662 de·

210 1713 360 1783 fectionis
384 1712 478 1800 odio,
499 1727 533 1782 et
550 1715 792 1807 contemptione
811 1716 878 1802 sui,
901 1729 933 1783 et
956 1714 1086 1782 diutino
1115 1713 1244 1796 labore,

210 1857 324 1906 omnes
342 1834 481 1927 puberes
500 1832 740 1904 interficerent:
756 1833 846 1929 quod
864 1859 898 1904 se
914 1834 1059 1903 facturos
1070 1834 1243 1904 minaban-

211 1969 284 2040 tur;
307 1978 458 2047 aegreque
481 1969 561 2023 tuuc
579 1969 657 2023 sunt
676 1957 815 2043 retenti,
842 1956 923 2048 quin
942 1955 1103 2051 oppidum
1122 1957 1243 2023 irrum-

211 2088 347 2169 perent;
369 2074 577 2169 graviterque
601 2099 673 2144 eam
701 2100 769 2144 rem
796 2075 966 2159 tulerunt,
996 2075 1246 2174 quod-stetisse

211 2217 270 2287 per
296 2194 514 2284 Trebonium,
540 2219 607 2288 quo
635 2197 744 2265 minus
774 2197 898 2290 oppido
928 2196 1134 2290 potirentur,
1155 2194 1245 2264 ride-

210 2313 319 2383 batur.
1063 2315 1069 2327 '

259 2437 350 2504 XIV.
378 2438 422 2504 At
444 2435 553 2505 hostes
581 2436 652 2505 sine
670 2431 736 2505 fide
757 2450 887 2531 tempus
912 2449 1012 2529 atque
1038 2435 1246 2504 occasionem

211 2553 335 2624 fraudis
361 2579 401 2624 ac
424 2553 493 2623 doli
511 2569 678 2648 quaerunt,
699 2555 942 2648 interjectisque
966 2553 1093 2647 aliquot
1116 2553 1246 2639 diebus,

213 2675 332 2742 uostris
354 2671 586 2766 languentibus
612 2687 711 2764 atque
728 2673 840 2740 animo
857 2673 1019 2757 remissis,
1036 2672 1161 2761 subito,
1178 2693 1246 2738 me·

211 2792 341 2862 ridiano
361 2805 522 2885 tempore,
544 2815 648 2883 quum
664 2789 748 2859 alius
763 2790 978 2879 discessisset,
1002 2790 1084 2858 alius
1108 2815 1148 2858 ex
1170 2790 1245 2858 diu·

213 2913 285 2980 tino
307 2910 419 2978 labore
438 2911 473 2978 in
500 2910 579 3008 ipsis
606 2909 761 3004 operibus
786 2912 890 3005 quieti
911 2935 945 2978 se
973 2908 1127 2999 dedisset,
1157 2933 1248 2978 arma

213 3054 291 3100 vero
308 3032 419 3101 omnia
436 3031 579 3126 reposita
595 3020 814 3123 contectaque
839 3045 963 3119 essent,
985 3031 1089 3124 portis
1110 3055 1143 3099 se
1160 3030 1250 3099 foras

214 3165 412 3244 erumpunt,
428 3149 574 3221 secundo
590 3174 778 3246 magnoque
793 3165 893 3220 vento
905 3152 1015 3244 iguem
1031 3149 1186 3245 operibus
1199 3151 1249 3218 in·

212 3269 332 3339 ferunt.
353 3273 451 3339 Hunc
462 3271 509 3339 sic
517 3268 645 3340 distulit
664 3285 796 3357 ventus,
813 3271 863 3339 uti
880 3294 948 3339 uno
963 3285 1112 3365 ternpore
1130 3293 1249 3364 agger,

212 3387 336 3484 plutei,
354 3390 500 3478 testudo,
515 3392 632 3477 turris,
650 3404 814 3459 tormenta
834 3381 1000 3458 flammam
1019 3391 1249 3484 conciperent,

213 3525 246 3579 et
262 3512 355 3606 prius
373 3511 571 3580 haecomnia
589 3523 882 3597 consumerentur,
900 3533 1018 3602 quam,
1037 3508 1251 3602 quemadmo-

213 3629 292 3701 dum
318 3631 502 3719 accidisset,
527 3629 744 3700 animadverti
763 3643 882 3724 posset.
915 3631 1047 3716 Nostri,
1078 3628 1251 3721 repentina

213 3749 347 3820 fortuna
365 3751 523 3845 permoti,
539 3776 647 3840 mma,
665 3775 739 3845 quae
757 3764 912 3845 possunt,
929 3748 1093 3841 arripiunt
1111 3773 1120 3815 :
1140 3745 1194 3815 alii
1210 3773 1250 3816 ex

214 3871 329 3939 castris
354 3895 424 3940 sese
453 3872 623 3941 incitant:
645 3871 681 3940 fit
708 3873 742 3940 in
764 3872 874 3941 hostes
895 3873 1053 3964 impetus;
1081 3865 1137 3936 sed
1155 3891 1251 3936 muro

213 3991 340 4081 sagittis
362 3991 612 4085 tormentisque,
637 3991 800 4086 fugientes
828 3991 995 4087 persequi,
1022 3988 1249 4083 probibentur.
