3026 4768
239 319 276 378 66
396 321 427 379 C.
450 325 548 382 JULH
568 325 728 383 CAESARIS
750 325 1113 383 COMMENTARIORUM

287 451 364 520 ΧΠ.
385 453 490 520 Erant
506 450 666 544 ejusmodi
679 451 747 521 fere
763 452 845 520 situs
858 452 1079 547 oppidorum,
1095 467 1153 534 ut,
1169 451 1275 543 posita

239 571 274 636 in
289 570 442 638 extremis
459 568 593 664 lingulis
602 572 920 664 promontoriisque,
934 595 1041 664 neque
1057 570 1194 665 pedibus
1208 568 1277 638 adi·

239 703 311 758 tum
326 688 509 777 haberent,
526 713 630 782 quum
652 715 690 758 ex
708 689 776 760 alto
792 715 826 760 se
843 704 940 761 aestus
956 692 1172 778 incitavisset‚
1188 689 1276 784 quod

238 809 289 878 bis
304 808 424 880 accidit
441 833 572 903 semper
586 811 744 880 horarum
761 833 843 900 ων
860 810 982 905 spati03
1000 809 1278 904 nequeuntibus,

239 928 345 1021 quod,
365 955 479 1000 rursus
494 931 666 999 minuente
681 943 782 1016 aestu,
798 953 899 999 naves
920 932 954 998 in
967 929 1060 1000 vadis
1079 929 1277 998 afflictaren-

241 1063 305 1118 tur.
323 1052 375 1118 Ita
388 1063 530 1142 utraque
542 1073 578 1117 re
590 1048 790 1143 oppidorum
804 1049 1009 1142 oppugnatio
1021 1047 1279 1142 impediebatur3

241 1193 280 1240 ac
292 1171 320 1239 si
335 1170 484 1263 quando,
499 1167 728 1264 magnitudine
743 1169 853 1262 operis
870 1166 955 1237 sorte
971 1168 1131 1261 superati,
1145 1180 1279 1236 extruso

242 1291 327 1358 mari
339 1313 459 1384 aggere
473 1315 510 1358 ac
522 1287 678 1375 molibus,
692 1304 791 1383 atque
804 1288 855 1357 his
871 1286 976 1357 ferme
989 1287 1105 1382 oppidi
1116 1289 1278 1357 moenibus

242 1407 441 1502 adequatis,
469 1411 536 1478 suis
564 1409 706 1480 fortunis
739 1409 912 1504 desperare
942 1424 1129 1503 coeperant,
1158 1433 1280 1503 magno

243 1552 384 1598 numero
401 1531 536 1598 navium
554 1529 708 1624 appulso,
728 1531 822 1624 cujus
842 1531 888 1599 rei
906 1553 1070 1599 summam
1088 1528 1277 1599 facultatem

242 1647 428 1737 habebant,
442 1675 499 1718 sua
514 1649 732 1743 deportabant
745 1651 876 1740 omnia,
892 1675 992 1744 seque
1009 1652 1045 1719 in
1059 1650 1207 1744 proxima
1220 1675 1278 1744 op·

244 1768 321 1864 pida
346 1770 558 1863 recipiebant.
579 1770 630 1838 Ibi
653 1794 688 1838 se
708 1794 822 1840 rursus
841 1769 958 1840 iisdem
976 1769 1280 1864 opportunitatibus

244 1887 308 1958 loci
324 1888 552 1958 defendebant.
571 1892 650 1958 Haec
667 1914 706 1958 eo
724 1887 854 1960 facilius
874 1913 1028 1984 magnam
1043 1904 1173 1982 partem
1189 1903 1281 1958 aesta·

245 2010 288 2076 tis
309 2007 494 2094 faciebant,
514 2007 603 2101 quod
624 2023 745 2078 nostrae
767 2033 866 2078 naves
886 2009 1135 2102 tempestatibus
1157 2008 1283 2078 detine·

245 2127 379 2214 bantur,
397 2151 590 2220 summaque
605 2143 676 2196 ernt
691 2113 785 2196 vasto
800 2141 899 2220 atque
911 2141 1026 2220 aperto
1040 2129 1139 2214 mari,
1155 2128 1282 2221 magnis

246 2246 396 2332 restibus,
412 2248 495 2316 raris
511 2270 548 2314 ac
565 2270 669 2340 prope
688 2245 788 2315 nullis
805 2247 987 2340 portubus,
1003 2243 1181 2316 difficultas
1195 2247 1282 2314 navi·

247 2366 357 2460 gandi.

211 2519 237 2562 2-
294 2487 388 2558 ΧΙΠ.
415 2486 567 2578 Namque
585 2485 732 2578 ipsorum
751 2509 850 2554 naves
870 2482 912 2553 ad
932 2485 1022 2556 hunc
1039 2483 1175 2554 modum
1190 2482 1283 2554 laete

247 2621 446 2702 armataeque
475 2620 579 2674 erant.
610 2606 738 2680 Carinae
764 2603 934 2698 aliquanto
964 2603 1153 2699 planiores,
1184 2629 1283 2697 quam

248 2741 435 2797 nostrerum
457 2726 613 2806 navium,
639 2749 707 2818 quo
726 2721 854 2794 facilius
872 2723 958 2794 vada
980 2749 1018 2794 ac
1038 2724 1206 2796 decessum
1226 2749 1284 2794 es·

249 2861 301 2914 tus
327 2848 475 2939 excipere
499 2858 632 2940 possent
658 2868 793 2937 :prorae
817 2843 997 2913 admodum
1024 2858 1156 2933 erecte,
1186 2859 1286 2937 atque

250 2965 327 3032 item
338 2989 466 3058 puppes
478 2963 520 3033 ad
534 2961 796 3058 magnitudinem
810 2963 972 3032 fluentum
989 2976 1285 3057 tempestatumque

250 3084 503 3152 accommodatae
523 3114 531 3152 z
559 3106 660 3152 naves
682 3096 758 3152 totae
777 3081 869 3152 factae
888 3108 926 3152 ex
949 3082 1088 3167 robore,
1108 3082 1151 3151 ad
1171 3107 1287 3176 quam-

157 3243 159 3250 ,
250 3204 300 3274 vis
319 3204 386 3272 uim
400 3217 432 3272 et
446 3202 679 3272 contumeliam
694 3201 922 3297 perferendam
937 3227 945 3268 ε
960 3215 1102 3269 transtra
1115 3200 1287 3294 pedalibus

250 3328 285 3395 in
302 3323 512 3394 latitudinem
526 3323 676 3392 trabibus
697 3319 825 3391 confixa
838 3320 940 3390 clavis
952 3321 1085 3402 ferreis,
1106 3319 1200 3415 digiti
1217 3319 1288 3414 pol·

251 3443 322 3514 licis
342 3442 559 3512 crassitudine
575 3469 583 3510 ε
601 3442 773 3526 anchorae,
791 3466 852 3537 pro
868 3441 1017 3526 fiinibus,
1033 3440 1147 3510 ferreis
1162 3440 1286 3510 catenis

251 3565 433 3632 revincta:
452 3559 553 3656 pelles
573 3585 634 3654 pro
654 3558 752 3646 velis,
774 3558 936 3653 alutaeque
954 3561 1097 3632 tenuiter
1116 3559 1287 3644 confectae,

250 3684 318 3770 hae,
329 3685 397 3752 sive
409 3696 546 3776 propter
556 3679 613 3748 lini
627 3681 771 3773 inopiam
786 3695 885 3771 atque
897 3680 967 3772 ejus
977 3704 1055 3748 usus
1068 3679 1288 3766 inscientiam,

250 3803 319 3872 sive
334 3827 390 3884 eo,
407 3799 496 3894 quod
516 3816 566 3870 cst
581 3801 685 3894 magis
702 3797 895 3884 verisimile,
915 3797 1004 3892 quod
1026 3813 1133 3868 tantas
1149 3814 1290 3892 tempes-

253 3934 335 3988 tates
352 3922 495 4000 Oceani,
514 3933 688 4012 tantosque
707 3920 848 4012 impetus
865 3935 1041 3991 ventorum
1061 3921 1233 4009 sustineri,
1251 3944 1290 3989 ac
