3068 4772
285 410 339 468 150
435 413 584 467 C.JU1.11
605 411 768 466 CAESARIS
788 411 1158 468 COMMENTARIORUM

330 539 368 608 C.
391 535 516 606 Eodem
534 550 680 628 tempore
698 537 740 604 D.
756 531 876 603 Laelins
895 558 971 602 cnm
988 531 1090 604 classe
1112 534 1153 604 ad
1169 536 1313 606 Brundi·

283 657 367 724 sium
395 657 503 742 venit3
530 653 708 748 eademque
731 655 875 738 ratione,
901 679 966 746 qua
996 654 1159 725 factuma
1184 656 1314 727 Libone

283 791 379 846 antea
396 773 712 858 demonstravimus,
732 771 873 842 insulam
895 774 1058 866 objectam
1073 777 1186 869 portui
1208 777 1313 846 brun·

244 886 246 888 ’
285 893 393 964 disino
405 895 523 962 tenuit.
541 893 700 963 Similiter
713 892 884 980 Vatinius,
899 893 956 986 qni
969 892 1144 963 Brundisio
1161 911 1313 988 praerat,

284 1015 377 1084 tectis
388 1013 625 1106 instructisque
636 1013 782 1106 scaphis,
796 1010 908 1082 elicuit
922 1036 1020 1081 naves
1030 1011 1204 1102 Laelianas;
1216 1029 1314 1107 atque

285 1158 326 1202 ex
342 1133 393 1202 his
409 1132 538 1226 longius
556 1130 751 1226 productam
775 1155 875 1201 unam
893 1131 1182 1224 quinqueremem,
1199 1149 1232 1204 et
1250 1137 1314 1203 ini·
1359 1169 1361 1172 ·

285 1277 382 1321 nores
397 1252 496 1338 duas,
514 1253 548 1320 iri
564 1251 722 1346 angustiis
739 1265 855 1345 portus
867 1251 974 1342 cepit,
991 1252 1138 1344 itemque
1151 1275 1210 1346 per
1222 1255 1314 1346 equi-

285 1385 334 1440 tes
359 1370 533 1464 dispositos
560 1393 645 1464 aqua
669 1370 846 1464 probibere
867 1366 1049 1438 classiarios
1073 1370 1223 1440 instituit.
1249 1371 1312 1440 Sed

285 1467 419 1577 Laelius,
435 1505 584 1583 tempore
599 1490 677 1558 anni
692 1485 1007 1559 commodioreirsus
1019 1486 1062 1556 ad
1075 1488 1313 1582 navigandum,

285 1608 445 1680 onerariis
458 1608 596 1677 navibus
609 1610 752 1700 Corcyra
766 1607 1018 1701 Dyrrachioque
1027 1630 1146 1700 aquam
1160 1611 1227 1678 suis
1239 1635 1314 1705 sup·

285 1729 457 1822 portabat,
481 1751 587 1820 neque
609 1751 627 1794 a
652 1726 823 1820 proposito
846 1723 1084 1815 deterrebatur,
1109 1749 1217 1820 neque
1237 1742 1314 1797 ante

286 1846 440 1940 proelium
457 1847 492 1914 in
510 1843 680 1914 Thessalia
700 1843 822 1914 factum
847 1845 1036 1938 cognitum,
1053 1859 1112 1914 aut
1136 1845 1314 1940 ignominia

286 1966 476 2033 amissarum
494 1965 647 2049 navium,
664 1977 722 2031 ant
735 1963 989 2030 necessanarnm
1002 1987 1113 2033 rernm
1133 1965 1258 2058 inopia,
1274 1989 1312 2034 er

260 2119 265 2126 ·
286 2097 384 2175 portu
401 2080 573 2173 insulaque
591 2079 736 2174 expediri
753 2081 872 2175 potuit.

337 2203 391 2270 CI.
409 2200 529 2268 Iisdem
545 2199 615 2267 fere
630 2199 848 2293 temporibus,
860 2201 990 2268 Cassius
1006 2225 1082 2270 cum
1095 2199 1198 2271 classe
1213 2207 1313 2298 Syro·

287 2343 382 2405 rum,
407 2332 441 2387 et
462 2317 675 2404 Phoenicum,
696 2330 729 2386 et
751 2315 911 2404 Cilicum,
931 2319 965 2386 in
984 2317 1128 2388 Siciliam
1150 2326 1262 2391 venit:
1282 2338 1314 2392 et

287 2461 389 2531 quum
405 2452 487 2506 esset
503 2438 642 2506 Coesaris
657 2435 768 2505 classis
786 2436 891 2505 divisa
908 2438 942 2505 in
961 2437 1042 2507 duas
1060 2453 1191 2531 partes,
1210 2459 1244 2510 et
1262 2441 1314 2509 di·

286 2557 394 2626 midiae
411 2559 495 2650 parti
513 2571 664 2652 preesset
681 2559 717 2624 P.
731 2553 898 2650 Sulpicius
913 2572 1032 2651 prator
1047 2559 1177 2630 Vibone
1196 2561 1240 2630 ad
1251 2562 1316 2630 fre·

287 2691 376 2762 tum,
395 2675 538 2746 dimidiae
553 2679 599 2746 Μ.
613 2677 816 2768 Pomponius
835 2674 876 2743 ad
895 2679 1102 2766 Messanam,
1120 2680 1214 2773 prius
1234 2684 1315 2750 Cas·

286 2799 352 2866 sius
371 2794 413 2868 ad
430 2799 615 2866 Messanam
635 2797 773 2866 naubns
796 2794 981 2880 advolavit,
996 2821 1096 2889 quam
1111 2801 1313 2893 Pomponius

287 2916 326 2986 de
350 2918 420 3010 ejus
440 2916 582 2984 adventu
606 2926 833 3008 cognosceret3
849 2915 1143 3009 perturbatumque
1161 2941 1235 2986 eum
1259 2943 1318 2988 na-

286 3051 377 3120 ctus,
404 3031 508 3112 nullis,
527 3031 704 3119 custodiis,
728 3053 836 3125 neque
860 3031 1032 3102 ordinibus
1053 3037 1168 3123 certia,
1191 3059 1313 3130 magno

286 3167 386 3222 vento
409 3167 442 3220 et
465 3150 607 3220 secundo
629 3149 809 3245 completas
831 3151 996 3222 onerarias
1021 3176 1123 3223 naves
1152 3155 1254 3244 taeda,
1283 3170 1317 3224 et

286 3273 380 3366 pice,
396 3285 430 3338 et
443 3285 557 3364 stupa,
575 3267 774 3363 reliquisque
788 3271 902 3357 rebus,
917 3285 1080 3363 quaesunt
1095 3271 1138 3342 ad
1150 3272 1316 3361 incendia,

286 3392 320 3459 in
340 3389 602 3482 Pomponianam
623 3387 759 3458 classem
782 3388 936 3477 immisit,
956 3404 1055 3481 atque
1076 3413 1190 3459 omnes
1217 3413 1316 3459 naves

286 3507 432 3578 incendit
447 3531 552 3595 xxxv,
567 3534 586 3576 e
606 3509 725 3601 quibus
742 3521 835 3578 eram
853 3531 899 3577 xx
919 3521 1114 3578 constratae:
1136 3521 1316 3600 tantusque

286 3653 325 3698 eo
346 3628 435 3697 facto
455 3629 553 3696 timor
572 3628 724 3709 incessit,
749 3641 806 3716 ut,
824 3647 926 3718 quum
947 3638 1032 3694 esset
1053 3623 1139 3720 legio
1159 3625 1315 3718 presidio

285 3751 462 3834 Messana,
488 3748 542 3815 vix
565 3744 725 3840 oppidum
746 3741 972 3814 defenderetur
995 3768 1003 3810 :
1025 3757 1079 3830 at,
1098 3745 1161 3812 nisi
1186 3769 1226 3814 eo
1242 3745 1315 3838 ipso

288 3883 434 3961 tempore
449 3865 582 3959 quidam
597 3865 704 3934 nuntii
721 3861 762 3931 de
777 3861 916 3931 Caesaris
937 3862 1073 3933 victoria
1096 3887 1156 3958 per
1175 3861 1326 3958 disposi·'

289 4003 338 4056 tos
356 3987 481 4079 equites
499 4000 605 4054 essent
625 3981 732 4070 allati,
750 3981 980 4052 existimabant
997 3981 1145 4080 plerique
1163 3983 1312 4055 futurum
