3088 4766
295 351 333 406 80
453 353 483 410 (L
501 353 599 409 JULli
619 353 781 411 CAESARIS
801 353 1160 412 COMMENTARIORUM

295 479 430 546 Caesaris
444 477 479 545 in
492 501 526 546 se
541 478 707 548 beneficiis
726 478 775 547 illi
792 479 994 564 amicissimi;
1009 490 1189 546 nonventus
1203 477 1245 562 is,
1261 475 1319 568 qui

294 620 334 664 ex
344 596 441 665 variis
455 598 627 690 generibus
643 612 823 686 constaret3
838 612 943 668 terror
952 594 1223 690 exsuperioribus
1236 619 1321 687 prm·

294 712 346 782 liis
358 738 505 808 magnus.
524 720 639 810 ltaque
657 717 697 785 de
711 716 877 787 deditione
891 741 1005 786 omnes
1020 715 1129 809 palam
1145 712 1320 806 loqueban-

294 847 359 921 tur,
376 849 410 902 et
427 857 503 903 num
519 837 553 903 P.
563 835 653 906 Attio
669 835 823 929 agebant,
842 859 881 904 ue
897 860 955 904 sua
973 834 1151 928 pertinacia
1167 833 1318 901 omnium

293 950 443 1021 fortunas
461 952 647 1047 perturbari
670 952 775 1022 vellet
789 959 867 1022 Haec
882 977 986 1048 quum
1001 965 1189 1048 agerentur,
1209 953 1318 1020 nuntii

292 1071 450 1164 praemissi
465 1072 507 1140 ab
527 1097 602 1166 rege
619 1074 706 1144 Juba
727 1087 902 1159 venerunt,
915 1074 973 1166 qui
991 1069 1083 1140 illum
1100 1095 1175 1140 cum
1190 1071 1317 1164 magnis

292 1190 394 1282 copiis
402 1173 514 1262 adesse
530 1190 695 1277 dicerent,
710 1207 743 1261 et
760 1193 801 1261 de
813 1191 961 1262 custodia
977 1216 1015 1260 ae
1029 1189 1216 1260 defensione
1224 1190 1317 1258 urbis

292 1308 529 1408 hortarentur:
548 1334 622 1403 quae
640 1336 691 1380 res
711 1337 824 1381 eorum
841 1312 1029 1405 perterritos
1045 1311 1173 1378 animos
1192 1308 1316 1377 confir·

292 1442 422 1502 maun

338 1549 511 1631 xxxvii.
528 1549 778 1618 Nuntiabantur
789 1551 858 1620 baec
875 1549 990 1619 eadem
1010 1549 1164 1633 Curioni,
1182 1546 1238 1616 sed
1257 1544 1318 1616 ali-

291 1665 448 1759 quamdiu
464 1666 543 1738 fides
559 1667 628 1737 fieri
643 1693 710 1738 non
719 1683 849 1764 poterat
863 1684 1006 1739 :tantam
1022 1668 1164 1737 habebat
1183 1689 1316 1736 suarum

290 1810 402 1856 rerum
436 1784 603 1857 fiduciam!
634 1789 769 1882 jamque
792 1789 928 1860 Caesaris
953 1789 987 1856 in
1006 1788 1162 1882 Hispania
1185 1810 1237 1855 res
1267 1809 1318 1855 se·

290 1905 404 1974 eundae
421 1907 455 1974 in
472 1906 616 1976 Africam
635 1909 759 1978 nuntiis
775 1933 815 1977 ac
831 1906 947 1978 litteris
961 1907 1218 2001 perfruebantur.
1232 1906 1315 1993 Qui·

290 2024 353 2094 bus
369 2026 521 2094 omnibus
540 2027 637 2096 rebus
655 2026 816 2116 sublatus,
836 2025 917 2098 nibil
937 2042 1051 2097 contra
1076 2051 1109 2096 se
1127 2049 1235 2119 regem
1261 2027 1313 2094 ni-

291 2168 405 2214 surum
422 2145 638 2215 existimabat.
658 2145 723 2215 Sed
739 2146 796 2214 ubi
814 2148 912 2214 certis
931 2145 1120 2215 auctoribus
1137 2143 1312 2236 comperit,

290 2265 430 2332 minusv
441 2277 474 2331 et
491 2263 690 2334 xxmiiiibus
706 2263 803 2358 longe
823 2265 864 2334 ab
874 2266 970 2337 Utica
980 2265 1049 2358 ejus
1064 2263 1175 2356 copias
1188 2263 1314 2346 abesse,

290 2383 410 2453 relictis
441 2386 698 2473 munitionibus,
721 2409 789 2454 sese
813 2387 848 2453 in
868 2400 974 2454 castra
1005 2383 1157 2454 Cornelia
1181 2383 1312 2476 recepit.

282 2507 363 2572 *Huc
383 2500 584 2579 frumentum
606 2520 833 2599 comportare,
854 2519 961 2574 castra
980 2505 1125 2586 munire,
1143 2504 1312 2573 materiam

290 2624 438 2694 conferre
465 2625 578 2719 coepit,
599 2626 773 2719 statimque
791 2626 825 2693 in
850 2624 994 2694 Siciliam
1020 2624 1129 2710 misit,
1147 2622 1194 2690 uti
1221 2645 1246 2690 u
1272 2619 1315 2690 le·

289 2745 401 2838 gionea
427 2743 637 2838 reliquusque
661 2746 825 2837 equitatus
852 2743 894 2812 ad
924 2769 957 2812 se
980 2745 1174 2812 mitteretur.
1199 2743 1313 2809 Castra

288 2879 381 2934 eraut
399 2863 442 2934 nd
458 2863 778 2934 beilumduoendum
795 2864 976 2957 aptissima,
994 2878 1112 2932 natura
1124 2859 1186 2928 ioci
1197 2873 1230 2926 et
1245 2881 1313 2925 mu-

289 2985 429 3069 nitione,
446 2997 479 3052 et
495 2986 595 3052 maris
613 2985 878 3077 propinquitate,
897 2997 930 3052 et
949 3007 1043 3075 aquae
1061 2995 1095 3050 et
1110 2977 1184 3076 salis
1202 2977 1312 3070 copia,

287 3105 382 3196 cujus
403 3125 523 3196 magna
546 3103 594 3172 vis
613 3103 682 3194 jam
707 3127 747 3171 ex
772 3103 928 3196 proximis
948 3115 1018 3170 erat
1041 3098 1153 3168 salinis
1178 3122 1217 3168 eo
1239 3119 1313 3165 eon·

288 3234 388 3315 gesta.
410 3222 485 3291 Non
505 3222 639 3290 materia
659 3219 869 3291 multitudine
889 3220 1059 3304 arborum,
1086 3242 1153 3286 non
1173 3217 1313 3285 frumen·

288 3354 379 3428 tum,
406 3341 498 3434 cujus
518 3355 612 3410 erant
626 3339 806 3435 plenissimi
824 3342 913 3434 agri,
936 3338 1074 3408 deiicere
1093 3348 1231 3429 poterat.
1250 3334 1312 3400 Ita-

288 3485 352 3553 que
376 3462 524 3531 omuium
551 3485 685 3530 suorum
709 3484 871 3529 consensu
899 3459 1001 3528 Curio
1027 3454 1170 3546 reliquas
1200 3450 1312 3542 copias

244 3583 249 3603 ¹
288 3594 494 3674 exspectare,
511 3593 545 3648 et
561 3576 685 3649 bellum
705 3579 823 3650 ducere
839 3577 984 3669 parabat.

335 3702 525 3770 xxxvnt.
545 3701 603 3769 His
623 3698 806 3767 constitutis
831 3695 946 3774 rebus,
970 3693 1178 3787 probatisque
1206 3691 1313 3758 consi·

289 3816 356 3902 iiis,
372 3842 412 3886 ex
425 3819 569 3914 perfugis
585 3815 777 3912 quibusdam
795 3811 967 3906 oppidanis
985 3811 1095 3898 audit,
1110 3810 1247 3894 Jubam,
1264 3833 1313 3878 re·

290 3952 440 4007 vocaturn
468 3937 606 4007 finitimo
623 3933 710 4006 bello
735 3947 768 4000 et
793 3933 1021 4005 controversiis
1044 3933 1312 4026 Leptitanorum,
