<?xml version="1.0" encoding="UTF-8"?>
<!DOCTYPE html PUBLIC "-//W3C//DTD XHTML 1.0 Transitional//EN"
    "http://www.w3.org/TR/xhtml1/DTD/xhtml1-transitional.dtd">
<html xmlns="http://www.w3.org/1999/xhtml" xml:lang="en" lang="en">
 <head>
  <title>
</title>
<meta http-equiv="Content-Type" content="text/html;charset=utf-8" />
  <meta name='ocr-system' content='tesseract 3.04.00' />
  <meta name='ocr-capabilities' content='ocr_page ocr_carea ocr_par ocr_line ocrx_word'/>
</head>
<body>
  <div class='ocr_page' id='page_1' title='image "./cjcaesarisopera00caesgoog_0154.png"; bbox 0 0 3026 4768; ppageno 0'>
   <div class='ocr_carea' id='block_1_1' title="bbox 262 380 1134 445">
    <p class='ocr_par' dir='ltr' id='par_1_1' title="bbox 262 380 1134 445">
     <span class='ocr_line' id='line_1_1' title="bbox 262 380 1134 445; baseline 0.003 -5"><span class='ocrx_word' id='word_1_1' title='bbox 262 385 315 440; x_wconf 74' lang='lat'><strong>132</strong></span> <span class='ocrx_word' id='word_1_2' title='bbox 415 388 446 445; x_wconf 90' lang='lat' dir='ltr'><strong>C.</strong></span> <span class='ocrx_word' id='word_1_3' title='bbox 472 380 564 444; x_wconf 85' lang='lat' dir='ltr'>IULII</span> <span class='ocrx_word' id='word_1_4' title='bbox 585 387 746 442; x_wconf 75' lang='lat' dir='ltr'><strong>cAEsrttts</strong></span> <span class='ocrx_word' id='word_1_5' title='bbox 769 383 1134 443; x_wconf 81' lang='lat' dir='ltr'><strong>COMMENTARIORUM</strong></span> 
     </span>
    </p>
   </div>
   <div class='ocr_carea' id='block_1_2' title="bbox 256 507 1299 4075">
    <p class='ocr_par' dir='ltr' id='par_1_2' title="bbox 256 507 1297 2275">
     <span class='ocr_line' id='line_1_2' title="bbox 256 507 1294 603; baseline 0.004 -27"><span class='ocrx_word' id='word_1_6' title='bbox 256 571 260 576; x_wconf 91' lang='lat'>.</span> <span class='ocrx_word' id='word_1_7' title='bbox 304 509 374 583; x_wconf 83' lang='lat' dir='ltr'><strong>LV.</strong></span> <span class='ocrx_word' id='word_1_8' title='bbox 399 511 527 581; x_wconf 81' lang='lat' dir='ltr'><strong>&#39;I&#39;reviri</strong></span> <span class='ocrx_word' id='word_1_9' title='bbox 552 535 632 579; x_wconf 82' lang='lat' dir='ltr'><strong>vero</strong></span> <span class='ocrx_word' id='word_1_10' title='bbox 656 525 755 603; x_wconf 90' lang='lat' dir='ltr'><strong>atque</strong></span> <span class='ocrx_word' id='word_1_11' title='bbox 777 507 1026 579; x_wconf 77' lang='lat' dir='ltr'><strong>Indutiomarus</strong></span> <span class='ocrx_word' id='word_1_12' title='bbox 1050 514 1152 580; x_wconf 90' lang='lat' dir='ltr'><strong>totius</strong></span> <span class='ocrx_word' id='word_1_13' title='bbox 1176 512 1294 580; x_wconf 88' lang='lat' dir='ltr'><strong>hiemis</strong></span> 
     </span>
     <span class='ocr_line' id='line_1_3' title="bbox 258 629 1295 726; baseline 0 -26"><span class='ocrx_word' id='word_1_14' title='bbox 258 629 387 700; x_wconf 88' lang='lat' dir='ltr'><strong>nullum</strong></span> <span class='ocrx_word' id='word_1_15' title='bbox 400 645 531 723; x_wconf 86' lang='lat' dir='ltr'><strong>tempus</strong></span> <span class='ocrx_word' id='word_1_16' title='bbox 549 631 813 716; x_wconf 90' lang='lat' dir='ltr'><strong>intermiserunt,</strong></span> <span class='ocrx_word' id='word_1_17' title='bbox 829 632 910 722; x_wconf 92' lang='lat' dir='ltr'><strong>quin</strong></span> <span class='ocrx_word' id='word_1_18' title='bbox 930 644 1018 704; x_wconf 91' lang='lat' dir='ltr'><strong>trans</strong></span> <span class='ocrx_word' id='word_1_19' title='bbox 1034 631 1188 700; x_wconf 87' lang='lat' dir='ltr'>Rhenum</span> <span class='ocrx_word' id='word_1_20' title='bbox 1205 630 1295 726; x_wconf 88' lang='lat' dir='ltr'><strong>lega·</strong></span> 
     </span>
     <span class='ocr_line' id='line_1_4' title="bbox 258 741 1295 844; baseline -0.002 -24"><span class='ocrx_word' id='word_1_21' title='bbox 258 767 309 821; x_wconf 85' lang='lat' dir='ltr'><strong>tos</strong></span> <span class='ocrx_word' id='word_1_22' title='bbox 321 751 507 835; x_wconf 86' lang='lat' dir='ltr'>mitterent,</span> <span class='ocrx_word' id='word_1_23' title='bbox 523 751 671 818; x_wconf 89' lang='lat' dir='ltr'><strong>civitates</strong></span> <span class='ocrx_word' id='word_1_24' title='bbox 686 741 918 837; x_wconf 72' lang='lat' dir='ltr'><strong>sollicitarent,</strong></span> <span class='ocrx_word' id='word_1_25' title='bbox 932 752 1088 842; x_wconf 80' lang='lat' dir='ltr'><strong>pecunias</strong></span> <span class='ocrx_word' id='word_1_26' title='bbox 1099 749 1295 844; x_wconf 87' lang='lat' dir='ltr'><strong>polliceren-</strong></span> 
     </span>
     <span class='ocr_line' id='line_1_5' title="bbox 257 866 1294 962; baseline 0.002 -24"><span class='ocrx_word' id='word_1_27' title='bbox 257 884 326 955; x_wconf 87' lang='lat' dir='ltr'><strong>tur,</strong></span> <span class='ocrx_word' id='word_1_28' title='bbox 342 893 462 962; x_wconf 87' lang='lat' dir='ltr'><strong>magna</strong></span> <span class='ocrx_word' id='word_1_29' title='bbox 482 882 577 962; x_wconf 89' lang='lat' dir='ltr'><strong>parte</strong></span> <span class='ocrx_word' id='word_1_30' title='bbox 594 869 755 936; x_wconf 79' lang='lat' dir='ltr'><strong>exereitus</strong></span> <span class='ocrx_word' id='word_1_31' title='bbox 772 867 877 935; x_wconf 81' lang='lat' dir='ltr'><strong>nostri</strong></span> <span class='ocrx_word' id='word_1_32' title='bbox 896 867 1081 956; x_wconf 83' lang='lat' dir='ltr'><strong>interfecta,</strong></span> <span class='ocrx_word' id='word_1_33' title='bbox 1101 869 1209 937; x_wconf 90' lang='lat' dir='ltr'><strong>multo</strong></span> <span class='ocrx_word' id='word_1_34' title='bbox 1233 866 1294 940; x_wconf 76' lang='lat' dir='ltr'><strong>mi·</strong></span> 
     </span>
     <span class='ocr_line' id='line_1_6' title="bbox 257 987 1297 1081; baseline 0.002 -25"><span class='ocrx_word' id='word_1_35' title='bbox 257 1013 372 1058; x_wconf 89' lang='lat' dir='ltr'><strong>norem</strong></span> <span class='ocrx_word' id='word_1_36' title='bbox 386 1012 555 1081; x_wconf 76' lang='lat' dir='ltr'><strong>superesse</strong></span> <span class='ocrx_word' id='word_1_37' title='bbox 568 987 717 1056; x_wconf 85' lang='lat' dir='ltr'><strong>dicerent</strong></span> <span class='ocrx_word' id='word_1_38' title='bbox 729 1000 868 1080; x_wconf 88' lang='lat' dir='ltr'><strong>partem.</strong></span> <span class='ocrx_word' id='word_1_39' title='bbox 884 989 1001 1079; x_wconf 83' lang='lat' dir='ltr'><strong>Neque</strong></span> <span class='ocrx_word' id='word_1_40' title='bbox 1015 1001 1124 1056; x_wconf 87' lang='lat' dir='ltr'><strong>tamen</strong></span> <span class='ocrx_word' id='word_1_41' title='bbox 1143 989 1201 1056; x_wconf 92' lang='lat' dir='ltr'><strong>ulli</strong></span> <span class='ocrx_word' id='word_1_42' title='bbox 1219 991 1297 1058; x_wconf 88' lang='lat' dir='ltr'><strong>civi·</strong></span> 
     </span>
     <span class='ocr_line' id='line_1_7' title="bbox 257 1105 1295 1200; baseline 0.002 -24"><span class='ocrx_word' id='word_1_43' title='bbox 257 1110 316 1176; x_wconf 89' lang='lat' dir='ltr'><strong>tati</strong></span> <span class='ocrx_word' id='word_1_44' title='bbox 335 1110 581 1176; x_wconf 87' lang='lat' dir='ltr'><strong>Germanorum</strong></span> <span class='ocrx_word' id='word_1_45' title='bbox 596 1105 788 1200; x_wconf 88' lang='lat' dir='ltr'><strong>persuaderi</strong></span> <span class='ocrx_word' id='word_1_46' title='bbox 808 1107 935 1199; x_wconf 87' lang='lat' dir='ltr'><strong>potuit,</strong></span> <span class='ocrx_word' id='word_1_47' title='bbox 955 1120 993 1174; x_wconf 96' lang='lat' dir='ltr'><strong>ut</strong></span> <span class='ocrx_word' id='word_1_48' title='bbox 1011 1107 1165 1175; x_wconf 87' lang='lat' dir='ltr'><strong>Rhenum</strong></span> <span class='ocrx_word' id='word_1_49' title='bbox 1187 1123 1295 1178; x_wconf 86' lang='lat' dir='ltr'><strong>trans·</strong></span> 
     </span>
     <span class='ocr_line' id='line_1_8' title="bbox 257 1225 1297 1320; baseline 0.002 -26"><span class='ocrx_word' id='word_1_50' title='bbox 257 1231 335 1313; x_wconf 91' lang='lat' dir='ltr'><strong>iret,</strong></span> <span class='ocrx_word' id='word_1_51' title='bbox 356 1251 459 1319; x_wconf 93' lang='lat' dir='ltr'><strong>quum</strong></span> <span class='ocrx_word' id='word_1_52' title='bbox 486 1252 521 1296; x_wconf 92' lang='lat' dir='ltr'><strong>se</strong></span> <span class='ocrx_word' id='word_1_53' title='bbox 544 1227 595 1296; x_wconf 92' lang='lat' dir='ltr'><strong>bis</strong></span> <span class='ocrx_word' id='word_1_54' title='bbox 616 1240 768 1320; x_wconf 83' lang='lat' dir='ltr'><strong>expertos</strong></span> <span class='ocrx_word' id='word_1_55' title='bbox 791 1225 953 1312; x_wconf 87' lang='lat' dir='ltr'><strong>dicerent,</strong></span> <span class='ocrx_word' id='word_1_56' title='bbox 973 1225 1130 1294; x_wconf 73' lang='lat' dir='ltr'><strong>Ariovisti</strong></span> <span class='ocrx_word' id='word_1_57' title='bbox 1150 1225 1239 1296; x_wconf 92' lang='lat' dir='ltr'><strong>bello</strong></span> <span class='ocrx_word' id='word_1_58' title='bbox 1263 1245 1297 1296; x_wconf 90' lang='lat' dir='ltr'><strong>et</strong></span> 
     </span>
     <span class='ocr_line' id='line_1_9' title="bbox 256 1344 1295 1437; baseline 0.001 -23"><span class='ocrx_word' id='word_1_59' title='bbox 256 1345 543 1414; x_wconf 90' lang='lat' dir='ltr'><strong>Tenchtherorum</strong></span> <span class='ocrx_word' id='word_1_60' title='bbox 552 1347 707 1431; x_wconf 88' lang='lat' dir='ltr'><strong>transitu,</strong></span> <span class='ocrx_word' id='word_1_61' title='bbox 721 1369 789 1413; x_wconf 92' lang='lat' dir='ltr'><strong>non</strong></span> <span class='ocrx_word' id='word_1_62' title='bbox 802 1344 1029 1437; x_wconf 86' lang='lat' dir='ltr'><strong>esseamplius</strong></span> <span class='ocrx_word' id='word_1_63' title='bbox 1045 1346 1212 1415; x_wconf 87' lang='lat' dir='ltr'><strong>fortunam</strong></span> <span class='ocrx_word' id='word_1_64' title='bbox 1224 1363 1295 1415; x_wconf 88' lang='lat' dir='ltr'><strong>ten-</strong></span> 
     </span>
     <span class='ocr_line' id='line_1_10' title="bbox 257 1463 1296 1559; baseline 0 -25"><span class='ocrx_word' id='word_1_65' title='bbox 257 1465 403 1534; x_wconf 83' lang='lat' dir='ltr'><strong>tandam.</strong></span> <span class='ocrx_word' id='word_1_66' title='bbox 421 1470 493 1534; x_wconf 88' lang='lat' dir='ltr'><strong>Hac</strong></span> <span class='ocrx_word' id='word_1_67' title='bbox 508 1490 565 1559; x_wconf 91' lang='lat' dir='ltr'><strong>spe</strong></span> <span class='ocrx_word' id='word_1_68' title='bbox 586 1464 696 1559; x_wconf 90' lang='lat' dir='ltr'><strong>lapsus</strong></span> <span class='ocrx_word' id='word_1_69' title='bbox 709 1463 972 1552; x_wconf 82' lang='lat' dir='ltr'><strong>Indutiomarus,</strong></span> <span class='ocrx_word' id='word_1_70' title='bbox 989 1463 1094 1533; x_wconf 91' lang='lat' dir='ltr'><strong>nihilo</strong></span> <span class='ocrx_word' id='word_1_71' title='bbox 1114 1469 1223 1536; x_wconf 90' lang='lat' dir='ltr'><strong>minus</strong></span> <span class='ocrx_word' id='word_1_72' title='bbox 1240 1492 1296 1536; x_wconf 93' lang='lat' dir='ltr'><strong>co·</strong></span> 
     </span>
     <span class='ocr_line' id='line_1_11' title="bbox 257 1584 1296 1680; baseline 0.002 -28"><span class='ocrx_word' id='word_1_73' title='bbox 257 1587 329 1680; x_wconf 88' lang='lat' dir='ltr'><strong>pias</strong></span> <span class='ocrx_word' id='word_1_74' title='bbox 349 1609 484 1679; x_wconf 84' lang='lat' dir='ltr'><strong>cogere,</strong></span> <span class='ocrx_word' id='word_1_75' title='bbox 504 1610 671 1673; x_wconf 80' lang='lat' dir='ltr'><strong>exercere,</strong></span> <span class='ocrx_word' id='word_1_76' title='bbox 693 1611 712 1653; x_wconf 92' lang='lat' dir='ltr'><strong>a</strong></span> <span class='ocrx_word' id='word_1_77' title='bbox 733 1584 881 1652; x_wconf 88' lang='lat' dir='ltr'><strong>finitimis</strong></span> <span class='ocrx_word' id='word_1_78' title='bbox 899 1609 1002 1677; x_wconf 92' lang='lat' dir='ltr'><strong>equos</strong></span> <span class='ocrx_word' id='word_1_79' title='bbox 1022 1609 1151 1679; x_wconf 88' lang='lat' dir='ltr'><strong>parare,</strong></span> <span class='ocrx_word' id='word_1_80' title='bbox 1169 1585 1296 1655; x_wconf 78' lang='lat' dir='ltr'><strong>exsules</strong></span> 
     </span>
     <span class='ocr_line' id='line_1_12' title="bbox 259 1703 1297 1798; baseline 0.001 -25"><span class='ocrx_word' id='word_1_81' title='bbox 259 1705 499 1798; x_wconf 88' lang='lat' dir='ltr'><strong>damnatosque</strong></span> <span class='ocrx_word' id='word_1_82' title='bbox 520 1719 588 1776; x_wconf 88' lang='lat' dir='ltr'><strong>tota</strong></span> <span class='ocrx_word' id='word_1_83' title='bbox 608 1703 718 1774; x_wconf 88' lang='lat' dir='ltr'><strong>Gallia</strong></span> <span class='ocrx_word' id='word_1_84' title='bbox 738 1704 866 1798; x_wconf 85' lang='lat' dir='ltr'><strong>mugnis</strong></span> <span class='ocrx_word' id='word_1_85' title='bbox 887 1705 1030 1797; x_wconf 85' lang='lat' dir='ltr'><strong>praemiis</strong></span> <span class='ocrx_word' id='word_1_86' title='bbox 1047 1706 1089 1773; x_wconf 89' lang='lat' dir='ltr'><strong>ad</strong></span> <span class='ocrx_word' id='word_1_87' title='bbox 1113 1730 1146 1774; x_wconf 88' lang='lat' dir='ltr'><strong>se</strong></span> <span class='ocrx_word' id='word_1_88' title='bbox 1166 1704 1297 1775; x_wconf 89' lang='lat' dir='ltr'><strong>allicere</strong></span> 
     </span>
     <span class='ocr_line' id='line_1_13' title="bbox 256 1824 1297 1920; baseline 0.001 -26"><span class='ocrx_word' id='word_1_89' title='bbox 256 1828 368 1920; x_wconf 78' lang='lat' dir='ltr'><strong>erepit.</strong></span> <span class='ocrx_word' id='word_1_90' title='bbox 389 1829 438 1894; x_wconf 82' lang='lat' dir='ltr'><strong>Ac</strong></span> <span class='ocrx_word' id='word_1_91' title='bbox 459 1838 583 1893; x_wconf 88' lang='lat' dir='ltr'><strong>tantam</strong></span> <span class='ocrx_word' id='word_1_92' title='bbox 600 1825 661 1892; x_wconf 91' lang='lat' dir='ltr'><strong>sibi</strong></span> <span class='ocrx_word' id='word_1_93' title='bbox 675 1825 744 1917; x_wconf 90' lang='lat' dir='ltr'><strong>jam</strong></span> <span class='ocrx_word' id='word_1_94' title='bbox 760 1825 799 1892; x_wconf 95' lang='lat' dir='ltr'><strong>iis</strong></span> <span class='ocrx_word' id='word_1_95' title='bbox 815 1825 914 1892; x_wconf 87' lang='lat' dir='ltr'><strong>rebus</strong></span> <span class='ocrx_word' id='word_1_96' title='bbox 936 1825 970 1892; x_wconf 93' lang='lat' dir='ltr'><strong>in</strong></span> <span class='ocrx_word' id='word_1_97' title='bbox 989 1824 1098 1895; x_wconf 90' lang='lat' dir='ltr'><strong>Gallia</strong></span> <span class='ocrx_word' id='word_1_98' title='bbox 1118 1828 1297 1896; x_wconf 90' lang='lat' dir='ltr'><strong>auctorita·</strong></span> 
     </span>
     <span class='ocr_line' id='line_1_14' title="bbox 258 1943 1296 2039; baseline 0.001 -27"><span class='ocrx_word' id='word_1_99' title='bbox 258 1958 326 2012; x_wconf 89' lang='lat' dir='ltr'><strong>tem</strong></span> <span class='ocrx_word' id='word_1_100' title='bbox 348 1958 611 2037; x_wconf 87' lang='lat' dir='ltr'><strong>comparaverat,</strong></span> <span class='ocrx_word' id='word_1_101' title='bbox 631 1958 668 2010; x_wconf 90' lang='lat' dir='ltr'><strong>ut</strong></span> <span class='ocrx_word' id='word_1_102' title='bbox 688 1943 837 2036; x_wconf 89' lang='lat' dir='ltr'><strong>undique</strong></span> <span class='ocrx_word' id='word_1_103' title='bbox 855 1943 897 2011; x_wconf 92' lang='lat' dir='ltr'><strong>ad</strong></span> <span class='ocrx_word' id='word_1_104' title='bbox 917 1969 993 2013; x_wconf 89' lang='lat' dir='ltr'><strong>eum</strong></span> <span class='ocrx_word' id='word_1_105' title='bbox 1017 1943 1196 2039; x_wconf 86' lang='lat' dir='ltr'><strong>legationes</strong></span> <span class='ocrx_word' id='word_1_106' title='bbox 1218 1972 1296 2015; x_wconf 90' lang='lat' dir='ltr'><strong>con·</strong></span> 
     </span>
     <span class='ocr_line' id='line_1_15' title="bbox 259 2061 1297 2160; baseline 0.004 -31"><span class='ocrx_word' id='word_1_107' title='bbox 259 2077 445 2150; x_wconf 87' lang='lat' dir='ltr'><strong>currerent,</strong></span> <span class='ocrx_word' id='word_1_108' title='bbox 457 2065 598 2156; x_wconf 80' lang='lat' dir='ltr'><strong>gratiam</strong></span> <span class='ocrx_word' id='word_1_109' title='bbox 618 2075 717 2154; x_wconf 91' lang='lat' dir='ltr'><strong>atque</strong></span> <span class='ocrx_word' id='word_1_110' title='bbox 734 2063 911 2131; x_wconf 81' lang='lat' dir='ltr'><strong>amicitiam</strong></span> <span class='ocrx_word' id='word_1_111' title='bbox 929 2061 1060 2157; x_wconf 91' lang='lat' dir='ltr'><strong>publice</strong></span> <span class='ocrx_word' id='word_1_112' title='bbox 1074 2067 1297 2160; x_wconf 89' lang='lat' dir='ltr'><strong>privatimque</strong></span> 
     </span>
     <span class='ocr_line' id='line_1_16' title="bbox 259 2196 419 2275; baseline -0.006 -25"><span class='ocrx_word' id='word_1_113' title='bbox 259 2196 419 2275; x_wconf 89' lang='lat' dir='ltr'><strong>peterent.</strong></span> 
     </span>
    </p>

    <p class='ocr_par' dir='ltr' id='par_1_3' title="bbox 257 2299 1299 4075">
     <span class='ocr_line' id='line_1_17' title="bbox 306 2299 1297 2399; baseline 0.006 -31"><span class='ocrx_word' id='word_1_114' title='bbox 306 2303 393 2370; x_wconf 89' lang='lat' dir='ltr'><strong>LVI.</strong></span> <span class='ocrx_word' id='word_1_115' title='bbox 410 2302 478 2371; x_wconf 90' lang='lat' dir='ltr'><strong>Ubi</strong></span> <span class='ocrx_word' id='word_1_116' title='bbox 494 2299 669 2389; x_wconf 78' lang='lat' dir='ltr'><strong>intellexit,</strong></span> <span class='ocrx_word' id='word_1_117' title='bbox 688 2300 777 2371; x_wconf 88' lang='lat' dir='ltr'><strong>ultro</strong></span> <span class='ocrx_word' id='word_1_118' title='bbox 792 2301 834 2371; x_wconf 90' lang='lat' dir='ltr'><strong>ad</strong></span> <span class='ocrx_word' id='word_1_119' title='bbox 850 2327 884 2372; x_wconf 92' lang='lat' dir='ltr'><strong>se</strong></span> <span class='ocrx_word' id='word_1_120' title='bbox 901 2306 1021 2392; x_wconf 91' lang='lat' dir='ltr'><strong>veniri,</strong></span> <span class='ocrx_word' id='word_1_121' title='bbox 1038 2303 1141 2374; x_wconf 88' lang='lat' dir='ltr'><strong>altera</strong></span> <span class='ocrx_word' id='word_1_122' title='bbox 1153 2331 1193 2374; x_wconf 83' lang='lat' dir='ltr'><strong>ex</strong></span> <span class='ocrx_word' id='word_1_123' title='bbox 1204 2321 1297 2399; x_wconf 87' lang='lat' dir='ltr'><strong>parte</strong></span> 
     </span>
     <span class='ocr_line' id='line_1_18' title="bbox 259 2423 1296 2518; baseline 0.002 -28"><span class='ocrx_word' id='word_1_124' title='bbox 259 2424 405 2490; x_wconf 87' lang='lat' dir='ltr'><strong>Senones</strong></span> <span class='ocrx_word' id='word_1_125' title='bbox 423 2423 651 2514; x_wconf 87' lang='lat' dir='ltr'><strong>Carnutesque</strong></span> <span class='ocrx_word' id='word_1_126' title='bbox 670 2424 870 2493; x_wconf 90' lang='lat' dir='ltr'><strong>conscientia</strong></span> <span class='ocrx_word' id='word_1_127' title='bbox 890 2423 1046 2494; x_wconf 87' lang='lat' dir='ltr'><strong>facinoris</strong></span> <span class='ocrx_word' id='word_1_128' title='bbox 1066 2426 1229 2518; x_wconf 86' lang='lat' dir='ltr'><strong>instigari,</strong></span> <span class='ocrx_word' id='word_1_129' title='bbox 1249 2427 1296 2494; x_wconf 91' lang='lat' dir='ltr'><strong>al-</strong></span> 
     </span>
     <span class='ocr_line' id='line_1_19' title="bbox 259 2540 1298 2642; baseline 0.005 -32"><span class='ocrx_word' id='word_1_130' title='bbox 259 2556 328 2611; x_wconf 88' lang='lat' dir='ltr'><strong>tera</strong></span> <span class='ocrx_word' id='word_1_131' title='bbox 346 2541 486 2610; x_wconf 82' lang='lat' dir='ltr'><strong>Nervios</strong></span> <span class='ocrx_word' id='word_1_132' title='bbox 500 2540 756 2642; x_wconf 84' lang='lat' dir='ltr'><strong>Aduatucosque</strong></span> <span class='ocrx_word' id='word_1_133' title='bbox 769 2541 894 2611; x_wconf 88' lang='lat' dir='ltr'><strong>bellum</strong></span> <span class='ocrx_word' id='word_1_134' title='bbox 911 2546 1073 2614; x_wconf 85' lang='lat' dir='ltr'><strong>Romanis</strong></span> <span class='ocrx_word' id='word_1_135' title='bbox 1089 2571 1222 2639; x_wconf 89' lang='lat' dir='ltr'><strong>parare,</strong></span> <span class='ocrx_word' id='word_1_136' title='bbox 1240 2571 1298 2615; x_wconf 89' lang='lat' dir='ltr'><strong>ne-</strong></span> 
     </span>
     <span class='ocr_line' id='line_1_20' title="bbox 257 2659 1298 2755; baseline 0.006 -26"><span class='ocrx_word' id='word_1_137' title='bbox 257 2685 321 2755; x_wconf 91' lang='lat' dir='ltr'><strong>que</strong></span> <span class='ocrx_word' id='word_1_138' title='bbox 342 2661 404 2729; x_wconf 91' lang='lat' dir='ltr'><strong>sibi</strong></span> <span class='ocrx_word' id='word_1_139' title='bbox 424 2659 688 2729; x_wconf 89' lang='lat' dir='ltr'><strong>voluntariorum</strong></span> <span class='ocrx_word' id='word_1_140' title='bbox 708 2663 820 2755; x_wconf 92' lang='lat' dir='ltr'><strong>copias</strong></span> <span class='ocrx_word' id='word_1_141' title='bbox 839 2663 969 2750; x_wconf 88' lang='lat' dir='ltr'><strong>defore,</strong></span> <span class='ocrx_word' id='word_1_142' title='bbox 985 2668 1013 2734; x_wconf 90' lang='lat' dir='ltr'><strong>si</strong></span> <span class='ocrx_word' id='word_1_143' title='bbox 1029 2691 1069 2735; x_wconf 77' lang='lat' dir='ltr'><strong>eu</strong></span> <span class='ocrx_word' id='word_1_144' title='bbox 1089 2667 1211 2736; x_wconf 89' lang='lat' dir='ltr'><strong>finibus</strong></span> <span class='ocrx_word' id='word_1_145' title='bbox 1231 2669 1298 2735; x_wconf 90' lang='lat' dir='ltr'><strong>suis</strong></span> 
     </span>
     <span class='ocr_line' id='line_1_21' title="bbox 258 2781 1298 2880; baseline 0.007 -31"><span class='ocrx_word' id='word_1_146' title='bbox 258 2781 414 2874; x_wconf 83' lang='lat' dir='ltr'><strong>progredi</strong></span> <span class='ocrx_word' id='word_1_147' title='bbox 426 2783 591 2875; x_wconf 86' lang='lat' dir='ltr'><strong>coepisset,</strong></span> <span class='ocrx_word' id='word_1_148' title='bbox 604 2795 768 2850; x_wconf 90' lang='lat' dir='ltr'><strong>armatum</strong></span> <span class='ocrx_word' id='word_1_149' title='bbox 783 2783 960 2853; x_wconf 92' lang='lat' dir='ltr'><strong>concilium</strong></span> <span class='ocrx_word' id='word_1_150' title='bbox 974 2785 1090 2856; x_wconf 92' lang='lat' dir='ltr'><strong>indicit</strong></span> <span class='ocrx_word' id='word_1_151' title='bbox 1107 2785 1189 2880; x_wconf 88' lang='lat' dir='ltr'><strong>(hoc</strong></span> <span class='ocrx_word' id='word_1_152' title='bbox 1207 2813 1298 2856; x_wconf 92' lang='lat' dir='ltr'><strong>more</strong></span> 
     </span>
     <span class='ocr_line' id='line_1_22' title="bbox 257 2887 1297 2998; baseline 0.01 -34"><span class='ocrx_word' id='word_1_153' title='bbox 257 2896 432 2968; x_wconf 86' lang='lat' dir='ltr'><strong>Gallorum</strong></span> <span class='ocrx_word' id='word_1_154' title='bbox 449 2915 498 2970; x_wconf 89' lang='lat' dir='ltr'><strong>est</strong></span> <span class='ocrx_word' id='word_1_155' title='bbox 514 2900 646 2968; x_wconf 89' lang='lat' dir='ltr'><strong>initium</strong></span> <span class='ocrx_word' id='word_1_156' title='bbox 663 2898 774 2994; x_wconf 81' lang='lat' dir='ltr'><strong>betti),</strong></span> <span class='ocrx_word' id='word_1_157' title='bbox 791 2926 874 2996; x_wconf 90' lang='lat' dir='ltr'><strong>quo,</strong></span> <span class='ocrx_word' id='word_1_158' title='bbox 892 2902 963 2998; x_wconf 91' lang='lat' dir='ltr'><strong>lege</strong></span> <span class='ocrx_word' id='word_1_159' title='bbox 978 2907 1166 2993; x_wconf 89' lang='lat' dir='ltr'><strong>communi,</strong></span> <span class='ocrx_word' id='word_1_160' title='bbox 1183 2887 1297 2976; x_wconf 87' lang='lat' dir='ltr'><strong>omnes</strong></span> 
     </span>
     <span class='ocr_line' id='line_1_23' title="bbox 258 3016 1297 3119; baseline 0.012 -35"><span class='ocrx_word' id='word_1_161' title='bbox 258 3016 399 3110; x_wconf 87' lang='lat' dir='ltr'><strong>puberes</strong></span> <span class='ocrx_word' id='word_1_162' title='bbox 414 3021 531 3088; x_wconf 84' lang='lat' dir='ltr'><strong>armati</strong></span> <span class='ocrx_word' id='word_1_163' title='bbox 547 3023 724 3090; x_wconf 88' lang='lat' dir='ltr'><strong>convenire</strong></span> <span class='ocrx_word' id='word_1_164' title='bbox 737 3041 955 3109; x_wconf 90' lang='lat' dir='ltr'><strong>consuerunt;</strong></span> <span class='ocrx_word' id='word_1_165' title='bbox 971 3028 1029 3119; x_wconf 93' lang='lat' dir='ltr'><strong>qui</strong></span> <span class='ocrx_word' id='word_1_166' title='bbox 1046 3052 1086 3095; x_wconf 86' lang='lat' dir='ltr'><strong>ex</strong></span> <span class='ocrx_word' id='word_1_167' title='bbox 1104 3027 1142 3096; x_wconf 91' lang='lat' dir='ltr'><strong>iis</strong></span> <span class='ocrx_word' id='word_1_168' title='bbox 1160 3029 1297 3096; x_wconf 82' lang='lat' dir='ltr'><strong>novissi·</strong></span> 
     </span>
     <span class='ocr_line' id='line_1_24' title="bbox 259 3138 1298 3233; baseline 0.012 -28"><span class='ocrx_word' id='word_1_169' title='bbox 259 3161 332 3205; x_wconf 90' lang='lat' dir='ltr'><strong>mus</strong></span> <span class='ocrx_word' id='word_1_170' title='bbox 350 3138 453 3224; x_wconf 88' lang='lat' dir='ltr'><strong>venit,</strong></span> <span class='ocrx_word' id='word_1_171' title='bbox 474 3141 506 3206; x_wconf 92' lang='lat' dir='ltr'><strong>in</strong></span> <span class='ocrx_word' id='word_1_172' title='bbox 526 3155 705 3233; x_wconf 91' lang='lat' dir='ltr'><strong>conspectu</strong></span> <span class='ocrx_word' id='word_1_173' title='bbox 725 3140 948 3211; x_wconf 87' lang='lat' dir='ltr'><strong>multitudinis</strong></span> <span class='ocrx_word' id='word_1_174' title='bbox 969 3147 1123 3214; x_wconf 92' lang='lat' dir='ltr'><strong>omnibus</strong></span> <span class='ocrx_word' id='word_1_175' title='bbox 1144 3148 1298 3216; x_wconf 88' lang='lat' dir='ltr'><strong>cruciati-</strong></span> 
     </span>
     <span class='ocr_line' id='line_1_25' title="bbox 257 3245 1298 3358; baseline 0.008 -32"><span class='ocrx_word' id='word_1_176' title='bbox 257 3257 320 3326; x_wconf 89' lang='lat' dir='ltr'><strong>bus</strong></span> <span class='ocrx_word' id='word_1_177' title='bbox 338 3256 476 3326; x_wconf 82' lang='lat' dir='ltr'><strong>affectus</strong></span> <span class='ocrx_word' id='word_1_178' title='bbox 492 3274 638 3327; x_wconf 88' lang='lat' dir='ltr'><strong>necatur.</strong></span> <span class='ocrx_word' id='word_1_179' title='bbox 656 3245 701 3327; x_wconf 91' lang='lat' dir='ltr'><strong>In</strong></span> <span class='ocrx_word' id='word_1_180' title='bbox 717 3285 756 3328; x_wconf 91' lang='lat' dir='ltr'><strong>eo</strong></span> <span class='ocrx_word' id='word_1_181' title='bbox 776 3260 923 3342; x_wconf 77' lang='lat' dir='ltr'><strong>concilio.</strong></span> <span class='ocrx_word' id='word_1_182' title='bbox 935 3265 1198 3358; x_wconf 88' lang='lat' dir='ltr'><strong>Cingetorigem,</strong></span> <span class='ocrx_word' id='word_1_183' title='bbox 1216 3266 1298 3336; x_wconf 89' lang='lat' dir='ltr'><strong>alte·</strong></span> 
     </span>
     <span class='ocr_line' id='line_1_26' title="bbox 258 3375 1299 3480; baseline 0.01 -35"><span class='ocrx_word' id='word_1_184' title='bbox 258 3375 327 3445; x_wconf 89' lang='lat' dir='ltr'><strong>rius</strong></span> <span class='ocrx_word' id='word_1_185' title='bbox 348 3377 532 3469; x_wconf 91' lang='lat' dir='ltr'><strong>principem</strong></span> <span class='ocrx_word' id='word_1_186' title='bbox 556 3376 723 3466; x_wconf 87' lang='lat' dir='ltr'><strong>factionis,</strong></span> <span class='ocrx_word' id='word_1_187' title='bbox 746 3405 906 3474; x_wconf 89' lang='lat' dir='ltr'><strong>generum</strong></span> <span class='ocrx_word' id='word_1_188' title='bbox 932 3407 1028 3451; x_wconf 89' lang='lat' dir='ltr'><strong>suum</strong></span> <span class='ocrx_word' id='word_1_189' title='bbox 1056 3382 1173 3478; x_wconf 89' lang='lat' dir='ltr'><strong>(quem</strong></span> <span class='ocrx_word' id='word_1_190' title='bbox 1197 3411 1299 3480; x_wconf 86' lang='lat' dir='ltr'><strong>supra</strong></span> 
     </span>
     <span class='ocr_line' id='line_1_27' title="bbox 259 3496 1298 3590; baseline 0.012 -27"><span class='ocrx_word' id='word_1_191' title='bbox 259 3496 572 3583; x_wconf 88' lang='lat' dir='ltr'><strong>demonstravimus,</strong></span> <span class='ocrx_word' id='word_1_192' title='bbox 589 3497 727 3566; x_wconf 75' lang='lat' dir='ltr'><strong>casaris</strong></span> <span class='ocrx_word' id='word_1_193' title='bbox 741 3515 892 3569; x_wconf 84' lang='lat' dir='ltr'><strong>secutum</strong></span> <span class='ocrx_word' id='word_1_194' title='bbox 904 3501 1020 3590; x_wconf 86' lang='lat' dir='ltr'><strong>fidem,</strong></span> <span class='ocrx_word' id='word_1_195' title='bbox 1036 3503 1077 3570; x_wconf 89' lang='lat' dir='ltr'><strong>ab</strong></span> <span class='ocrx_word' id='word_1_196' title='bbox 1093 3529 1133 3572; x_wconf 94' lang='lat' dir='ltr'><strong>eo</strong></span> <span class='ocrx_word' id='word_1_197' title='bbox 1148 3530 1215 3577; x_wconf 93' lang='lat' dir='ltr'><strong>non</strong></span> <span class='ocrx_word' id='word_1_198' title='bbox 1232 3507 1298 3576; x_wconf 90' lang='lat' dir='ltr'><strong>dis-</strong></span> 
     </span>
     <span class='ocr_line' id='line_1_28' title="bbox 259 3614 1298 3717; baseline 0.017 -37"><span class='ocrx_word' id='word_1_199' title='bbox 259 3614 425 3708; x_wconf 85' lang='lat' dir='ltr'><strong>cessisse),</strong></span> <span class='ocrx_word' id='word_1_200' title='bbox 453 3614 580 3684; x_wconf 87' lang='lat' dir='ltr'><strong>hostem</strong></span> <span class='ocrx_word' id='word_1_201' title='bbox 605 3615 749 3708; x_wconf 86' lang='lat' dir='ltr'><strong>judicat,</strong></span> <span class='ocrx_word' id='word_1_202' title='bbox 775 3619 929 3713; x_wconf 86' lang='lat' dir='ltr'><strong>bonaque</strong></span> <span class='ocrx_word' id='word_1_203' title='bbox 955 3624 1026 3714; x_wconf 86' lang='lat' dir='ltr'><strong>ejus</strong></span> <span class='ocrx_word' id='word_1_204' title='bbox 1051 3623 1213 3717; x_wconf 88' lang='lat' dir='ltr'><strong>publicat.</strong></span> <span class='ocrx_word' id='word_1_205' title='bbox 1239 3631 1298 3698; x_wconf 90' lang='lat' dir='ltr'><strong>His</strong></span> 
     </span>
     <span class='ocr_line' id='line_1_29' title="bbox 260 3733 1298 3830; baseline 0.016 -29"><span class='ocrx_word' id='word_1_206' title='bbox 260 3735 356 3802; x_wconf 90' lang='lat' dir='ltr'><strong>rebus</strong></span> <span class='ocrx_word' id='word_1_207' title='bbox 374 3733 548 3820; x_wconf 87' lang='lat' dir='ltr'><strong>confectis,</strong></span> <span class='ocrx_word' id='word_1_208' title='bbox 569 3737 603 3803; x_wconf 91' lang='lat' dir='ltr'><strong>in</strong></span> <span class='ocrx_word' id='word_1_209' title='bbox 624 3735 763 3804; x_wconf 94' lang='lat' dir='ltr'><strong>concilio</strong></span> <span class='ocrx_word' id='word_1_210' title='bbox 781 3741 992 3830; x_wconf 89' lang='lat' dir='ltr'><strong>pronuntiat,</strong></span> <span class='ocrx_word' id='word_1_211' title='bbox 1013 3746 1206 3816; x_wconf 86' lang='lat' dir='ltr'><strong>arcessitum</strong></span> <span class='ocrx_word' id='word_1_212' title='bbox 1226 3773 1298 3818; x_wconf 89' lang='lat' dir='ltr'><strong>sea</strong></span> 
     </span>
     <span class='ocr_line' id='line_1_30' title="bbox 260 3854 1298 3957; baseline 0.018 -36"><span class='ocrx_word' id='word_1_213' title='bbox 260 3854 445 3922; x_wconf 89' lang='lat' dir='ltr'><strong>Senonibus</strong></span> <span class='ocrx_word' id='word_1_214' title='bbox 465 3869 499 3922; x_wconf 90' lang='lat' dir='ltr'><strong>et</strong></span> <span class='ocrx_word' id='word_1_215' title='bbox 519 3857 737 3944; x_wconf 87' lang='lat' dir='ltr'><strong>Carnutibus,</strong></span> <span class='ocrx_word' id='word_1_216' title='bbox 763 3855 901 3951; x_wconf 87' lang='lat' dir='ltr'><strong>aliisque</strong></span> <span class='ocrx_word' id='word_1_217' title='bbox 927 3860 1154 3957; x_wconf 90' lang='lat' dir='ltr'><strong>compluribus</strong></span> <span class='ocrx_word' id='word_1_218' title='bbox 1181 3867 1298 3940; x_wconf 86' lang='lat' dir='ltr'><strong>Galliae</strong></span> 
     </span>
     <span class='ocr_line' id='line_1_31' title="bbox 261 3970 1299 4075; baseline 0.021 -38"><span class='ocrx_word' id='word_1_219' title='bbox 261 3970 467 4056; x_wconf 87' lang='lat' dir='ltr'><strong>civitatibus,</strong></span> <span class='ocrx_word' id='word_1_220' title='bbox 487 3973 552 4042; x_wconf 89' lang='lat' dir='ltr'><strong>huc</strong></span> <span class='ocrx_word' id='word_1_221' title='bbox 575 3977 638 4043; x_wconf 91' lang='lat' dir='ltr'><strong>iter</strong></span> <span class='ocrx_word' id='word_1_222' title='bbox 657 3975 822 4044; x_wconf 88' lang='lat' dir='ltr'><strong>facturum</strong></span> <span class='ocrx_word' id='word_1_223' title='bbox 840 4002 900 4071; x_wconf 92' lang='lat' dir='ltr'><strong>per</strong></span> <span class='ocrx_word' id='word_1_224' title='bbox 920 3980 1000 4050; x_wconf 87' lang='lat' dir='ltr'><strong>fines</strong></span> <span class='ocrx_word' id='word_1_225' title='bbox 1022 3987 1224 4075; x_wconf 88' lang='lat' dir='ltr'><strong>Remorum,</strong></span> <span class='ocrx_word' id='word_1_226' title='bbox 1243 4016 1299 4059; x_wconf 91' lang='lat' dir='ltr'><strong>eo·</strong></span> 
     </span>
    </p>
   </div>
   <div class='ocr_carea' id='block_1_3' title="bbox 0 0 1520 4768">
    <p class='ocr_par' dir='ltr' id='par_1_4' title="bbox 0 0 1520 4768">
     <span class='ocr_line' id='line_1_32' title="bbox 0 0 1520 4768; baseline 0 0"><span class='ocrx_word' id='word_1_227' title='bbox 0 0 1520 4768; x_wconf 95' lang='lat' dir='ltr'><strong> </strong></span> 
     </span>
    </p>
   </div>
  </div>
 </body>
</html>
