3038 4766
320 405 356 460 9²
471 384 502 440 G
522 385 619 441 JULII
640 385 803 442 CAESARlS
824 385 1192 445 couniatt'rfflottunr

318 508 434 603 ligneis
460 507 585 579 effectis
613 509 776 598 turribus,
797 511 837 579 iis
861 535 930 580 sese
955 511 1165 598 munierunt3
1189 526 1223 580 ct
1245 529 1346 604 quum

318 640 425 696 essent
442 625 565 696 infirmi
583 625 624 696 ad
642 625 859 698 resistendum
874 642 1010 724 propter
1025 631 1225 725 paucitatem
1244 629 1349 700 bomi-

318 771 416 836 num,
428 747 552 816 crebris
564 745 705 816 confecti
716 745 922 837 vulneribus,
936 747 980 818 ad
992 763 1173 819 extremum
1190 746 1347 818 auxilium

319 864 576 951 descenderunt,
588 889 764 960 servosque
773 891 889 937 omncs
901 867 1040 961 puberes
1051 866 1290 956 liberaverunt,
1299 882 1347 957 et,

318 986 482 1080 praesectis
503 987 653 1056 omnium
673 974 849 1057 mulierum
866 987 1032 1074 crinibus,
1049 1000 1213 1057 tormenta
1236 987 1348 1058 effere·

319 1120 409 1174 runt.
430 1107 584 1195 Quorum
603 1107 733 1201 cognita
751 1109 927 1195 sententia,
940 1107 1098 1178 Octauius
1109 1107 1218 1200 quinis
1234 1109 1348 1177 castris

319 1222 479 1318 oppidum
497 1224 733 1314 circumdedit,
752 1241 851 1320 atque
875 1249 942 1296 uno
964 1240 1112 1322 tempore
1130 1224 1303 1308 obsidione
1317 1242 1349 1296 et

320 1343 622 1436 oppugnationibus
644 1345 869 1439 cos'preruere
885 1345 995 1438 coepit
1016 1343 1069 1414 Illi
1090 1345 1203 1414 omnia
1223 1347 1348 1439 perpeti

319 1463 443 1555 parati,
471 1464 612 1534 maxime
639 1489 660 1532 a
686 1489 721 1533 re
755 1463 967 1533 frumentaria
999 1463 1206 1534 laborabant.
1237 1464 1349 1552 Quare

312 1579 426 1650 'missis
440 1581 482 1651 ad
498 1584 661 1652 Caesarem
673 1580 808 1678 legatis,
822 1581 979 1664 auxilium
996 1583 1037 1652 ab
1054 1607 1094 1652 eo
1112 1581 1267 1678 petebant
1279 1609 1288 1650 ι
1302 1602 1349 1652 re

271 1695 274 1702 ’
319 1699 424 1796 liqua,
448 1715 485 1771 ut
505 1716 673 1797 poterant,
698 1727 757 1797 per
779 1727 813 1772 sc
837 1699 1044 1772 incommoda
1065 1700 1296 1772 sustinebant:
1317 1715 1348 1769 et

318 1817 418 1916 longo
434 1823 628 1916 interposito
646 1823 771 1915 spatio,
790 1845 893 1915 quum
908 1820 1110 1891 diuturnitas
1130 1819 1348 1916 oppugnatio-

319 1940 370 2008 nis
383 1938 634 2035 negligentiores
647 1941 845 2010 Octavianos
855 1941 1033 2029 effecisset,
1046 1941 1133 2011 nacti
1144 1939 1347 2022 occasionem

319 2057 492 2128 meridiani
507 2060 682 2152 temporis,
699 2058 841 2128 discessu
859 2085 991 2147 eorum,
1011 2061 1121 2157 pueris
1140 2057 1347 2129 mulieribus-

320 2201 385 2269 que
403 2178 436 2244 iu
453 2201 550 2247 muro
568 2177 754 2273 dispositis,
766 2203 808 2247 ne
825 2179 905 2274 quid
926 2179 1126 2274 quotidianae
1139 2177 1346 2250 consuetudi·

319 2296 371 2363 nis
389 2295 640 2384 desideraretur,
653 2298 737 2391 ipsi,
755 2321 858 2390 manu
880 2298 965 2368 sacta
987 2323 1062 2368 cum
1085 2300 1125 2368 iis
1143 2323 1226 2392 quos
1243 2321 1347 2394 nuper

321 2416 461 2484 maxime
486 2413 726 2504 liberaverant,
746 2417 780 2486 in
804 2418 954 2512 proxima
976 2419 1105 2488 Octavii
1134 2431 1241 2487 castra
1264 2418 1347 2487 irru-

320 2547 450 2627 perunt.
461 2535 521 2603 His
531 2535 745 2630 expugnatis,
754 2534 870 2605 eodem
878 2537 1004 2631 impetu
1020 2535 1124 2606 altera
1133 2551 1211 2605 sunt
1226 2535 1347 2620 adorti3

318 2655 394 2724 inde
408 2656 525 2744 tertia,
541 2669 574 2724 et
589 2669 724 2749 quarta,
743 2670 776 2724 et
790 2655 942 2750 deinceps
959 2653 1084 2748 reliqua
1103 2681 1111 2723 :
1129 2656 1347 2749 omnibusque

202 2811 204 2814 ·
317 2799 373 2844 cos
404 2775 519 2844 castris
544 2773 757 2868 expulerunt,
775 2789 825 2860 et,
851 2796 972 2871 magno
995 2799 1134 2846 numero
1157 2774 1347 2861 interfecto,
1375 2860 1381 2874 .

317 2893 461 2989 reliquos
492 2909 592 2988 atque
618 2894 732 2988 ipsum
765 2895 941 2964 Octavium
970 2895 1005 2962 in
1041 2917 1139 2964 naves
1170 2891 1346 2987 confirgcre

316 3028 504 3108 coegerunt.
519 3014 582 3084 Hic
600 3013 663 3082 fuit
679 3014 934 3108 oppugnationis
954 3015 1071 3082 exitus.
1088 3017 1226 3108 Jamque
1242 3013 1347 3082 biems

205 3145 209 3159 “
316 3133 785 3226 appropinquabat,et,tantis
795 3130 1001 3201 detrimentis
1012 3132 1347 3226 acceptis,Octavius,

316 3251 486 3346 desperata
502 3253 761 3348 oppugnatione
788 3250 926 3347 oppidi,
954 3251 1176 3346 Dyrrachium
1206 3277 1276 3323 sesa
1306 3247 1347 3320 ad

316 3371 509 3465 Pompeium
523 3375 656 3468 recepit.

362 3495 405 3562 X.
428 3493 755 3578 Demonstravimus,
775 3496 813 3562 L.
830 3492 1014 3563 Vibullium
1037 3491 1181 3575 Rufum,
1200 3489 1348 3584 Pompeii

316 3611 529 3706 prefectum,
543 3613 645 3682 bisin
661 3626 855 3707 potestatem
872 3613 1057 3706 parvenisse
1074 3609 1229 3695 Caesaris,
1250 3621 1349 3700 atque

316 3732 358 3800 ab
382 3757 422 3802 eo
448 3759 517 3802 esse
539 3732 728 3820 dimissum,
748 3731 846 3802 semel
870 3732 912 3800 ad
935 3729 1141 3814 Corfinium,
1165 3727 1284 3797 iterum
1314 3729 1348 3795 in

316 3851 484 3944 Hispania.
502 3856 598 3921 Hunc
617 3875 678 3945 pro
696 3853 762 3920 suis
780 3850 946 3920 beneficiis
963 3853 1071 3921 Cesar
1087 3847 1243 3918 idoneum
1258 3847 1348 3942 judi·

316 3984 466 4058 caverat,
483 3993 585 4070 'quem
607 3995 683 4042 cum
703 3971 864 4042 mandatis
884 3969 927 4040 ad
945 3973 1007 4041 Cn.
1022 3969 1219 4063 Pompeium
1238 3968 1347 4037 mitte·
