3038 4766
463 343 513 444 Dll
534 385 938 442 Bumetvluttlu.1t.
1179 389 1214 446 81
1262 379 1264 386 ¹

187 514 342 583 restitisse
361 515 396 582 in
412 535 535 608 regno;
553 512 730 597 Suburam,
747 513 818 606 ejus
834 511 1040 606 praelectum,
1060 539 1134 583 cum
1151 541 1218 585 me-

187 633 353 704 diocribus
369 633 472 726 copiis
491 635 644 714 missum,
661 633 766 703 Utieoe
787 633 1062 727 appropinquare.
1081 635 1140 702 His
1160 659 1218 703 au·

186 753 334 822 ctoribus
349 765 474 822 temere
488 749 642 840 credens,
653 741 825 821 consilium
835 767 1033 839 commutat,
1050 767 1083 821 et
1101 751 1218 846 proelio

186 897 257 942 rem
278 872 482 942 committere
505 873 685 942 constituit
712 870 857 941 Multum
880 871 1028 941 adhunc
1048 896 1118 940 rem
1139 897 1217 965 pro·

188 990 330 1061 bendani
358 989 500 1084 adjuvat
524 983 757 1077 adolescentia,
786 992 978 1086 magnitudo
1009 993 1126 1080 animi,
1160 1017 1216 1062 su·

187 1111 326 1205 perioris
344 1111 503 1204 temporis
521 1126 720 1204 proventus,
740 1109 859 1180 fiducia
883 1113 930 1180 rei
950 1109 1034 1180 bene
1055 1111 1215 1206 gerendae.

187 1231 248 1300 His
265 1229 363 1298 rebus
382 1228 560 1325 impulsus,
579 1230 761 1325 equitatum
780 1255 912 1300 omnem
932 1233 1038 1326 prime
1059 1247 1155 1302 nocte
1174 1232 1216 1302 ad

186 1364 295 1420 castra
321 1344 466 1420 hostium
495 1351 617 1439 mittit,
644 1350 687 1420 ad
715 1351 836 1420 flumen
863 1351 1067 1446 Bagradam,
1095 1353 1217 1445 quibus

187 1485 324 1564 praeerat
339 1471 485 1556 Sabura,
502 1469 543 1539 de
560 1494 628 1563 quo
644 1485 720 1538 ante
733 1484 803 1539 erat
817 1470 977 1540 auditum.
994 1471 1059 1540 Sed
1075 1495 1133 1540 rex
1148 1495 1217 1540 om-

187 1591 284 1659 nibus
306 1590 410 1684 copiis
433 1590 685 1682 insequebatur,
708 1603 741 1657 et
759 1611 793 1658 vt
821 1587 960 1659 millium
982 1613 1137 1684 passuum
1163 1592 1216 1657 in·
1307 1663 1312 1674 ,

188 1707 324 1780 tervallo
346 1733 365 1778 a
388 1708 515 1778 Sabura
538 1707 739 1777 consederat.
768 1710 903 1802 Equites
928 1709 1017 1778 missi
1035 1699 1133 1778 nocte
1154 1709 1216 1776 iter

186 1826 381 1914 conficiunt,
398 1826 622 1922 imprudentes
637 1840 743 1919 atquo.
753 1828 961 1920 inopinantes
978 1828 1088 1896 hostes
1104 1851 1216 1921 aggre-

187 1948 343 2018 diuntur:
362 1944 515 2016 Numidae
529 1947 633 2035 enim,
649 1947 791 2040 quadarn
805 1946 945 2047 barbara
961 1945 1215 2036 consuetudine,

186 2066 286 2136 nullis
300 2065 472 2136 ordinibus
486 2066 605 2160 passim
618 2065 845 2135 consederant.
864 2069 931 2135 Hos
945 2089 1118 2161 oppressos
1132 2091 1217 2136 som·

187 2212 232 2258 no
244 2199 278 2254 et
290 2185 453 2279 dispersos
464 2183 588 2268 adorti,
603 2209 759 2279 magnum
773 2207 889 2253 eorum
904 2207 1077 2254 numerum
1092 2184 1216 2254 interfi-

185 2305 299 2376 ciunt:
314 2303 408 2376 multi
422 2306 589 2399 perterriti
605 2303 811 2400 profugiunt.
828 2306 907 2394 Quo
924 2303 1029 2392 facto,
1043 2304 1085 2373 ad
1100 2305 1217 2376 Curio·

186 2447 261 2494 nem
275 2425 400 2518 equites
414 2438 643 2511 revertuntur,
658 2425 869 2518 captivosque
883 2422 926 2491 ad
943 2447 1019 2492 eum
1039 2423 1213 2494 reducunt.

232 2545 388 2614 XXXIX.
414 2532 527 2614 Curio·
541 2570 618 2613 cum
648 2544 801 2613 omnibus
829 2545 930 2637 copiis
959 2559 1077 2637 quarta
1103 2544 1215 2639 vigilia

186 2665 327 2752 exierat,
343 2665 534 2733 cohortibus
546 2689 569 2732 v
580 2663 695 2732 castris
706 2659 856 2755 pracsidio
867 2660 1000 2731 relictis.
1019 2665 1215 2757 Progressus

186 2783 289 2854 millia
303 2805 458 2876 passuum
472 2807 544 2866 sex,
557 2783 683 2874 equites
694 2781 861 2868 convenit,
874 2805 945 2849 rem
960 2795 1086 2876 gestam
1098 2805 1215 2874 cogno·
1326 2820 1331 2832 ·

186 2905 253 2990 vit;
265 2927 305 2974 ex
317 2901 456 2995 captivis
467 2901 601 2993 quaerit,
615 2899 688 2993 quis
702 2901 816 2969 castris
828 2900 870 2970 ad
882 2899 1066 2994 Bagradam
1081 2899 1216 2994 praesit?

187 3019 422 3116 Respondent„
448 3019 620 3089 Suburam.
646 3017 787 3112 Reliqua
814 3018 924 3090 studio
953 3020 1078 3090 itineris
1109 3015 1212 3088 confi·

173 3127 293 3210 'ciendi
303 3139 1213 3236 quererepraetermittit,proximaquerespioienssigna:

186 3260 400 3347 «Videtisne,
415 3261 538 3354 inquit,
559 3258 692 3346 milites,
712 3261 919 3353 captivorum
938 3259 1121 3330 orationem
1140 3283 1215 3330 cum

187 3379 333 3476 perfugis
353 3379 554 3462 convenire?
576 3380 688 3449 abesse
710 3403 835 3474 regern,
858 3381 991 3475 exiguas
1011 3405 1081 3450 esse
1104 3381 1214 3473 copias

185 3501 314 3591 missas,
328 3523 402 3595 qum
417 3501 530 3595 paucis
544 3501 707 3593 equitibus
725 3523 819 3592 pares
836 3523 906 3568 esse
923 3524 991 3570 non
1008 3499 1215 3593 potuerunt?

172 3619 329 3690 'Proinde
350 3621 392 3690 ad
414 3620 571 3713 praedam,
594 3619 636 3688 ad
660 3619 798 3714 gloriam
817 3635 1006 3713 properate,
1026 3633 1063 3688 ut
1083 3619 1152 3710 jam
1175 3615 1216 3686 de

186 3740 328 3832 premiis
344 3743 478 3828 vestris,
493 3755 527 3808 et
542 3737 583 3809 de
600 3739 771 3808 referenda
789 3739 894 3834 gratia
914 3739 1058 3832 cogitare
1077 3737 1216 3832 incipia-

185 3881 268 3926 mus.
286 3889 302 3925 s
317 3863 422 3930 Erant
438 3883 497 3952 per
510 3883 545 3928 se
557 3885 692 3954 magna,
706 3883 779 3954 quae
793 3871 960 3954 gesserant
973 3855 1117 3950 equites,
1132 3878 1215 3950 prae-

184 3976 297 4044 sertim
317 4001 420 4071 quum
439 4003 554 4047 eorum
579 3981 715 4072 exignus
736 4003 894 4047 numerus
913 4001 989 4046 cum
1013 3989 1103 4043 tanta
1130 3973 1215 4044 mul·

332 4119 367 4161 tt.
401 4107 404 4112 '
736 4113 740 4116 “
1049 4094 1072 4161 (i
