3038 4766
274 361 310 417 56
429 364 460 415 C.
481 362 578 415 JULII
598 361 764 416 CAESARIS
784 359 1150 416 COMMENTARIORUM

272 511 346 554 rum
365 484 407 554 ad
424 483 547 554 bellum
566 497 765 578 apparatus,
782 497 940 577 tantaque
956 481 1135 552 multitudo
1159 497 1304 552 tormen-

273 619 403 691 torum,
420 618 457 672 ut
477 627 593 674 eorum
615 605 682 670 vim
704 600 801 670 nullae
818 617 979 672 contextae
1000 601 1178 670 viminibus
1202 603 1305 670 vineae

272 723 434 793 sustinere
454 737 599 817 possent.
622 726 758 792 Asseres
777 723 865 790 enim
886 719 1008 816 pedum
1024 745 1093 808 ιιι,
1117 719 1305 814 cuspidibus

271 843 412 937 praefixi,
431 857 529 936 atque
547 841 582 910 hi
596 842 746 910 maximis
766 837 903 910 ballistis
924 840 1028 927 missi,
1050 863 1108 932 per
1122 863 1157 908 rv
1173 837 1304 907 ordines

188 975 190 982 ⁴
272 964 413 1032 cratium
429 962 464 1029 in
492 975 581 1030 terra
598 959 836 1056 deligebantur.
866 962 996 1052 Itaque,
1016 955 1187 1051 pedalibus
1210 957 1304 1052 lignis

272 1083 458 1176 conjunctis
488 1083 573 1149 inter
597 1105 646 1165 se,
677 1081 825 1173 porticus
848 1079 1095 1173 integebautur3
1120 1092 1220 1172 atque
1242 1078 1304 1147 hac

273 1225 373 1295 agger
389 1202 475 1268 iuter
492 1224 610 1268 manus
628 1197 865 1292 proferebatur.
878 1195 1099 1267 Antecedebat
1107 1198 1236 1267 testudo
1249 1221 1305 1292 pe-

272 1319 353 1386 dum
368 1343 426 1406 nx,
451 1317 603 1411 aequandi
624 1316 689 1386 loci
712 1342 830 1403 causa,
845 1308 932 1384 facta
957 1318 1037 1385 item
1059 1341 1100 1385 ex
1119 1317 1304 1385 fortissimis

273 1437 390 1532 liguis,
414 1436 562 1508 involuta
581 1438 735 1506 omnibus
762 1437 885 1524 rebus,
906 1435 1026 1528 quibus
1045 1438 1129 1531 ignis
1144 1437 1252 1527 jactus
1271 1453 1305 1505 et

272 1555 396 1650 lapides
408 1555 537 1626 defendi
554 1571 698 1650 possent.
717 1555 782 1626 Sed
793 1555 985 1650 magnitudo
1001 1580 1153 1650 operum,
1164 1552 1304 1624 altitudo

273 1677 359 1745 muri
384 1690 484 1770 atque
509 1679 668 1762 turrium,
703 1675 883 1743 multitudo
911 1690 1150 1744 tormentorum
1172 1699 1302 1744 omnem

272 1795 590 1866 administrationem
626 1795 786 1863 tardabat.
822 1799 906 1863 Tum
937 1795 1059 1866 crebrae
1085 1819 1144 1889 per
1174 1793 1304 1864 Albicos

272 1917 460 2008 eruptiones
475 1914 594 1983 fiebant
613 1939 652 1982 ex
667 1913 806 2008 oppido,
817 1889 973 2009 ignesquii
989 1915 1099 2008 aggeri
1114 1929 1148 1982 et
1158 1913 1303 1993 turribus

273 2032 514 2118 inferebantur,
534 2058 607 2126 quae
624 2033 720 2100 facile
740 2036 844 2102 nostri
865 2033 1065 2126 repellebant
1083 2033 1217 2123 milites,
1236 2059 1306 2103 ma·

273 2152 414 2245 gnisque
435 2151 524 2221 ultro
550 2150 649 2221 illatis
670 2151 895 2236 detrimentis,
915 2178 988 2240 eos,
1015 2156 1072 2246 qui
1096 2154 1302 2246 eruptionem

273 2269 437 2358 fecerant,
452 2272 612 2366 oppidum
631 2272 830 2365 rejiciebant.

321 2391 380 2458 111.
399 2393 535 2460 Interim
552 2397 590 2462 L.
608 2391 781 2481 Nasidius,
799 2393 841 2460 ab
855 2397 916 2463 Cn.
938 2394 1095 2488 Pompeio
1112 2417 1188 2463 cum
1204 2390 1305 2462 classe

274 2511 408 2578 navium
424 2536 504 2599 m,
525 2513 696 2605 inquibus
714 2537 825 2605 paucae
842 2528 937 2581 erant
954 2527 1077 2598 aeratae,
1096 2517 1135 2582 L.
1157 2513 1305 2584 Domitio

274 2630 600 2725 Massiliensibusque
617 2631 765 2702 subsidio
780 2635 914 2722 missus,
927 2632 1011 2702 freto
1024 2630 1159 2720 Siciliae,
1175 2634 1303 2727 impru-

273 2747 371 2820 dente
387 2767 486 2846 atque
505 2754 702 2847 inopinante
723 2756 887 2839 Curione,
910 2755 1123 2847 pervehitur:
1146 2751 1305 2847 appulsis·

274 2893 338 2961 que
355 2873 541 2940 Messanam
558 2872 717 2957 navibus,
737 2887 836 2964 atque
850 2873 927 2942 inde
942 2888 1078 2967 propter
1097 2875 1303 2967 repentinum

275 3000 434 3058 terrorem
452 2991 639 3089 principum
658 3016 697 3059 ac
715 3007 846 3061 senatus
862 2993 940 3087 fuga
955 2993 1056 3080 facta,
1077 3018 1117 3061 ex
1134 2990 1303 3061 navalibus

275 3131 391 3173 eorum
408 3132 508 3176 unam
535 3109 676 3179 deducit.
700 3115 769 3178 Hac
789 3111 945 3204 adjuncta
963 3112 1006 3181 ad
1025 3112 1167 3206 reliquas
1194 3136 1304 3195 naves,

276 3248 410 3292 cursum
427 3226 605 3297 Massiliam
621 3254 731 3298 versus
746 3232 877 3324 perficit
891 3259 899 3301 ε
912 3236 1143 3328 praemissaque
1153 3231 1238 3300 clam
1253 3256 1307 3300 na·

275 3342 399 3431 vicula,
423 3346 607 3415 Domitium
624 3349 911 3446 Massiliensesque
930 3352 971 3422 de
989 3378 1048 3421 suo
1073 3351 1215 3419 adventu
1234 3374 1305 3417 cer·

275 3464 375 3532 tiores
394 3463 487 3550 facit,
504 3490 625 3560 eosque
642 3492 843 3565 magnopere
860 3473 1027 3559 hortatur,
1046 3486 1083 3540 ut
1099 3492 1213 3537 rursus
1228 3491 1304 3535 cum

278 3585 371 3652 Bruti
393 3583 511 3674 classe,
530 3585 648 3656 additis
669 3591 736 3657 suis
752 3590 899 3678 auxiliis,
923 3591 1110 3684 confligant.

323 3706 379 3771 1v.
402 3705 720 3802 Massilienses,post
737 3713 887 3803 superius
904 3708 1168 3797 incommodum,
1181 3723 1306 3778 veteres

276 3817 316 3885 ad
336 3825 486 3891 eumdem
508 3851 682 3900 numerum
697 3853 735 3898 ex
756 3828 925 3899 navalibus
942 3828 1119 3922 productas
1136 3853 1235 3898 naves
1252 3853 1306 3897 re·

275 3939 436 4026 fecerant,
446 3967 640 4038 summaque
656 3947 814 4017 industria
828 3965 1036 4018 armaverant
1049 3949 1226 4044 (remigum
1249 3973 1307 4045 gu·
