3068 4772
300 383 354 441 rus
456 385 487 440 o.
508 345 1172 440 Jun11fflsn1smunnnranioanm

296 508 355 576 secl
369 510 487 596 Cesar,
510 507 673 602 dispositis
692 509 837 602 pervias
858 507 1065 592 cohortibus,
1082 509 1241 602 impetum
1258 509 1328 601 ejus

297 627 460 696 sustinuit.
479 626 605 697 Eodem
626 640 772 719 ternpore
792 640 975 721 pugnatum
995 625 1102 694 estad
1122 641 1270 719 portum;
1289 653 1328 696 ac

297 745 395 840 longe
425 747 601 814 maximam
626 767 665 814 oa
700 767 750 814 res
785 743 897 813 attulit
931 743 1185 814 dimicationem.
1221 745 1326 816 Simul

241 889 243 892 ·
297 867 403 952 enim,
437 863 579 934 diductis
614 864 733 960 copiis,
759 862 909 958 pluribus
940 865 1001 932 viis
1031 863 1261 957 pugnabatur,
1293 877 1327 934 et
1382 887 1390 892 ·

297 1007 417 1078 magna
442 982 654 1053 multitudine
671 1005 768 1052 naves
794 982 906 1078 longas
923 1005 1084 1076 occupare
1103 981 1211 1051 hostes
1230 1007 1327 1052 cona·

298 1103 435 1188 bantur,
461 1124 603 1196 quarum
630 1113 724 1170 erant
745 1103 982 1196 quinquaginta
1008 1098 1131 1170 auxilio
1155 1101 1260 1172 missae
1284 1102 1326 1171 ad

187 1315 189 1318 Ι
298 1223 509 1316 Pompeium,
526 1222 708 1316 proelioque
723 1222 757 1290 in
772 1221 937 1290 Thessalia
953 1220 1054 1308 facto,
1074 1219 1209 1290 domurn
1228 1221 1328 1291 redie-

298 1355 382 1409 rant
395 1339 462 1408 lllae
480 1342 627 1410 triremes
647 1337 761 1410 omnes
787 1355 820 1411 et
838 1341 1091 1434 quinqueremes
1111 1354 1222 1426 erant,
1242 1357 1327 1436 aptae

299 1460 529 1552 instructaeque
538 1461 690 1529 omnibus
706 1461 804 1529 rebus
816 1461 859 1529 ad
868 1458 1102 1554 navigandum.
1116 1462 1237 1529 Praeter
1251 1461 1326 1545 has,

177 1621 179 1625 v
297 1577 420 1648 duest
435 1579 571 1672 viginti,
589 1603 662 1673 quae
674 1577 817 1672 presidii
833 1601 929 1647 causa
945 1577 1149 1648 alexandris
1166 1603 1235 1648 esse
1251 1605 1327 1650 con·

296 1711 495 1786 sueverant,
523 1710 695 1766 constratae
717 1719 861 1766 omnes:
890 1719 972 1789 quas
1005 1698 1032 1764 si
1060 1697 1326 1790 occupavissent,

297 1815 398 1886 classe
415 1817 535 1888 Caesari
552 1831 684 1910 erepta,
701 1831 834 1911 portum
851 1839 889 1884 ac
910 1839 998 1884 mare
1015 1829 1119 1884 totum
1141 1817 1175 1884 in
1189 1839 1248 1885 sua
1263 1841 1325 1910 po·
1347 1805 1350 1812 ⁴

298 1948 411 2004 testate
428 1933 604 2019 baberent,
621 1949 804 2004 commeatu
823 1933 1017 2027 auxiliisque
1033 1925 1196 2004 Caesarem
1215 1935 1327 2028 probi·

298 2053 426 2122 herent.
445 2056 560 2146 ltaque
580 2046 670 2122 tanta
694 2067 745 2121 est
765 2055 975 2122 contentione
991 2065 1115 2141 actum,
1135 2067 1255 2146 quanta
1272 2056 1325 2147 agi

297 2171 426 2259 debuit,
437 2195 539 2264 quum
558 2170 605 2239 illi
621 2170 760 2240 celerem
778 2173 812 2239 in
828 2195 864 2238 ea
879 2195 915 2240 re
931 2172 1117 2260 victoriam,
1132 2170 1166 2239 bi
1186 2172 1324 2241 salutem

296 2313 387 2358 suam
406 2291 582 2358 consistere
599 2289 758 2360 viderent.
781 2289 845 2359 Sed
862 2297 930 2358 rem
951 2290 1095 2359 obtinuit
1113 2292 1238 2380 Casar3
1256 2317 1326 2360 om·

268 2388 270 2396 Ι
296 2432 418 2502 nosque
436 2433 490 2478 eas
507 2433 621 2498 naves,
646 2423 678 2478 et
694 2408 851 2503 reliquas,
874 2433 947 2503 quae
968 2424 1064 2478 erant
1083 2411 1119 2478 in
1137 2408 1325 2498 navalibus,

295 2528 456 2618 incendit,
469 2530 560 2623 quod
575 2545 641 2598 tam
663 2528 726 2598 late
737 2531 821 2598 tueri
843 2545 909 2598 tam
933 2553 1031 2623 parva
1058 2555 1157 2598 manu
1176 2556 1242 2600 non
1266 2555 1326 2626 po-

296 2663 396 2736 terat;
410 2649 647 2742 confestimque
660 2649 702 2716 ad
720 2650 864 2717 Pharum
879 2644 1016 2718 navibus
1033 2648 1150 2718 milites
1162 2653 1323 2745 exposuit.

343 2770 447 2838 CXII.
464 2769 591 2840 Pharus
607 2782 656 2837 est
674 2773 706 2836 in
727 2767 835 2838 insula
851 2770 970 2856 turris,
991 2792 1109 2862 magna
1134 2767 1325 2856 altitudine,

297 2887 440 2958 mirificis
464 2890 618 2984 operibus
643 2903 823 2976 exstructa,
843 2911 915 2981 quae
940 2911 1060 2956 nomen
1084 2888 1126 2956 ab
1146 2887 1250 2957 insula
1273 2913 1327 2956 ac-

294 3009 392 3100 cepit.
414 3011 491 3075 llaec
514 3005 635 3094 insula,
652 3007 782 3100 objecta
801 3006 1022 3096 Alexandriae,
1041 3023 1174 3100 portum
1197 3007 1296 3077 efficit
1316 3035 1325 3078 ε

296 3126 352 3194 scd
382 3127 649 3219 asaperioribus
677 3126 808 3220 regibus
841 3128 874 3194 in
896 3125 1135 3220 longitudinem
1168 3151 1324 3221 passuum

297 3246 456 3315 necocia
475 3269 571 3314 mare
584 3245 681 3337 jactis
701 3244 859 3332 molibus,
881 3261 1022 3339 angusto
1039 3246 1155 3315 itinere
1173 3262 1205 3315 et
1223 3259 1326 3341 ponte

296 3388 371 3432 cunr
391 3363 515 3457 oppido
532 3365 755 3459 conjungitur.
774 3369 813 3434 In
839 3365 901 3436 hac
922 3379 999 3434 sunt
1028 3363 1134 3433 insula
1161 3363 1328 3434 domicilia

297 3485 542 3579 AEgyptiorum,
566 3499 599 3552 et
626 3486 733 3572 nous,
762 3485 875 3578 oppidi
903 3463 1128 3577 magnitudine
1153 3507 1161 3548 ε
1188 3505 1327 3575 quaeque

298 3605 420 3697 ubique
439 3627 537 3674 naves
555 3604 775 3698 imprudentia
791 3618 849 3672 aut
867 3617 1058 3696 tempestate
1072 3599 1243 3694 paululum
1265 3626 1326 3674 suo

297 3749 395 3793 cursu
410 3722 620 3812 debusserint,
637 3726 695 3793 has
714 3747 805 3796 more
820 3721 1013 3816 predonum
1031 3721 1173 3815 diripere
1192 3746 1327 3793 consue·

299 3858 427 3912 vmunt.
444 3845 489 3911 Iis
505 3859 614 3912 autem
635 3843 762 3925 invitis,
777 3837 796 3908 a
812 3840 932 3932 quibus
947 3840 1074 3910 Pharus
1092 3855 1239 3927 tenetur,
1257 3867 1325 3912 non

298 3979 406 4058 potest
422 3987 506 4050 esse,
522 3979 657 4059 propter
668 3964 851 4057 angustias,
867 3964 1005 4033 navibus
1028 3964 1182 4034 introitus
1198 3966 1232 4034 in
1249 3989 1326 4058 por-
