3026 4768
235 399 270 452 70
391 383 421 437 c.
444 383 540 440 sunu
561 384 724 441 manns
745 385 1110 441 connnnranroamr

233 531 316 601 quos
336 503 449 575 auxilii
467 531 566 578 causa
583 533 696 580 secum
711 509 862 579 habebat.
881 514 967 581 Huic
984 515 1113 608 magnis
1132 518 1273 608 praemiis

232 626 595 721 pollicitationibusque
614 628 811 723 persuadet,
835 632 882 700 uti
907 631 949 700 ad
979 633 1089 702 hostes
1112 649 1274 717 transeat;

233 765 285 827 et,
301 749 383 842 quid
399 748 470 820 fieri
487 749 585 836 velit,
599 750 724 820 edocet.
742 751 834 840 Qui,¹
851 751 909 820 ubi
925 777 987 847 pro
1006 753 1146 848 perfuga
1163 754 1205 822 ad
1218 779 1274 823 eos

233 873 337 952 venit,
356 873 508 941 timorem
525 876 755 941 Romanorum
771 874 930 966 proponit
949 897 957 940 τ
975 873 1096 965 quibus
1115 877 1276 968 angustiis

234 995 303 1086 ipse
325 995 436 1063 Caesar
453 1019 470 1061 a
490 993 628 1062 Venetis
651 1005 837 1087 prematur,
860 991 977 1072 docet;
1005 1016 1113 1086 neque
1142 990 1275 1087 longius

233 1113 360 1198 abesse,
376 1115 456 1206 quin
471 1115 622 1207 proxima
638 1129 736 1184 nocte
749 1113 891 1183 Sabinus
903 1109 989 1181 clam
1004 1137 1044 1182 ex
1056 1113 1172 1182 castris
1185 1139 1276 1182 exer·

233 1235 337 1302 citum
355 1234 489 1322 educat,
503 1249 537 1304 et
557 1234 600 1303 ad
614 1237 776 1304 Caesarem
792 1231 906 1302 auxilii
920 1233 1046 1302 ferendi
1062 1256 1160 1302 causa
1173 1233 1276 1326 proli·

234 1355 388 1425 niscatur.
407 1354 511 1444 Quod
529 1355 586 1424 ubi
602 1354 754 1424 auditum
770 1369 835 1434 est,
848 1350 1059 1422 conclamant
1074 1377 1205 1440 omnes,
1220 1377 1276 1421 oc·

233 1477 400 1545 sasionem
418 1475 544 1570 negotii
561 1475 645 1543 bene
661 1473 796 1568 gerendi
813 1472 1027 1542 amittendam
1044 1497 1112 1541 non
1129 1497 1217 1558 csse,
1235 1473 1276 1540 ad

233 1611 340 1666 castra
360 1597 401 1665 iri
422 1611 585 1690 oportere.
607 1594 723 1677 Multae
745 1619 798 1664 res
817 1594 859 1662 ad
880 1592 944 1667 hoc
963 1591 1140 1663 eonsilium
1161 1591 1277 1662 Gallos

233 1717 453 1813 hortabantur
473 1741 481 1784 :
499 1717 711 1808 superiorum
729 1714 858 1784 dierum
872 1713 986 1782 Sabini
1006 1716 1188 1794 cunctatim
1204 1737 1279 1807 per·

235 1837 319 1932 lirgae
335 1835 560 1916 ronlirmati03
574 1836 687 1928 inopia
702 1834 920 1921 cibariorum,
934 1835 989 1902 cui
1004 1836 1052 1912 rei
1070 1859 1186 1928 parurn
1203 1834 1276 1904 dili·

235 1970 352 2050 genter
367 1957 409 2024 ab
425 1957 464 2024 iis
480 1969 551 2023 erat
565 1955 756 2047 provisum3
772 1965 845 2048 spes
856 1956 1009 2024 Venetici
1025 1953 1120 2038 belli,
1138 1970 1171 2023 et
1188 1957 1278 2048 quod

237 2075 305 2142 fere
323 2073 466 2142 libenter
482 2073 635 2142 homiues
651 2072 701 2159 id,
718 2072 808 2165 quod
827 2072 959 2158 volunt,
976 2073 1128 2142 credunt.
1150 2077 1210 2142 His
1226 2101 1278 2142 re·

234 2194 296 2262 bus
308 2191 460 2276 adducti,
472 2217 540 2262 non
557 2194 650 2287 prius
661 2193 886 2263 Viridovicem
899 2191 1110 2284 reliquosque
1124 2191 1224 2260 duces
1238 2218 1277 2260 cx

235 2309 373 2410 cqnsilio
389 2311 581 2401 dimittunt,
597 2334 698 2407 quam
714 2313 754 2380 ab
770 2313 822 2382 his
838 2287 881 2381 sit
898 2335 1109 2398 concessum,
1123 2305 1215 2379 arma
1229 2313 1277 2380 uti

235 2433 387 2527 capiant,
404 2432 496 2501 etad
512 2447 619 2502 eastra
634 2431 847 2501 contendant.
865 2433 942 2521 Qua
959 2455 994 2499 re
1010 2455 1178 2516 concessa,
1196 2429 1277 2505 laeti.

236 2568 271 2624 ut
299 2551 470 2648 explorata
497 2553 655 2623 victoria.
678 2552 852 2621 sumrentis
874 2548 1095 2645 virgultisque
1115 2547 1277 2631 collectis,

235 2675 355 2766 quibus
367 2673 470 2743 fusam
483 2675 711 2743 Romanorum
725 2669 930 2765 compleant,
943 2671 985 2739 ad
1001 2685 1108 2740 castra
1122 2687 1276 2766 pergunt.

283 2797 374 2861 xlx.
404 2795 514 2863 [ocus
540 2807 612 2866 erat
641 2806 825 2861 castrorum
850 2791 975 2882 editus,
1000 2806 1032 2860 et
1056 2791 1217 2885 paulatim
1236 2794 1278 2860 ab

237 2915 304 2980 imo
315 2912 450 2983 acclivis
461 2967 470 3002 ,
481 2915 613 2984 circiter
628 2903 740 3007 passus
753 2911 854 2982 mille.
868 2915 943 2981 Huc
953 2937 1076 3007 magno
1088 2937 1186 2982 cursu
1203 2938 1279 2982 con·

238 3032 435 3108 tenderunt.
455 3049 612 3128 utquam
635 3035 810 3104 minimum
836 3035 933 3126 spatii
954 3033 998 3102 ad
1021 3057 1056 3101 se
1077 3033 1281 3129 colligendos

236 3151 481 3246 armandosque
500 3129 660 3223 Romanis
683 3153 833 3239 daretur,
855 3153 1098 3246 exanimatique
1119 3167 1278 3247 pervene-

238 3286 326 3344 runt.
343 3273 506 3360 Sabinus,
526 3298 603 3343 suos
627 3274 794 3361 hortatus,
816 3274 1026 3368 cupientibus
1054 3275 1186 3368 signum
1211 3275 1277 3344 dat.

237 3392 407 3486 Impeditis
424 3392 575 3462 hostibus
592 3408 730 3487 propter
745 3419 804 3482 ea,
818 3418 891 3488 quae
908 3391 1074 3480 ferebant,
1091 3419 1210 3475 onera,
1227 3419 1278 3463 su-

237 3512 308 3580 bito
334 3511 461 3581 duabus
483 3514 587 3604 portis
612 3515 820 3608 eruptionem
842 3516 914 3584 lieri
937 3517 1042 3609 jubet.
1071 3521 1208 3586 Factum
1231 3531 1279 3584 est

237 3632 486 3727 opportunitate
504 3629 583 3714 loci,
604 3633 751 3702 hostium
770 3636 943 3703 inscientia
966 3659 1004 3703 ac
1025 3634 1279 3726 defatigatione,

238 3753 361 3821 virtute
372 3750 532 3835 militum,
549 3755 757 3846 superiorum
773 3778 958 3848 pugnarum
974 3756 1229 3832 exercitatione,
1242 3768 1279 3822 ut

238 3897 278 3940 ne
295 3895 403 3940 unum
417 3870 552 3963 ᾳωάοω
568 3887 758 3944 nostrorum
776 3875 937 3968 impetum
955 3873 1095 3960 ferrent,
1112 3875 1278 3943 aestatim

238 4005 329 4083 terga
347 4004 523 4060 verterent.
547 3994 642 4078 Quos
663 3995 838 4088 impeditos
858 3995 994 4089 integris
1012 3995 1138 4064 viribus
1157 3994 1278 4066 milites
