3088 4766
287 359 323 396 nc
444 340 473 395 C.
493 340 588 395 IULII
608 337 772 394 CAESARIS
793 337 1154 406 connumeratorum

287 465 384 534 rebus
403 479 477 532 orat
495 487 534 532 ac
552 461 717 556 postulat,
740 459 980 555 rempublicam
998 464 1194 555 suscipiant,
1212 481 1311 559 atque

286 608 353 652 una
371 607 481 652 secum
507 582 745 651 administrent.
767 579 824 648 Sin
842 581 960 648 timore
980 579 1169 674 defugiant,
1194 581 1259 652 illis
1278 609 1312 653 se

287 704 379 772 oneri
395 727 461 771 non
480 701 647 788 futurum,
664 715 698 768 et
720 724 780 794 per
798 723 833 768 se
849 696 1085 793 rempublicam
1104 699 1311 771 administra-

225 842 226 845 ’
287 836 409 891 turum.
437 823 580 914 Legatos
607 818 650 888 ad
677 819 868 912 Pompeium
897 817 938 886 de
965 820 1202 912 compositione
1224 823 1311 890 mitti

285 955 459 1034 oportere:
486 965 593 1033 neque
611 964 645 1008 se
662 936 895 1024 reformidare,
913 936 1003 1029 quod
1022 939 1057 1005 in
1075 953 1190 1008 senatu
1211 938 1313 1034 paulo

286 1073 362 1128 ante
380 1061 557 1153 Pompeius
577 1058 728 1145 dixisset,
749 1056 791 1124 ad
808 1080 892 1149 quos
908 1055 1006 1150 legati
1025 1057 1246 1148 mitterentur,
1271 1060 1310 1129 iis

287 1179 516 1248 auctoritatem
544 1177 699 1262 attribui,
728 1176 946 1266 timoremque
965 1198 1098 1261 eorum,
1125 1178 1182 1268 qui
1202 1179 1311 1248 mitte·

282 1311 382 1380 rent,
400 1297 574 1390 significari
590 1295 716 1364 :tenuis
730 1307 828 1385 atque
841 1291 971 1372 infirmi
981 1293 1050 1362 haec
1067 1295 1168 1364 animi
1185 1295 1308 1365 videri:

285 1440 319 1482 se
338 1438 433 1501 vero,
459 1431 497 1483 ut
521 1414 675 1509 operibus
702 1413 827 1482 anteire
853 1410 1033 1500 studuerit,
1062 1414 1109 1482 sic
1130 1414 1258 1506 justitia
1277 1432 1312 1486 et

284 1534 435 1626 equitate
452 1532 533 1604 velle
550 1556 738 1626 superare.»

276 1709 280 1716 .
332 1655 490 1732 XXXIII.
520 1652 642 1720 Probat
666 1675 735 1718 rem
765 1664 896 1720 senatus
916 1650 956 1718 de
980 1650 1147 1720 mittendis
1174 1650 1307 1744 legatis;

285 1769 361 1857 sed,
385 1772 440 1862 qui
468 1771 683 1858 mitterentur,
714 1795 781 1838 uon
811 1770 1076 1862 reperiebantur,
1105 1771 1309 1863 maximeque

199 1871 200 1876 ἵ
286 1891 412 1958 timoris
427 1913 539 1976 causa,
557 1914 619 1981 pro
639 1914 673 1956 se
687 1890 824 1980 quisque
838 1888 872 1957 id
890 1913 1009 1958 munus
1029 1887 1200 1983 legationis
1216 1913 1308 1958 recu·

283 2007 387 2076 sabat.
403 2009 577 2100 Pompeius
590 2009 677 2075 enirn
691 2005 861 2076 discedens
874 2009 914 2076 ab
928 2007 1019 2076 Urbe
1033 2009 1067 2078 in
1084 2023 1199 2080 senatu
1217 2008 1308 2080 dixe·

285 2139 353 2210 rat,
367 2125 483 2194 eodem
494 2149 528 2194 se
540 2125 730 2199 habiturum
744 2122 836 2212 loco,
858 2127 915 2218 qui
929 2130 1043 2194 Roma
1061 2129 1310 2214 remansissent,

285 2258 318 2312 et
337 2245 448 2335 quiin
461 2245 574 2313 castris
595 2245 732 2314 Caesaris
749 2243 895 2312 fuissent
914 2244 968 2311 Sic
996 2243 1143 2312 triduum
1163 2244 1310 2339 disputa·

285 2362 429 2430 tionibus
448 2363 776 2454 excusationibusque
796 2361 987 2430 extrahitur.
1013 2361 1193 2455 Subjicitur
1210 2366 1308 2434 en'am

285 2486 323 2550 L.
343 2477 515 2569 Metellus,
532 2482 684 2550 tribunus
699 2479 822 2573 plebis,
838 2481 880 2548 ab
899 2480 1040 2548 inimicis
1068 2483 1225 2568 Casanis,
1252 2487 1310 2576 qui

283 2602 367 2670 banc
383 2626 451 2670 rem
471 2600 650 2692 distrahat,
670 2599 877 2692 reliquasque
894 2623 964 2686 res,
981 2624 1194 2694 quascunque
1213 2627 1309 2696 agere

285 2721 480 2805 instituerit,
513 2711 678 2814 impediat.
710 2719 814 2812 Cujus
845 2721 977 2812 cognito
1008 2719 1162 2808 oonsilio,
1189 2724 1307 2814 Cesar,

283 2831 402 2914 lwstra
421 2839 535 2916 diebus
558 2837 684 2929 aliquot
694 2839 917 2930 consumptis,
934 2863 976 2907 ne
993 2837 1156 2932 reliquum
1181 2855 1307 2932 tempus

284 2959 431 3040 omittat,
450 2957 579 3036 insectis
599 2957 653 3039 iis,
680 2979 751 3047 quas
769 2979 866 3050 agere
887 2955 1126 3043 destinaverat,
1152 2954 1196 3026 ab
1213 2958 1305 3028 Urbe.

284 3076 518 3169 proficiscitur,
535 3089 632 3168 atque
652 3077 687 3144 in
706 3073 896 3145 ulteriorem
912 3075 1054 3146 Galliam
1069 3079 1228 3170 pervenit.

331 3197 487 3264 XXXIV.
507 3197 584 3282 Quo
601 3219 702 3287 quum
721 3195 879 3284 uenisset,
908 3197 1094 3290 cognoscit,
1122 3199 1256 3267 missum
1274 3199 1307 3264 in

285 3314 513 3406 Hispaniama
535 3314 691 3405 Pompeio
709 3312 892 3382 Vibullium
912 3314 1056 3398 Rufum,
1075 3339 1173 3406 quem
1193 3318 1307 3408 paucis

285 3431 400 3500 diebus
419 3445 494 3498 ante
512 3431 648 3503 Corfinii
669 3447 802 3525 captum
823 3433 892 3526 ipse
911 3431 1102 3500 dimiserat:
1123 3431 1307 3527 profectum

286 3551 364 3620 item
389 3550 574 3620 Domitium
589 3549 631 3618 ad
649 3548 876 3644 occupandam
896 3547 1073 3621 Massiliam
1091 3551 1229 3624 navibus
1254 3579 1307 3622 ae·

286 3671 399 3738 tuariis
418 3693 482 3754 vn,
500 3693 603 3760 quas,
621 3667 708 3759 Igilii
725 3683 758 3736 et
777 3669 811 3734 in
827 3671 958 3736 Cosano
974 3692 993 3736 a
1009 3670 1143 3761 privatis
1160 3683 1308 3757 coccus,

284 3790 402 3868 serris,
430 3786 571 3870 libertis,
600 3785 725 3854 colonia
751 3787 817 3854 suis
845 3783 1066 3879 compleverat
1089 3814 1099 3856 ε
1124 3789 1308 3880 praemissos

284 3911 382 3979 ctiam
401 3907 524 3999 legatos
541 3904 756 3974 massilienses
769 3903 922 3993 domum,
933 3905 1057 3976 nobiles
1070 3904 1308 3996 adnleseentes,
1326 3895 1329 3900 ⁵
