3042 4772
305 411 362 470 aot
484 405 515 460 C.
534 403 633 459 JULII
652 403 821 461 cAEsauls
839 403 1038 461 comitur.
1059 405 1169 461 LIBER

301 545 431 614 rentur,
445 531 521 623 jura
536 527 690 624 legesque
704 529 906 622 accipesent,
921 542 954 598 et
967 544 1178 600 externorum
1190 531 1334 602 hostiurn
1354 516 1363 522 ⁸

299 666 425 720 metum
442 650 654 744 deponerent
673 651 750 718 Haec
767 650 801 716 in
817 649 924 741 Syria,
942 647 1075 737 Cilicia,
1092 652 1166 719 Asia
1185 649 1335 722 celeriter

300 796 333 840 se
348 770 572 839 confecturum
591 769 761 864 sperabat,
778 767 867 861 quod
883 767 933 836 har
950 771 1126 862 provinciae
1141 769 1233 839 nullo
1247 770 1333 842 bello

300 889 543 983 premebantur.
563 891 601 956 In
621 889 774 980 Bithynia
793 911 831 956 ac
849 890 957 956 Ponto
976 887 1049 980 plus
1075 892 1184 960 oneris
1203 890 1335 961 videbat

299 1010 362 1078 sibi
379 1008 568 1104 impendere
588 1034 596 1075 ε
619 1030 685 1079 non
705 1009 792 1076 enim
811 1010 983 1077 excessisse
1001 1011 1109 1077 Ponto
1128 1009 1332 1082 Pharnacem

298 1129 447 1198 audierat
457 1180 465 1217 ,
476 1152 583 1222 neque
594 1151 801 1196 excessurum
816 1126 968 1220 putabat,
979 1153 1082 1220 quum
1092 1129 1237 1198 secundo
1247 1156 1332 1225 proe-

301 1249 344 1320 lio
363 1265 446 1319 esset
472 1247 681 1316 vehementer
708 1245 858 1332 inflatus,
888 1246 978 1338 quod
1004 1262 1120 1316 contra
1147 1251 1331 1321 Domitium

298 1368 472 1440 Calvinum
490 1369 622 1438 fecerat.
642 1369 874 1436 Commoratus
891 1365 957 1434 fere
973 1367 1007 1433 in
1024 1367 1177 1438 omnibus
1194 1371 1334 1440 civitati-

297 1489 380 1574 bus,
395 1513 468 1582 quae
481 1489 605 1581 majore
619 1499 698 1555 sunt
714 1483 892 1580 dignitate,
909 1485 1044 1578 praemia
1058 1485 1142 1556 bene
1158 1491 1282 1559 meritis
1298 1505 1332 1560 et

297 1610 442 1694 viritim,
456 1624 489 1678 et
503 1605 634 1703 publice
648 1606 763 1674 tribuit
779 1631 787 1674 ε
804 1604 845 1672 de
859 1607 1090 1675 controversiis
1103 1610 1267 1679 veteribus
1281 1635 1333 1680 co·

298 1731 426 1826 gnoseit
442 1754 480 1798 ac
495 1729 609 1798 statuit
628 1753 635 1794 :
651 1749 761 1819 reges,
778 1739 950 1818 tyrannos,
970 1724 1121 1818 dynastas
1139 1732 1330 1823 provincie,

298 1848 601 1943 finitimosque,qui
613 1869 728 1915 omnes
738 1844 779 1913 ad
790 1867 864 1912 eum
874 1861 1124 1933 concurrerant,
1134 1865 1286 1942 receptos
1296 1852 1331 1920 in

298 1970 415 2057 fidem,
426 1967 671 2039 conditionibus
680 1965 841 2059 impositis
850 1965 1029 2058 provinciae
1039 1966 1166 2035 tuendae
1175 1992 1213 2038 ac
1223 1968 1332 2050 defen·

297 2088 430 2172 denda,
452 2087 604 2170 dimittit,
622 2100 655 2154 et
670 2085 732 2153 sibi
748 2098 782 2152 et
799 2081 923 2178 populo
939 2107 1077 2153 romano
1091 2087 1312 2160 amicissimos.

344 2213 466 2282 LXVI.
477 2209 594 2278 Paucis
602 2207 717 2277 diebus
731 2207 765 2274 in
780 2230 817 2274 ea
832 2206 1000 2299 provincia
1013 2209 1229 2302 consumptis,
1239 2213 1329 2281 Sext.

297 2329 638 2417 casaromaniana
657 2343 690 2397 et
711 2326 929 2396 necessarium
948 2349 1061 2415 suum,
1079 2325 1261 2422 legionibus
1277 2334 1332 2425 Sy-

297 2454 418 2547 riaeque
436 2449 590 2546 praeficit3
609 2451 678 2543 ipse
697 2445 812 2517 eadem
829 2443 947 2534 classe,
966 2470 1032 2539 que
1051 2463 1203 2538 venerat,
1228 2450 1331 2544 profi.

297 2573 429 2642 ciscitur
450 2571 485 2640 in
513 2568 673 2639 Ciliciam.
705 2567 810 2660 Cujus
837 2566 1012 2659 provinciae
1037 2567 1184 2636 civitates
1217 2595 1331 2640 omnes

298 2707 413 2764 evocat
428 2694 586 2778 Tarsum,
602 2688 693 2782 quod
712 2687 872 2781 oppidum
890 2685 958 2755 fere
977 2688 1079 2755 totius
1095 2687 1219 2758 Cilicia
1236 2691 1330 2760 nobi·

299 2813 458 2882 lissimum
483 2810 764 2900 fortissimumque
787 2822 846 2875 est.
867 2806 933 2894 lbi,
958 2807 1054 2876 rebus
1081 2810 1234 2879 omnibus
1253 2834 1332 2904 pro·

299 2933 416 3002 vincire
433 2945 466 3000 et
485 2929 700 2999 finitimarum
719 2928 891 2995 civitatum
919 2927 1129 3014 constitutis,
1153 2927 1333 3021 cupiditate

299 3049 527 3146 proficiscendi
543 3049 585 3117 ad
602 3044 724 3116 bellum
741 3043 920 3140 gerendum
938 3068 1005 3112 non
1024 3043 1149 3116 diutius
1166 3063 1331 3136 moratum

298 3169 491 3264 magnisque
520 3168 693 3236 itineribus
722 3189 781 3259 per
808 3163 1051 3258 Cappadociam
1081 3166 1255 3256 confectis,
1285 3169 1335 3238 bi-

299 3290 403 3360 duum
423 3291 565 3357 Mazaooe
587 3300 828 3367 commoratus,
852 3285 943 3352 venit
967 3287 1131 3371 Comana,
1156 3289 1333 3356 vetustissi-

300 3435 391 3479 mum
410 3423 444 3478 et
463 3407 704 3476 sanctissimum
724 3405 758 3472 in
774 3401 984 3496 Cappadocia
1000 3401 1141 3474 Brllonae
1157 3403 1331 3499 templum,

300 3530 391 3627 quod
410 3543 502 3598 tanta
521 3525 679 3621 religione
698 3522 833 3608 colitur,
854 3536 892 3592 ut
914 3521 1065 3592 sacerdos
1084 3523 1151 3592 deae
1171 3523 1241 3616 ejus
1259 3549 1332 3594 ma·

298 3651 432 3744 jestate,
450 3646 605 3742 imperio,
624 3659 658 3713 et
675 3643 825 3737 potentia
844 3641 1006 3710 secundus
1024 3668 1044 3711 a
1061 3666 1153 3734 rege,
1171 3665 1333 3713 consensu

302 3771 407 3865 gentis
424 3767 528 3853 illius,
545 3767 717 3834 habeatur.
735 3761 774 3830 Id
789 3760 915 3830 homini
933 3759 1134 3830 nobilissimo
1152 3763 1334 3854 Lycomedi

301 3889 455 3983 Ritbynio
469 3883 686 3979 adjudicavit,
703 3882 760 3975 qui
780 3881 872 3976 regio
892 3879 1126 3975 Cappadocum
1144 3906 1264 3977 genere
1280 3909 1334 3952 or·

304 4025 370 4097 tus,
388 4021 524 4102 propter
538 4004 708 4073 adversam
721 4001 888 4072 fortunam
905 4001 1065 4093 majorum
1081 4026 1217 4073 suorum
1233 4019 1336 4074 muta·
