3014 4780
314 411 371 468 236
489 414 519 468 C.
538 413 636 468 Jllbll
658 415 822 470 CAEsnttls
841 415 1038 470 COMMENT.
1065 416 1175 472 LIBER

312 561 385 630 quae
403 536 444 606 ad
465 537 588 607 bellum
608 540 681 607 usui
706 537 813 608 solent
838 563 922 625 esse,
944 552 1222 633 comportaverat,
1242 539 1275 606 vi
1295 564 1362 608 ex-

312 657 510 751 pugnando,
528 673 578 728 est
595 663 728 752 potitus.

358 781 529 848 xxxvlt.
561 783 671 850 Caesar
698 794 871 875 postquam
904 779 1087 875 legionibus
1121 781 1283 848 veteranis
1310 806 1358 860 rr,

309 900 474 992 equitatu,
492 899 620 993 levique
638 917 822 983 armatura,
837 901 948 993 copias
964 923 1039 970 suas
1053 925 1093 968 er
1105 898 1249 968 secundo
1263 925 1358 969 corn·

310 1033 420 1088 meatu
431 1035 582 1106 auxerat,
595 1045 694 1089 naves
705 1046 741 1090 vt
756 1022 924 1088 onerarias
938 1022 1048 1089 statim
1059 1021 1153 1113 juhet
1167 1019 1352 1113 Lilybaeum

194 1167 198 1174 ·
309 1139 352 1208 atl
372 1138 536 1232 reliquum
557 1142 735 1210 exereitum
757 1138 1047 1236 transportandum
1067 1139 1229 1235 proficisci
1250 1165 1258 1206 ε
1280 1141 1354 1234 ipse

308 1281 343 1326 vr
360 1255 421 1326 cal.
444 1257 524 1326 febr.
545 1260 675 1328 circiter
695 1257 804 1353 vigilia
823 1262 929 1354 prima
949 1261 1106 1353 imperat,
1127 1258 1351 1353 speculatores

308 1377 576 1471 apparitoresque
594 1404 708 1449 omnes
725 1394 763 1448 ut
780 1381 841 1448 sibi
861 1394 978 1473 praesto
994 1395 1111 1450 essent.
1129 1383 1263 1472 Itaque,
1277 1403 1350 1448 om-

308 1495 406 1564 nibus
424 1497 533 1566 insciis
561 1523 667 1592 neque
697 1500 957 1594 suspicantibus,
989 1498 1102 1593 vigilia
1132 1501 1227 1568 tertia
1252 1501 1346 1594 jubet

307 1641 420 1685 omnes
442 1617 586 1714 legiones
602 1645 643 1688 ex
664 1621 778 1689 castris
801 1619 913 1707 educi,
936 1634 1033 1714 atque
1060 1644 1093 1688 se
1120 1622 1276 1714 consequi
1302 1619 1344 1690 ad

307 1736 467 1832 oppidum
487 1740 670 1832 Ruspinam
690 1764 820 1827 vorsus,
838 1742 872 1808 in
891 1764 958 1834 quo
981 1740 1050 1835 ipse
1073 1740 1261 1834 praesidium
1286 1742 1344 1810 ha·

306 1865 395 1942 buit.
415 1879 449 1934 et
467 1863 557 1958 quod
576 1867 719 1958 primum
740 1863 782 1933 ad
808 1865 984 1932 amicitiam
1004 1865 1074 1956 ejus
1093 1866 1238 1932 accessit.
1263 1864 1344 1932 lnde

306 1984 476 2078 parvulam
497 1984 737 2079 proclivitatem
757 1984 938 2078 digressus,
966 1985 1098 2052 sinistra
1119 1999 1211 2077 parte
1235 1987 1343 2076 campi

305 2119 440 2199 propter
463 2129 552 2173 mare
572 2105 716 2198 legiones
733 2103 833 2172 ducit.
855 2106 917 2172 Hic
941 2128 1076 2198 campus
1100 2105 1240 2175 mirabili
1270 2101 1343 2196 pla·

304 2224 386 2292 nitie
404 2237 496 2316 patet
514 2222 616 2291 millia
635 2247 790 2318 passuum
816 2247 874 2308 xv;
901 2249 997 2317 quem
1021 2225 1140 2318 J'ugum
1164 2224 1293 2319 ingens,
1324 2249 1343 2292 a

304 2345 387 2412 mari
406 2359 534 2432 ortum,
554 2368 662 2437 neque
688 2346 733 2412 ita
759 2343 948 2440 praealtum,
975 2343 1068 2413 velut
1096 2345 1215 2414 theatri
1243 2345 1344 2415 efficit

304 2465 456 2560 speciem.
476 2467 514 2533 In
534 2465 597 2534 hoc
611 2466 694 2560 jugo
713 2463 810 2534 colles
828 2480 907 2533 sunt
924 2463 1041 2534 excelsi
1057 2467 1154 2559 pauci
1177 2492 1184 2534 :
1205 2468 1237 2534 in
1266 2469 1343 2560 qui·

304 2585 366 2654 bus
388 2584 524 2680 singulae
543 2600 649 2654 turres
666 2584 871 2680 speculaeque
890 2585 1026 2679 singulae
1044 2601 1228 2681 perveteres
1245 2603 1342 2656 eraut

303 2704 497 2776 collocata:
524 2731 666 2800 quarum
686 2705 775 2799 apud
799 2703 950 2776 ultimam
973 2707 1161 2802 presidium
1185 2721 1219 2776 et
1242 2710 1341 2777 statio

303 2825 367 2895 fuit
384 2828 557 2921 Scipionis.

349 2950 541 3018 XXXVIII.
560 2951 738 3042 Postquam
755 2950 864 3018 Caesar
879 2950 921 3018 ad
937 2951 1068 3044 jugum,
1086 2948 1127 3019 de
1142 2976 1209 3045 quo
1226 2951 1341 3038 docui,

302 3065 465 3152 ascendit,
481 3082 580 3160 atque
608 3069 642 3135 in
670 3092 939 3162 unumquemque
958 3067 1074 3138 collem
1102 3085 1209 3141 turres
1229 3070 1343 3142 castel·

302 3185 399 3280 laque
417 3186 523 3256 lacere
538 3191 658 3281 caepit,
677 3203 775 3282 atque
791 3213 829 3257 ea
847 3191 957 3258 minus
975 3192 1138 3260 semihora
1163 3192 1289 3279 effecit3
1308 3207 1341 3262 et

302 3320 475 3400 postquam
493 3310 622 3377 nonita
647 3308 745 3404 longe
762 3309 804 3378 ab
832 3308 948 3378 ultimo
974 3309 1057 3379 colle
1082 3313 1230 3404 turrique
1253 3311 1340 3399 fuit,

302 3452 375 3520 quae
392 3429 542 3521 proxima
562 3428 624 3498 suit
643 3433 758 3499 castris
777 3429 1058 3518 adversariorum,
1088 3431 1121 3498 in
1147 3454 1211 3522 qua
1238 3427 1335 3497 docui

301 3572 371 3618 esse
406 3548 594 3644 praesidium
624 3552 866 3644 stationemque
894 3547 1141 3632 Numidarum,
1173 3544 1341 3642 paulisper

301 3685 541 3759 commoratus,
562 3687 797 3767 perspectaque
814 3683 933 3739 natura
950 3667 1034 3751 loci,
1054 3669 1204 3760 equitatu
1224 3668 1258 3736 in
1278 3683 1342 3739 sta·

301 3793 392 3861 tione
412 3793 586 3885 disposito,
607 3791 791 3887 legionibus
810 3813 893 3883 opus
912 3788 1082 3875 attribuit,
1101 3789 1341 3884 brachiumque

302 3911 411 3981 medio
424 3913 507 4007 jugo
525 3913 567 3984 ab
585 3938 625 3982 eo
645 3911 732 3998 loco,
754 3909 797 3978 ad
819 3935 916 4005 quem
939 3925 1151 4005 pervenerat,
1173 3935 1278 4006 usque
1298 3911 1340 3980 ad

302 4059 396 4122 eum,
416 4035 503 4104 unde
521 4059 671 4129 egressus
691 4047 777 4118 erat,
796 4033 890 4126 jubet
910 4031 1009 4128 dirigi
1027 4058 1066 4102 ac
1086 4035 1217 4103 muniri.
1240 4033 1340 4122 Quod
