<?xml version="1.0" encoding="UTF-8"?>
<!DOCTYPE html PUBLIC "-//W3C//DTD XHTML 1.0 Transitional//EN"
    "http://www.w3.org/TR/xhtml1/DTD/xhtml1-transitional.dtd">
<html xmlns="http://www.w3.org/1999/xhtml" xml:lang="en" lang="en">
 <head>
  <title>
</title>
<meta http-equiv="Content-Type" content="text/html;charset=utf-8" />
  <meta name='ocr-system' content='tesseract 3.04.00' />
  <meta name='ocr-capabilities' content='ocr_page ocr_carea ocr_par ocr_line ocrx_word'/>
</head>
<body>
  <div class='ocr_page' id='page_1' title='image "./cjcaesarisopera00caesgoog_0116.png"; bbox 0 0 3026 4768; ppageno 0'>
   <div class='ocr_carea' id='block_1_1' title="bbox 309 293 1180 413">
    <p class='ocr_par' dir='ltr' id='par_1_1' title="bbox 309 293 1180 413">
     <span class='ocr_line' id='line_1_1' title="bbox 309 293 1180 413; baseline 0.013 -24"><span class='ocrx_word' id='word_1_1' title='bbox 309 342 346 413; x_wconf 78' lang='lat'>91,</span> <span class='ocrx_word' id='word_1_2' title='bbox 463 338 493 392; x_wconf 84' lang='lat' dir='ltr'>u.</span> <span class='ocrx_word' id='word_1_3' title='bbox 518 339 614 394; x_wconf 76' lang='lat' dir='ltr'>tuan</span> <span class='ocrx_word' id='word_1_4' title='bbox 633 337 792 395; x_wconf 75' lang='lat' dir='ltr'>cassans</span> <span class='ocrx_word' id='word_1_5' title='bbox 816 293 1180 400; x_wconf 78' lang='lat' dir='ltr'>connnanrnnronulr</span> 
     </span>
    </p>
   </div>
   <div class='ocr_carea' id='block_1_2' title="bbox 308 457 1341 682">
    <p class='ocr_par' dir='ltr' id='par_1_2' title="bbox 308 457 1341 682">
     <span class='ocr_line' id='line_1_2' title="bbox 309 457 1341 558; baseline 0.008 -27"><span class='ocrx_word' id='word_1_6' title='bbox 309 487 387 532; x_wconf 90' lang='lat' dir='ltr'>nere</span> <span class='ocrx_word' id='word_1_7' title='bbox 401 476 527 558; x_wconf 86' lang='lat' dir='ltr'>posset,</span> <span class='ocrx_word' id='word_1_8' title='bbox 543 461 601 532; x_wconf 90' lang='lat' dir='ltr'>sed</span> <span class='ocrx_word' id='word_1_9' title='bbox 615 457 687 531; x_wconf 75' lang='lat' dir='ltr'>alias</span> <span class='ocrx_word' id='word_1_10' title='bbox 695 461 828 550; x_wconf 59' lang='lat' dir='ltr'>eodem</span> <span class='ocrx_word' id='word_1_11' title='bbox 845 461 933 531; x_wconf 90' lang='lat' dir='ltr'>unde</span> <span class='ocrx_word' id='word_1_12' title='bbox 944 477 1039 532; x_wconf 89' lang='lat' dir='ltr'>erant</span> <span class='ocrx_word' id='word_1_13' title='bbox 1056 466 1227 558; x_wconf 78' lang='lat' dir='ltr'>profecte,</span> <span class='ocrx_word' id='word_1_14' title='bbox 1241 469 1341 539; x_wconf 82' lang='lat' dir='ltr'>reler-</span> 
     </span>
     <span class='ocr_line' id='line_1_3' title="bbox 308 575 1341 682; baseline 0.006 -31"><span class='ocrx_word' id='word_1_15' title='bbox 308 596 439 669; x_wconf 83' lang='lat' dir='ltr'>rcntur3</span> <span class='ocrx_word' id='word_1_16' title='bbox 457 581 528 678; x_wconf 80' lang='lat' dir='ltr'>aliea</span> <span class='ocrx_word' id='word_1_17' title='bbox 544 581 587 651; x_wconf 87' lang='lat' dir='ltr'>ad</span> <span class='ocrx_word' id='word_1_18' title='bbox 604 581 793 651; x_wconf 83' lang='lat' dir='ltr'>inferiorern</span> <span class='ocrx_word' id='word_1_19' title='bbox 811 575 939 675; x_wconf 78' lang='lat' dir='ltr'>partem</span> <span class='ocrx_word' id='word_1_20' title='bbox 958 581 1091 672; x_wconf 80' lang='lat' dir='ltr'>insulae,</span> <span class='ocrx_word' id='word_1_21' title='bbox 1111 610 1184 678; x_wconf 84' lang='lat' dir='ltr'>quae</span> <span class='ocrx_word' id='word_1_22' title='bbox 1200 602 1249 656; x_wconf 86' lang='lat' dir='ltr'>est</span> <span class='ocrx_word' id='word_1_23' title='bbox 1265 613 1341 682; x_wconf 89' lang='lat' dir='ltr'>pro-</span> 
     </span>
    </p>
   </div>
   <div class='ocr_carea' id='block_1_3' title="bbox 219 698 1343 4027">
    <p class='ocr_par' dir='ltr' id='par_1_3' title="bbox 220 698 1341 1156">
     <span class='ocr_line' id='line_1_4' title="bbox 306 698 1339 798; baseline 0 -28"><span class='ocrx_word' id='word_1_24' title='bbox 306 703 381 795; x_wconf 91' lang='lat' dir='ltr'>pius</span> <span class='ocrx_word' id='word_1_25' title='bbox 390 698 467 772; x_wconf 90' lang='lat' dir='ltr'>solis</span> <span class='ocrx_word' id='word_1_26' title='bbox 478 726 648 784; x_wconf 84' lang='lat' dir='ltr'>occasum,</span> <span class='ocrx_word' id='word_1_27' title='bbox 661 725 782 796; x_wconf 88' lang='lat' dir='ltr'>magno</span> <span class='ocrx_word' id='word_1_28' title='bbox 793 701 843 768; x_wconf 85' lang='lat' dir='ltr'>sui</span> <span class='ocrx_word' id='word_1_29' title='bbox 854 724 930 769; x_wconf 88' lang='lat' dir='ltr'>oum</span> <span class='ocrx_word' id='word_1_30' title='bbox 940 701 1090 795; x_wconf 86' lang='lat' dir='ltr'>periculo</span> <span class='ocrx_word' id='word_1_31' title='bbox 1100 703 1317 798; x_wconf 81' lang='lat' dir='ltr'><strong>dejicerentur</strong></span> <span class='ocrx_word' id='word_1_32' title='bbox 1332 731 1339 770; x_wconf 90' lang='lat'>:</span> 
     </span>
     <span class='ocr_line' id='line_1_5' title="bbox 306 809 1339 918; baseline 0.003 -27"><span class='ocrx_word' id='word_1_33' title='bbox 306 847 380 916; x_wconf 81' lang='lat' dir='ltr'>quaa</span> <span class='ocrx_word' id='word_1_34' title='bbox 391 835 521 906; x_wconf 88' lang='lat' dir='ltr'>tamen,</span> <span class='ocrx_word' id='word_1_35' title='bbox 537 821 667 890; x_wconf 87' lang='lat' dir='ltr'>ancoris</span> <span class='ocrx_word' id='word_1_36' title='bbox 680 809 778 914; x_wconf 74' lang='lat' dir='ltr'>jactis</span> <span class='ocrx_word' id='word_1_37' title='bbox 790 844 894 914; x_wconf 87' lang='lat' dir='ltr'>quum</span> <span class='ocrx_word' id='word_1_38' title='bbox 908 820 1063 897; x_wconf 85' lang='lat' dir='ltr'>fluetibus</span> <span class='ocrx_word' id='word_1_39' title='bbox 1080 823 1339 918; x_wconf 82' lang='lat' dir='ltr'><strong>complerentur,</strong></span> 
     </span>
     <span class='ocr_line' id='line_1_6' title="bbox 220 939 1341 1033; baseline 0.002 -23"><span class='ocrx_word' id='word_1_40' title='bbox 220 985 221 988; x_wconf 60' lang='lat'><em>=</em></span> <span class='ocrx_word' id='word_1_41' title='bbox 307 941 488 1012; x_wconf 86' lang='lat' dir='ltr'>necessario</span> <span class='ocrx_word' id='word_1_42' title='bbox 504 940 640 1010; x_wconf 88' lang='lat' dir='ltr'>adversa</span> <span class='ocrx_word' id='word_1_43' title='bbox 656 955 753 1009; x_wconf 90' lang='lat' dir='ltr'>nocte</span> <span class='ocrx_word' id='word_1_44' title='bbox 769 942 803 1010; x_wconf 90' lang='lat' dir='ltr'>iu</span> <span class='ocrx_word' id='word_1_45' title='bbox 818 939 923 1010; x_wconf 85' lang='lat' dir='ltr'>altum</span> <span class='ocrx_word' id='word_1_46' title='bbox 943 955 1105 1033; x_wconf 73' lang='lat' dir='ltr'>provectae</span> <span class='ocrx_word' id='word_1_47' title='bbox 1118 947 1341 1016; x_wconf 87' lang='lat' dir='ltr'>coutinentem</span> 
     </span>
     <span class='ocr_line' id='line_1_7' title="bbox 307 1063 504 1156; baseline 0 -26"><span class='ocrx_word' id='word_1_48' title='bbox 307 1063 504 1156; x_wconf 86' lang='lat' dir='ltr'>petiverunt.</span> 
     </span>
    </p>

    <p class='ocr_par' dir='ltr' id='par_1_4' title="bbox 219 1173 1343 3070">
     <span class='ocr_line' id='line_1_8' title="bbox 353 1173 1338 1277; baseline -0.003 -27"><span class='ocrx_word' id='word_1_49' title='bbox 353 1183 477 1250; x_wconf 84' lang='lat' dir='ltr'>XXIX.</span> <span class='ocrx_word' id='word_1_50' title='bbox 495 1180 618 1251; x_wconf 86' lang='lat' dir='ltr'>Eadem</span> <span class='ocrx_word' id='word_1_51' title='bbox 634 1194 730 1250; x_wconf 89' lang='lat' dir='ltr'>nocte</span> <span class='ocrx_word' id='word_1_52' title='bbox 746 1173 881 1264; x_wconf 89' lang='lat' dir='ltr'>accidit,</span> <span class='ocrx_word' id='word_1_53' title='bbox 899 1194 937 1249; x_wconf 89' lang='lat' dir='ltr'>nt</span> <span class='ocrx_word' id='word_1_54' title='bbox 953 1195 1038 1248; x_wconf 85' lang='lat' dir='ltr'>esset</span> <span class='ocrx_word' id='word_1_55' title='bbox 1058 1179 1137 1250; x_wconf 86' lang='lat' dir='ltr'>luna</span> <span class='ocrx_word' id='word_1_56' title='bbox 1151 1180 1268 1276; x_wconf 88' lang='lat' dir='ltr'>plena,</span> <span class='ocrx_word' id='word_1_57' title='bbox 1284 1183 1338 1277; x_wconf 85' lang='lat' dir='ltr'>qui</span> 
     </span>
     <span class='ocr_line' id='line_1_9' title="bbox 307 1299 1343 1372; baseline 0.003 -4"><span class='ocrx_word' id='word_1_58' title='bbox 307 1301 376 1370; x_wconf 83' lang='lat' dir='ltr'>dies</span> <span class='ocrx_word' id='word_1_59' title='bbox 389 1301 571 1369; x_wconf 85' lang='lat' dir='ltr'>maritimos</span> <span class='ocrx_word' id='word_1_60' title='bbox 583 1315 680 1370; x_wconf 77' lang='lat' dir='ltr'>aestus</span> <span class='ocrx_word' id='word_1_61' title='bbox 694 1301 854 1368; x_wconf 83' lang='lat' dir='ltr'>maximos</span> <span class='ocrx_word' id='word_1_62' title='bbox 868 1301 902 1366; x_wconf 93' lang='lat' dir='ltr'>in</span> <span class='ocrx_word' id='word_1_63' title='bbox 916 1301 1050 1368; x_wconf 80' lang='lat' dir='ltr'>Oceano</span> <span class='ocrx_word' id='word_1_64' title='bbox 1064 1299 1195 1370; x_wconf 86' lang='lat' dir='ltr'>efficere</span> <span class='ocrx_word' id='word_1_65' title='bbox 1208 1327 1343 1372; x_wconf 89' lang='lat' dir='ltr'>consue·</span> 
     </span>
     <span class='ocr_line' id='line_1_10' title="bbox 307 1417 1343 1514; baseline 0.004 -28"><span class='ocrx_word' id='word_1_66' title='bbox 307 1420 355 1488; x_wconf 91' lang='lat' dir='ltr'>vit</span> <span class='ocrx_word' id='word_1_67' title='bbox 375 1445 383 1486; x_wconf 91' lang='lat'><strong>:</strong></span> <span class='ocrx_word' id='word_1_68' title='bbox 403 1419 588 1512; x_wconf 84' lang='lat' dir='ltr'>nostrisque</span> <span class='ocrx_word' id='word_1_69' title='bbox 612 1417 647 1487; x_wconf 90' lang='lat' dir='ltr'>id</span> <span class='ocrx_word' id='word_1_70' title='bbox 664 1432 735 1486; x_wconf 87' lang='lat' dir='ltr'>erat</span> <span class='ocrx_word' id='word_1_71' title='bbox 750 1418 965 1512; x_wconf 89' lang='lat' dir='ltr'>incognitum.</span> <span class='ocrx_word' id='word_1_72' title='bbox 985 1420 1035 1484; x_wconf 86' lang='lat' dir='ltr'>lta</span> <span class='ocrx_word' id='word_1_73' title='bbox 1055 1443 1123 1487; x_wconf 92' lang='lat' dir='ltr'>uno</span> <span class='ocrx_word' id='word_1_74' title='bbox 1141 1433 1290 1514; x_wconf 89' lang='lat' dir='ltr'>tempore</span> <span class='ocrx_word' id='word_1_75' title='bbox 1309 1437 1343 1490; x_wconf 88' lang='lat' dir='ltr'>et</span> 
     </span>
     <span class='ocr_line' id='line_1_11' title="bbox 306 1518 1338 1632; baseline 0.001 -28"><span class='ocrx_word' id='word_1_76' title='bbox 306 1536 422 1632; x_wconf 87' lang='lat' dir='ltr'>longas</span> <span class='ocrx_word' id='word_1_77' title='bbox 442 1518 557 1624; x_wconf 81' lang='lat' dir='ltr'>naves,</span> <span class='ocrx_word' id='word_1_78' title='bbox 576 1537 696 1630; x_wconf 90' lang='lat' dir='ltr'>quibus</span> <span class='ocrx_word' id='word_1_79' title='bbox 717 1540 827 1607; x_wconf 76' lang='lat' dir='ltr'>Cassan</span> <span class='ocrx_word' id='word_1_80' title='bbox 844 1538 1026 1605; x_wconf 84' lang='lat' dir='ltr'>exercitum</span> <span class='ocrx_word' id='word_1_81' title='bbox 1048 1539 1338 1632; x_wconf 86' lang='lat' dir='ltr'>transportandum</span> 
     </span>
     <span class='ocr_line' id='line_1_12' title="bbox 307 1653 1343 1749; baseline 0.002 -23"><span class='ocrx_word' id='word_1_82' title='bbox 307 1672 494 1744; x_wconf 81' lang='lat' dir='ltr'>curaverat,</span> <span class='ocrx_word' id='word_1_83' title='bbox 515 1680 662 1749; x_wconf 84' lang='lat' dir='ltr'>quasque</span> <span class='ocrx_word' id='word_1_84' title='bbox 684 1657 719 1724; x_wconf 90' lang='lat' dir='ltr'>in</span> <span class='ocrx_word' id='word_1_85' title='bbox 740 1653 870 1726; x_wconf 87' lang='lat' dir='ltr'>aridum</span> <span class='ocrx_word' id='word_1_86' title='bbox 899 1654 1112 1744; x_wconf 87' lang='lat' dir='ltr'>subduxerat,</span> <span class='ocrx_word' id='word_1_87' title='bbox 1135 1673 1233 1728; x_wconf 79' lang='lat' dir='ltr'>aestus</span> <span class='ocrx_word' id='word_1_88' title='bbox 1253 1684 1343 1728; x_wconf 88' lang='lat' dir='ltr'>eom-</span> 
     </span>
     <span class='ocr_line' id='line_1_13' title="bbox 306 1775 1341 1872; baseline 0.003 -27"><span class='ocrx_word' id='word_1_89' title='bbox 306 1775 433 1871; x_wconf 85' lang='lat' dir='ltr'>plebat;</span> <span class='ocrx_word' id='word_1_90' title='bbox 452 1791 485 1846; x_wconf 88' lang='lat' dir='ltr'>et</span> <span class='ocrx_word' id='word_1_91' title='bbox 511 1775 696 1861; x_wconf 79' lang='lat' dir='ltr'>onerarias,</span> <span class='ocrx_word' id='word_1_92' title='bbox 723 1799 796 1870; x_wconf 81' lang='lat' dir='ltr'>quer</span> <span class='ocrx_word' id='word_1_93' title='bbox 820 1775 861 1843; x_wconf 90' lang='lat' dir='ltr'>ad</span> <span class='ocrx_word' id='word_1_94' title='bbox 886 1799 1022 1844; x_wconf 79' lang='lat' dir='ltr'>ancoras</span> <span class='ocrx_word' id='word_1_95' title='bbox 1053 1793 1148 1846; x_wconf 88' lang='lat' dir='ltr'>erant</span> <span class='ocrx_word' id='word_1_96' title='bbox 1170 1775 1341 1872; x_wconf 78' lang='lat' dir='ltr'>deligatae,</span> 
     </span>
     <span class='ocr_line' id='line_1_14' title="bbox 307 1893 1340 1990; baseline 0 -24"><span class='ocrx_word' id='word_1_97' title='bbox 307 1912 480 1990; x_wconf 83' lang='lat' dir='ltr'>tempestas</span> <span class='ocrx_word' id='word_1_98' title='bbox 501 1895 693 1980; x_wconf 75' lang='lat' dir='ltr'>afflictabat3</span> <span class='ocrx_word' id='word_1_99' title='bbox 709 1919 816 1990; x_wconf 90' lang='lat' dir='ltr'>neque</span> <span class='ocrx_word' id='word_1_100' title='bbox 832 1893 900 1964; x_wconf 88' lang='lat' dir='ltr'>ulla</span> <span class='ocrx_word' id='word_1_101' title='bbox 917 1898 1040 1964; x_wconf 90' lang='lat' dir='ltr'>nostris</span> <span class='ocrx_word' id='word_1_102' title='bbox 1057 1895 1194 1966; x_wconf 82' lang='lat' dir='ltr'>facultas</span> <span class='ocrx_word' id='word_1_103' title='bbox 1207 1912 1265 1966; x_wconf 86' lang='lat' dir='ltr'>aut</span> <span class='ocrx_word' id='word_1_104' title='bbox 1283 1898 1340 1966; x_wconf 88' lang='lat' dir='ltr'>ad-</span> 
     </span>
     <span class='ocr_line' id='line_1_15' title="bbox 306 2013 1340 2108; baseline 0.002 -24"><span class='ocrx_word' id='word_1_105' title='bbox 306 2015 531 2102; x_wconf 87' lang='lat' dir='ltr'>ministrandi,</span> <span class='ocrx_word' id='word_1_106' title='bbox 551 2029 609 2087; x_wconf 88' lang='lat' dir='ltr'>aut</span> <span class='ocrx_word' id='word_1_107' title='bbox 625 2013 804 2084; x_wconf 78' lang='lat' dir='ltr'>auxiliandi</span> <span class='ocrx_word' id='word_1_108' title='bbox 823 2013 973 2084; x_wconf 86' lang='lat' dir='ltr'>dabatur.</span> <span class='ocrx_word' id='word_1_109' title='bbox 993 2014 1231 2108; x_wconf 87' lang='lat' dir='ltr'>Compluribus</span> <span class='ocrx_word' id='word_1_110' title='bbox 1245 2019 1340 2086; x_wconf 88' lang='lat' dir='ltr'>&#39;navi-</span> 
     </span>
     <span class='ocr_line' id='line_1_16' title="bbox 305 2134 1340 2230; baseline 0 -24"><span class='ocrx_word' id='word_1_111' title='bbox 305 2137 367 2208; x_wconf 88' lang='lat' dir='ltr'>bus</span> <span class='ocrx_word' id='word_1_112' title='bbox 388 2136 515 2223; x_wconf 84' lang='lat' dir='ltr'>fractis,</span> <span class='ocrx_word' id='word_1_113' title='bbox 534 2135 666 2230; x_wconf 83' lang='lat' dir='ltr'>reliquae</span> <span class='ocrx_word' id='word_1_114' title='bbox 680 2159 784 2230; x_wconf 89' lang='lat' dir='ltr'>quum</span> <span class='ocrx_word' id='word_1_115' title='bbox 802 2148 924 2223; x_wconf 89' lang='lat' dir='ltr'>essent,</span> <span class='ocrx_word' id='word_1_116' title='bbox 941 2134 1089 2221; x_wconf 80' lang='lat' dir='ltr'>fiinibus,</span> <span class='ocrx_word' id='word_1_117' title='bbox 1105 2139 1248 2224; x_wconf 88' lang='lat' dir='ltr'>ancoris,</span> <span class='ocrx_word' id='word_1_118' title='bbox 1266 2137 1340 2206; x_wconf 88' lang='lat' dir='ltr'>reli-</span> 
     </span>
     <span class='ocr_line' id='line_1_17' title="bbox 305 2253 1340 2351; baseline 0.001 -25"><span class='ocrx_word' id='word_1_119' title='bbox 305 2257 445 2351; x_wconf 86' lang='lat' dir='ltr'>quisque</span> <span class='ocrx_word' id='word_1_120' title='bbox 466 2255 680 2326; x_wconf 81' lang='lat' dir='ltr'>arsnamentis</span> <span class='ocrx_word' id='word_1_121' title='bbox 704 2255 850 2342; x_wconf 85' lang='lat' dir='ltr'>amissis,</span> <span class='ocrx_word' id='word_1_122' title='bbox 875 2253 917 2322; x_wconf 87' lang='lat' dir='ltr'>ad</span> <span class='ocrx_word' id='word_1_123' title='bbox 941 2253 1165 2345; x_wconf 81' lang='lat' dir='ltr'>navigandum</span> <span class='ocrx_word' id='word_1_124' title='bbox 1191 2257 1340 2345; x_wconf 88' lang='lat' dir='ltr'>inutiles,</span> 
     </span>
     <span class='ocr_line' id='line_1_18' title="bbox 219 2374 1340 2474; baseline 0 -28"><span class='ocrx_word' id='word_1_125' title='bbox 219 2431 221 2436; x_wconf 68' lang='lat'>,</span> <span class='ocrx_word' id='word_1_126' title='bbox 305 2403 441 2474; x_wconf 88' lang='lat' dir='ltr'>magna,</span> <span class='ocrx_word' id='word_1_127' title='bbox 462 2378 497 2447; x_wconf 90' lang='lat' dir='ltr'>id</span> <span class='ocrx_word' id='word_1_128' title='bbox 518 2376 608 2471; x_wconf 89' lang='lat' dir='ltr'>quod</span> <span class='ocrx_word' id='word_1_129' title='bbox 632 2399 762 2444; x_wconf 86' lang='lat' dir='ltr'>necesse</span> <span class='ocrx_word' id='word_1_130' title='bbox 782 2389 853 2446; x_wconf 88' lang='lat' dir='ltr'>crat</span> <span class='ocrx_word' id='word_1_131' title='bbox 874 2374 1038 2461; x_wconf 88' lang='lat' dir='ltr'>accidere,</span> <span class='ocrx_word' id='word_1_132' title='bbox 1059 2377 1159 2446; x_wconf 89' lang='lat' dir='ltr'>totius</span> <span class='ocrx_word' id='word_1_133' title='bbox 1178 2379 1340 2448; x_wconf 83' lang='lat' dir='ltr'>exercitus</span> 
     </span>
     <span class='ocr_line' id='line_1_19' title="bbox 306 2495 1339 2592; baseline -0.002 -24"><span class='ocrx_word' id='word_1_134' title='bbox 306 2499 513 2592; x_wconf 83' lang='lat' dir='ltr'>perturbatio</span> <span class='ocrx_word' id='word_1_135' title='bbox 538 2497 624 2566; x_wconf 86' lang='lat' dir='ltr'>lacta</span> <span class='ocrx_word' id='word_1_136' title='bbox 649 2510 698 2566; x_wconf 86' lang='lat' dir='ltr'>est</span> <span class='ocrx_word' id='word_1_137' title='bbox 721 2520 730 2563; x_wconf 77' lang='lat' dir='ltr'>a</span> <span class='ocrx_word' id='word_1_138' title='bbox 755 2519 861 2588; x_wconf 90' lang='lat' dir='ltr'>neque</span> <span class='ocrx_word' id='word_1_139' title='bbox 886 2495 976 2562; x_wconf 86' lang='lat' dir='ltr'>enim</span> <span class='ocrx_word' id='word_1_140' title='bbox 1000 2517 1099 2563; x_wconf 77' lang='lat' dir='ltr'>naves</span> <span class='ocrx_word' id='word_1_141' title='bbox 1127 2511 1223 2564; x_wconf 88' lang='lat' dir='ltr'>erant</span> <span class='ocrx_word' id='word_1_142' title='bbox 1248 2496 1339 2584; x_wconf 85' lang='lat' dir='ltr'>aliae,</span> 
     </span>
     <span class='ocr_line' id='line_1_20' title="bbox 303 2613 1338 2712; baseline -0.001 -24"><span class='ocrx_word' id='word_1_143' title='bbox 303 2621 424 2712; x_wconf 86' lang='lat' dir='ltr'>quibus</span> <span class='ocrx_word' id='word_1_144' title='bbox 452 2618 614 2712; x_wconf 82' lang='lat' dir='ltr'>reportari</span> <span class='ocrx_word' id='word_1_145' title='bbox 644 2629 778 2710; x_wconf 84' lang='lat' dir='ltr'>possent</span> <span class='ocrx_word' id='word_1_146' title='bbox 788 2640 800 2699; x_wconf 70' lang='grc' dir='ltr'><strong>ς</strong></span> <span class='ocrx_word' id='word_1_147' title='bbox 829 2628 861 2682; x_wconf 91' lang='lat' dir='ltr'>et</span> <span class='ocrx_word' id='word_1_148' title='bbox 884 2615 996 2683; x_wconf 90' lang='lat' dir='ltr'>omnia</span> <span class='ocrx_word' id='word_1_149' title='bbox 1025 2613 1181 2703; x_wconf 88' lang='lat' dir='ltr'>deerant,</span> <span class='ocrx_word' id='word_1_150' title='bbox 1202 2642 1275 2710; x_wconf 81' lang='lat' dir='ltr'>quoe</span> <span class='ocrx_word' id='word_1_151' title='bbox 1298 2618 1338 2687; x_wconf 91' lang='lat' dir='ltr'>ad</span> 
     </span>
     <span class='ocr_line' id='line_1_21' title="bbox 305 2733 1338 2827; baseline -0.002 -19"><span class='ocrx_word' id='word_1_152' title='bbox 305 2736 498 2808; x_wconf 86' lang='lat' dir='ltr'>reficiendas</span> <span class='ocrx_word' id='word_1_153' title='bbox 517 2761 571 2807; x_wconf 85' lang='lat' dir='ltr'>eas</span> <span class='ocrx_word' id='word_1_154' title='bbox 591 2737 664 2805; x_wconf 89' lang='lat' dir='ltr'>usui</span> <span class='ocrx_word' id='word_1_155' title='bbox 686 2749 782 2820; x_wconf 80' lang='lat' dir='ltr'>sunt3</span> <span class='ocrx_word' id='word_1_156' title='bbox 802 2748 849 2819; x_wconf 90' lang='lat' dir='ltr'>et,</span> <span class='ocrx_word' id='word_1_157' title='bbox 867 2733 957 2827; x_wconf 88' lang='lat' dir='ltr'>quod</span> <span class='ocrx_word' id='word_1_158' title='bbox 974 2735 1128 2804; x_wconf 86' lang='lat' dir='ltr'>omnibus</span> <span class='ocrx_word' id='word_1_159' title='bbox 1148 2739 1338 2824; x_wconf 84' lang='lat' dir='ltr'>constabat,</span> 
     </span>
     <span class='ocr_line' id='line_1_22' title="bbox 304 2853 1338 2949; baseline -0.001 -24"><span class='ocrx_word' id='word_1_160' title='bbox 304 2857 450 2926; x_wconf 89' lang='lat' dir='ltr'>hiemare</span> <span class='ocrx_word' id='word_1_161' title='bbox 470 2859 506 2926; x_wconf 89' lang='lat' dir='ltr'>in</span> <span class='ocrx_word' id='word_1_162' title='bbox 525 2854 634 2927; x_wconf 88' lang='lat' dir='ltr'>Gallia</span> <span class='ocrx_word' id='word_1_163' title='bbox 654 2869 829 2949; x_wconf 88' lang='lat' dir='ltr'>oportere,</span> <span class='ocrx_word' id='word_1_164' title='bbox 850 2853 1053 2924; x_wconf 85' lang='lat' dir='ltr'>frumentum</span> <span class='ocrx_word' id='word_1_165' title='bbox 1080 2855 1131 2925; x_wconf 91' lang='lat' dir='ltr'>his</span> <span class='ocrx_word' id='word_1_166' title='bbox 1152 2857 1185 2922; x_wconf 93' lang='lat' dir='ltr'>in</span> <span class='ocrx_word' id='word_1_167' title='bbox 1207 2854 1287 2926; x_wconf 89' lang='lat' dir='ltr'>locis</span> <span class='ocrx_word' id='word_1_168' title='bbox 1305 2859 1338 2924; x_wconf 92' lang='lat' dir='ltr'>in</span> 
     </span>
     <span class='ocr_line' id='line_1_23' title="bbox 305 2973 818 3070; baseline 0.004 -31"><span class='ocrx_word' id='word_1_169' title='bbox 305 2973 446 3044; x_wconf 77' lang='lat' dir='ltr'>hiemem</span> <span class='ocrx_word' id='word_1_170' title='bbox 463 2977 631 3070; x_wconf 87' lang='lat' dir='ltr'>provisum</span> <span class='ocrx_word' id='word_1_171' title='bbox 652 2999 719 3043; x_wconf 94' lang='lat' dir='ltr'>non</span> <span class='ocrx_word' id='word_1_172' title='bbox 736 2989 818 3042; x_wconf 89' lang='lat' dir='ltr'>erat.</span> 
     </span>
    </p>

    <p class='ocr_par' dir='ltr' id='par_1_5' title="bbox 298 3092 1340 4027">
     <span class='ocr_line' id='line_1_24' title="bbox 351 3092 1339 3186; baseline 0.004 -26"><span class='ocrx_word' id='word_1_173' title='bbox 351 3095 459 3160; x_wconf 88' lang='lat' dir='ltr'>XXX.</span> <span class='ocrx_word' id='word_1_174' title='bbox 482 3095 615 3183; x_wconf 66' lang='lat' dir='ltr'>Quibus</span> <span class='ocrx_word' id='word_1_175' title='bbox 639 3093 737 3162; x_wconf 78' lang='lat' dir='ltr'>rebus</span> <span class='ocrx_word' id='word_1_176' title='bbox 765 3093 921 3186; x_wconf 88' lang='lat' dir='ltr'>cognitis,</span> <span class='ocrx_word' id='word_1_177' title='bbox 947 3092 1115 3185; x_wconf 89' lang='lat' dir='ltr'>principes</span> <span class='ocrx_word' id='word_1_178' title='bbox 1140 3095 1339 3178; x_wconf 81' lang='lat' dir='ltr'>Britanniae,</span> 
     </span>
     <span class='ocr_line' id='line_1_25' title="bbox 303 3211 1339 3306; baseline 0.009 -29"><span class='ocrx_word' id='word_1_179' title='bbox 303 3211 360 3303; x_wconf 90' lang='lat' dir='ltr'>qui</span> <span class='ocrx_word' id='word_1_180' title='bbox 377 3227 452 3305; x_wconf 92' lang='lat' dir='ltr'>post</span> <span class='ocrx_word' id='word_1_181' title='bbox 467 3211 620 3306; x_wconf 89' lang='lat' dir='ltr'>proelium</span> <span class='ocrx_word' id='word_1_182' title='bbox 634 3212 774 3298; x_wconf 85' lang='lat' dir='ltr'>factum,</span> <span class='ocrx_word' id='word_1_183' title='bbox 790 3211 832 3279; x_wconf 90' lang='lat' dir='ltr'>ad</span> <span class='ocrx_word' id='word_1_184' title='bbox 848 3235 899 3298; x_wconf 89' lang='lat' dir='ltr'>ea,</span> <span class='ocrx_word' id='word_1_185' title='bbox 913 3236 986 3304; x_wconf 83' lang='lat' dir='ltr'>quae</span> <span class='ocrx_word' id='word_1_186' title='bbox 997 3213 1140 3304; x_wconf 86' lang='lat' dir='ltr'>jusserat</span> <span class='ocrx_word' id='word_1_187' title='bbox 1152 3217 1281 3304; x_wconf 86' lang='lat' dir='ltr'>Caesar,</span> <span class='ocrx_word' id='word_1_188' title='bbox 1295 3217 1339 3285; x_wconf 87' lang='lat' dir='ltr'>fa·</span> 
     </span>
     <span class='ocr_line' id='line_1_26' title="bbox 302 3329 1339 3426; baseline 0.006 -27"><span class='ocrx_word' id='word_1_189' title='bbox 302 3330 419 3399; x_wconf 87' lang='lat' dir='ltr'>cienda</span> <span class='ocrx_word' id='word_1_190' title='bbox 429 3347 668 3416; x_wconf 88' lang='lat' dir='ltr'>convenerant,</span> <span class='ocrx_word' id='word_1_191' title='bbox 687 3333 771 3400; x_wconf 90' lang='lat' dir='ltr'>inter</span> <span class='ocrx_word' id='word_1_192' title='bbox 785 3357 819 3400; x_wconf 88' lang='lat' dir='ltr'>se</span> <span class='ocrx_word' id='word_1_193' title='bbox 834 3329 1005 3418; x_wconf 89' lang='lat' dir='ltr'>collocuti,</span> <span class='ocrx_word' id='word_1_194' title='bbox 1022 3343 1126 3425; x_wconf 89' lang='lat' dir='ltr'>quum</span> <span class='ocrx_word' id='word_1_195' title='bbox 1143 3337 1290 3426; x_wconf 90' lang='lat' dir='ltr'>equites,</span> <span class='ocrx_word' id='word_1_196' title='bbox 1305 3352 1339 3405; x_wconf 88' lang='lat' dir='ltr'>et</span> 
     </span>
     <span class='ocr_line' id='line_1_27' title="bbox 302 3450 1338 3547; baseline 0.003 -27"><span class='ocrx_word' id='word_1_197' title='bbox 302 3475 415 3537; x_wconf 88' lang='lat' dir='ltr'>naves,</span> <span class='ocrx_word' id='word_1_198' title='bbox 441 3464 473 3520; x_wconf 86' lang='lat' dir='ltr'>et</span> <span class='ocrx_word' id='word_1_199' title='bbox 498 3450 701 3523; x_wconf 84' lang='lat' dir='ltr'>frumentum</span> <span class='ocrx_word' id='word_1_200' title='bbox 727 3453 884 3520; x_wconf 85' lang='lat' dir='ltr'>Romanis</span> <span class='ocrx_word' id='word_1_201' title='bbox 909 3451 1019 3520; x_wconf 80' lang='lat' dir='ltr'>deesse</span> <span class='ocrx_word' id='word_1_202' title='bbox 1044 3450 1280 3547; x_wconf 85' lang='lat' dir='ltr'>intelligerent,</span> <span class='ocrx_word' id='word_1_203' title='bbox 1305 3471 1338 3523; x_wconf 90' lang='lat' dir='ltr'>et</span> 
     </span>
     <span class='ocr_line' id='line_1_28' title="bbox 298 3571 1340 3668; baseline 0.001 -26"><span class='ocrx_word' id='word_1_204' title='bbox 298 3572 502 3665; x_wconf 84' lang='lat' dir='ltr'>paucitatem</span> <span class='ocrx_word' id='word_1_205' title='bbox 528 3571 672 3642; x_wconf 82' lang='lat' dir='ltr'>militum</span> <span class='ocrx_word' id='word_1_206' title='bbox 693 3597 733 3640; x_wconf 84' lang='lat' dir='ltr'>ex</span> <span class='ocrx_word' id='word_1_207' title='bbox 757 3587 940 3642; x_wconf 87' lang='lat' dir='ltr'>castrorum</span> <span class='ocrx_word' id='word_1_208' title='bbox 964 3573 1142 3667; x_wconf 81' lang='lat' dir='ltr'>exiguitate</span> <span class='ocrx_word' id='word_1_209' title='bbox 1162 3597 1340 3668; x_wconf 76' lang='lat' dir='ltr'>cognosce-</span> 
     </span>
     <span class='ocr_line' id='line_1_29' title="bbox 299 3669 1339 3786; baseline 0.003 -26"><span class='ocrx_word' id='word_1_210' title='bbox 299 3707 391 3778; x_wconf 89' lang='lat' dir='ltr'>rent,</span> <span class='ocrx_word' id='word_1_211' title='bbox 411 3715 484 3785; x_wconf 85' lang='lat' dir='ltr'>qnae</span> <span class='ocrx_word' id='word_1_212' title='bbox 503 3691 568 3760; x_wconf 91' lang='lat' dir='ltr'>hoc</span> <span class='ocrx_word' id='word_1_213' title='bbox 584 3669 679 3760; x_wconf 80' lang='lat' dir='ltr'>erant</span> <span class='ocrx_word' id='word_1_214' title='bbox 698 3692 797 3761; x_wconf 90' lang='lat' dir='ltr'>etiam</span> <span class='ocrx_word' id='word_1_215' title='bbox 813 3691 1023 3785; x_wconf 88' lang='lat' dir='ltr'>angustiora,</span> <span class='ocrx_word' id='word_1_216' title='bbox 1037 3692 1129 3784; x_wconf 88' lang='lat' dir='ltr'>quod</span> <span class='ocrx_word' id='word_1_217' title='bbox 1147 3695 1217 3762; x_wconf 91' lang='lat' dir='ltr'>sine</span> <span class='ocrx_word' id='word_1_218' title='bbox 1234 3695 1339 3786; x_wconf 89' lang='lat' dir='ltr'>impe·</span> 
     </span>
     <span class='ocr_line' id='line_1_30' title="bbox 301 3809 1337 3905; baseline 0.006 -27"><span class='ocrx_word' id='word_1_219' title='bbox 301 3810 455 3882; x_wconf 84' lang='lat' dir='ltr'>diruentis</span> <span class='ocrx_word' id='word_1_220' title='bbox 470 3813 581 3880; x_wconf 75' lang='lat' dir='ltr'>Caesar</span> <span class='ocrx_word' id='word_1_221' title='bbox 595 3809 738 3905; x_wconf 83' lang='lat' dir='ltr'>legiones</span> <span class='ocrx_word' id='word_1_222' title='bbox 754 3825 1053 3905; x_wconf 86' lang='lat' dir='ltr'>transportaverat,</span> <span class='ocrx_word' id='word_1_223' title='bbox 1070 3814 1233 3904; x_wconf 87' lang='lat' dir='ltr'>optimum</span> <span class='ocrx_word' id='word_1_224' title='bbox 1249 3813 1337 3884; x_wconf 86' lang='lat' dir='ltr'>factu</span> 
     </span>
     <span class='ocr_line' id='line_1_31' title="bbox 303 3928 1337 4027; baseline 0.004 -28"><span class='ocrx_word' id='word_1_225' title='bbox 303 3953 370 3999; x_wconf 82' lang='lat' dir='ltr'>esse</span> <span class='ocrx_word' id='word_1_226' title='bbox 384 3928 570 4016; x_wconf 83' lang='lat' dir='ltr'>duxerunt,</span> <span class='ocrx_word' id='word_1_227' title='bbox 585 3929 764 4000; x_wconf 85' lang='lat' dir='ltr'>rebellione</span> <span class='ocrx_word' id='word_1_228' title='bbox 782 3930 881 4018; x_wconf 86' lang='lat' dir='ltr'>facta,</span> <span class='ocrx_word' id='word_1_229' title='bbox 898 3931 1065 4000; x_wconf 81' lang='lat' dir='ltr'>frumento</span> <span class='ocrx_word' id='word_1_230' title='bbox 1082 3949 1337 4027; x_wconf 88' lang='lat' dir='ltr'>commeatuque</span> 
     </span>
    </p>
   </div>
   <div class='ocr_carea' id='block_1_4' title="bbox 0 0 1518 4768">
    <p class='ocr_par' dir='ltr' id='par_1_6' title="bbox 0 0 1518 4768">
     <span class='ocr_line' id='line_1_32' title="bbox 0 0 1518 4768; baseline 0 1"><span class='ocrx_word' id='word_1_231' title='bbox 0 0 1518 4768; x_wconf 95' lang='lat' dir='ltr'> </span> 
     </span>
    </p>
   </div>
  </div>
 </body>
</html>
