3014 4780
526 437 576 492 nu
599 435 721 491 nanno
744 437 950 492 nrmcano.
1203 457 1259 516 229

214 591 311 661 agros
335 564 472 646 vastari,
498 585 597 655 pecus
627 559 742 654 diripi,
764 559 937 646 trucidari,
955 561 1078 654 oppida
1110 563 1258 633 castella·

214 711 279 780 que
297 683 385 752 dirui
412 683 599 776 deserique,
624 682 857 775 principesque
881 682 1052 748 civitatum
1075 696 1133 750 aut
1157 683 1259 753 inter-

213 806 283 892 lici,
297 820 355 874 aut
372 806 407 872 iu
417 803 542 871 catenis
554 803 675 888 teneri,
689 799 810 871 liberos
824 826 938 870 eorum
956 800 1108 870 obsidum
1125 805 1260 874 nomine

214 928 249 994 in
270 927 461 994 servitutem
480 924 608 1016 abripi;
631 924 671 991 iis
695 945 726 992 se
751 924 784 991 in
809 923 948 990 miseriis
972 947 1133 1016 suamque
1157 923 1257 993 fidem

204 1044 469 1139 *implorantibus
486 1041 608 1112 auxilio
626 1058 762 1137 propter
778 1043 948 1134 copiarum
970 1043 1171 1135 paucitatem
1189 1069 1259 1113 esse

215 1191 282 1234 non
299 1189 405 1259 posse.
424 1163 548 1233 Milites
564 1163 695 1231 iuterim
710 1165 858 1256 inopere
873 1185 1041 1249 exercere,
1061 1177 1167 1232 castra
1184 1187 1258 1233 mu·

214 1287 308 1373 nire,
332 1300 454 1370 turres,
482 1281 614 1354 castella
641 1282 764 1368 lacere,
786 1283 956 1377 molesque
979 1284 1089 1378 jacere
1110 1285 1145 1352 in
1167 1309 1259 1354 mare

215 1431 282 1474 uon
303 1407 530 1475 intermittere.

261 1531 402 1598 XXVII.
415 1526 525 1619 Scipio
535 1525 665 1593 interim
677 1523 871 1618 elephantos
882 1525 946 1594 hoc
956 1524 1055 1594 modo
1066 1525 1259 1596 condocefa·

213 1673 286 1718 cere
296 1647 449 1716 instituit.
461 1649 553 1714 Duas
566 1645 723 1712 instruxit
732 1645 818 1712 acies
832 1669 840 1710 ε
855 1668 954 1712 unam
961 1644 1168 1714 funditorum
1176 1669 1258 1714 con·

214 1782 264 1836 tra
277 1766 471 1859 elephantos
481 1815 491 1851 ,
500 1787 574 1856 quae
582 1765 676 1857 quasi
686 1762 948 1832 adversariomm
956 1761 1067 1832 locum
1077 1763 1257 1853 obtineret,

215 1903 249 1957 et
265 1901 381 1956 eontra
395 1907 510 1953 eorum
526 1882 668 1952 frontem
686 1883 858 1952 adversam
875 1880 1005 1976 lapillos
1020 1884 1167 1953 minutos
1180 1886 1258 1954 mit·

214 2021 298 2076 teret
314 2031 322 2073 :
339 2003 457 2073 deinde
477 2006 511 2071 in
530 2001 680 2072 ordinem
698 2001 892 2097 elephantos
908 2004 1079 2073 constituit
1100 2029 1107 2071 :
1131 2019 1205 2097 post
1219 2004 1258 2073 il·

214 2124 265 2194 los
284 2139 395 2194 autem
415 2125 517 2192 aciem
537 2147 631 2192 suam
650 2125 821 2206 instruxit,
843 2138 902 2210 ut,
923 2147 1027 2216 quum
1049 2124 1091 2192 ab
1111 2124 1258 2194 adversa·

215 2245 274 2313 riis
295 2241 418 2337 lapides
438 2243 524 2312 mitti
545 2244 742 2336 coepissent,
770 2257 804 2312 et
832 2241 1000 2335 elephanti
1027 2245 1195 2336 perterriti
1223 2269 1257 2313 se

215 2361 257 2432 ad
271 2387 348 2432 suos
362 2363 611 2449 convertissent,
625 2387 740 2431 rursus
756 2387 776 2430 a
790 2386 849 2432 sua
866 2361 936 2430 acie
954 2360 1118 2456 lapidibus
1136 2364 1256 2450 missis,

214 2507 271 2553 eos
290 2498 523 2553 converterent
540 2481 697 2552 adversus
717 2483 866 2564 hostem3
885 2480 976 2573 quod
994 2505 1079 2575 aegre
1098 2481 1257 2576 tardeque

213 2603 311 2673 fiebat
331 2629 340 2672 τ
360 2603 458 2673 rudes
478 2605 567 2671 enim
591 2598 780 2694 elephanti,
810 2598 991 2668 multorum
1011 2625 1174 2668 annorum
1195 2600 1256 2670 do·

212 2725 320 2791 ctrina
339 2747 467 2814 usuque
485 2733 616 2790 vetusto
635 2721 691 2787 vix
710 2718 837 2803 edocti,
857 2733 966 2787 tamen
986 2720 1155 2788 communi
1174 2722 1256 2813 peri·

213 2840 289 2910 culo
306 2842 341 2908 in
362 2843 464 2909 aciem
483 2837 724 2933 producuntur.

259 2960 417 3028 xxvlll.
437 2961 526 3027 Dum
542 2957 613 3026 haec
630 2956 671 3025 ad
690 2958 872 3052 Ruspinam
889 2959 931 3028 ab
950 2959 1100 3051 utrisque
1117 2957 1256 3031 ducibus

213 3077 508 3163 administrantur,
525 3079 562 3146 C.
582 3074 742 3171 Virgilius
762 3079 954 3170 praetorius,
972 3079 1031 3171 qui
1048 3078 1181 3172 Thapso
1201 3105 1257 3175 op·

213 3197 293 3292 pido
317 3198 485 3268 maritimo
510 3211 674 3291 praeerat,
699 3223 802 3290 quum
830 3197 1135 3286 animadvertisset,
1156 3224 1255 3269 naves

206 3317 360 3414 'singulas
387 3341 463 3387 cum
493 3319 639 3386 exercitu
667 3319 826 3403 Caesaris,
859 3319 999 3388 incertas
1028 3317 1179 3390 locorum
1207 3335 1257 3388 at·

212 3464 277 3533 que
293 3453 478 3508 castrorum
496 3461 652 3524 suorum,
671 3439 805 3531 vagari,
823 3439 1026 3508 occasionem
1047 3457 1181 3528 nactus,
1202 3463 1257 3508 na·

211 3583 306 3645 vem,
339 3583 438 3654 quam
471 3559 517 3627 ibi
549 3557 666 3626 habuit
696 3559 896 3646 actuariam,
927 3558 1087 3629 militibus
1113 3557 1258 3651 complet

212 3694 245 3747 et
271 3679 467 3773 sagittariis,
496 3691 530 3747 et
557 3677 663 3747 eidem
690 3677 827 3772 scaphas
853 3677 895 3746 de
922 3679 1061 3748 navibus
1085 3678 1255 3771 adjungit,

215 3821 253 3865 ac
271 3796 417 3892 singulas
434 3823 533 3868 naves
549 3799 752 3869 Caesarianas
770 3799 952 3867 consectari
967 3800 1077 3891 coepit.
1093 3801 1136 3866 Et
1152 3821 1257 3890 quum

205 3913 327 4007 plures
353 3917 489 3987 adortus
510 3932 615 4006 esset,
635 3917 749 4012 pulsus
775 3917 974 4013 fugatusque
998 3917 1075 3987 inde
1098 3916 1255 3987 discessit.

216 4031 279 4102 Sed
296 4057 398 4126 quum
417 4059 476 4106 uec
492 4037 538 4104 sic
565 4036 733 4107 desisteret
749 4035 948 4132 periclitari,
966 4038 1051 4108 sorte
1077 4035 1193 4106 incidit
1223 4036 1257 4103 in
