3020 4768
262 405 319 460 24²
419 397 449 450 C.
473 392 569 449 JULII
591 387 754 445 CAESARIS
777 385 1140 441 commilitonum

261 536 325 605 ret,
358 543 439 586 neve
464 518 527 585 hoc
552 512 703 606 exemplo
731 526 847 580 ceterae
878 511 1041 595 ciuitates,
1067 506 1215 576 locorum
1247 533 1306 600 op-

261 639 467 731 portunitate
493 636 599 720 fretae,
625 659 658 701 se
685 631 894 700 vindicarent
916 633 951 696 in
973 629 1175 715 libertatem3
1202 653 1305 723 quum

261 755 416 824 omnibus
431 754 538 825 Gallis
558 767 675 822 notum
696 754 794 821 sciret
816 749 977 843 reliquam
998 775 1068 818 csse
1090 773 1190 818 unam
1216 765 1308 818 aesta-

261 892 329 943 tem
355 901 421 944 suae
446 874 640 968 provinciae,
661 897 761 965 qnam
784 872 811 940 si
831 872 993 940 sustinere
1013 870 1213 962 potuissent,
1235 870 1310 938 nul-

261 993 331 1062 lum
360 993 446 1064 ultra
476 994 661 1089 periculum
689 1007 893 1061 vererentur.
927 995 1042 1084 ltaque
1069 994 1112 1080 Q.
1144 989 1307 1061 Calenum

261 1112 406 1208 legatum
426 1137 501 1182 cuni
523 1112 709 1207 legionibus
729 1137 755 1180 11
776 1111 925 1204 reliquit,
944 1113 1000 1203 qni
1016 1113 1114 1204 justis
1131 1112 1308 1182 itineribus

260 1258 294 1301 se
309 1233 582 1326 subsequeretur;
603 1235 672 1326 ipse
694 1256 770 1300 cum
786 1234 877 1299 omni
898 1233 1062 1324 equitatu,
1077 1255 1178 1323 quam
1197 1247 1309 1325 potest

262 1351 450 1438 celerrime,
468 1351 510 1420 ad
527 1354 708 1420 Caninium
725 1351 907 1420 contendit.

309 1474 380 1540 XL.
412 1473 547 1560 Quum,
563 1487 680 1540 contra
703 1473 981 1565 exspectationem
1005 1472 1179 1556 omnium,
1200 1472 1308 1540 Caesar

261 1588 512 1660 Uxellodunum
540 1594 699 1678 venisset,
727 1591 954 1685 oppidumque
979 1593 1134 1685 oporibus
1160 1591 1309 1660 clausum

262 1711 560 1796 animadverteret,
587 1737 694 1805 neque
718 1713 759 1780 ab
784 1713 1034 1805 oppugnatione
1055 1711 1163 1781 recedi
1183 1709 1310 1779 videret

264 1830 332 1900 ulla
363 1831 555 1900 conditione
587 1856 697 1925 posse,
730 1855 849 1926 magna
879 1847 991 1900 autem
1024 1833 1120 1925 copia
1151 1831 1310 1900 frumenti

263 1951 434 2021 abundare
453 1952 639 2045 oppidanos
668 1977 708 2018 ex
730 1950 878 2046 perfugis
907 1966 1096 2045 cognosset,
1118 1975 1203 2043 aqua
1228 1975 1307 2044 pro·

263 2072 379 2140 hibere
404 2073 535 2140 hostem
562 2086 690 2140 tentare
717 2072 827 2165 coepit.
852 2071 991 2140 Flumen
1017 2071 1167 2140 infimam
1192 2069 1310 2138 vallem

263 2191 446 2278 dividebat,
476 2217 548 2284 quae
573 2207 681 2260 totum
705 2217 798 2285 paene
821 2181 968 2260 montem
989 2191 1157 2284 cingebat,
1182 2193 1216 2258 in
1242 2215 1311 2284 quo

264 2315 410 2406 positum
436 2326 737 2408 eratpraeruptum
759 2310 906 2403 undique
937 2310 1098 2403 oppidum
1124 2309 1310 2379 Uxellodu-

264 2458 357 2500 num.
372 2436 444 2500 Hoc
459 2431 583 2498 llumen
596 2433 699 2498 averti
714 2429 777 2498 loci
791 2445 909 2498 natura
923 2431 1142 2524 prohibebat:
1158 2432 1205 2498 sic
1222 2434 1312 2500 enim

265 2554 339 2622 imis
359 2549 526 2619 radicibus
546 2551 670 2619 montis
688 2551 873 2637 serebatur,
895 2566 932 2629 ut
955 2548 1082 2618 nnllam
1103 2551 1136 2618 in
1162 2565 1311 2643 partem,

265 2672 427 2767 depressis
455 2670 566 2757 fossis,
590 2671 733 2739 derivari
755 2687 874 2763 posset.
900 2675 981 2740 Erat
1002 2686 1114 2739 autem
1136 2669 1312 2765 oppidanis

266 2790 410 2863 difficilis
435 2807 470 2861 et
495 2805 681 2885 praeruptus
704 2816 744 2858 eo
763 2791 955 2878 descensus,
978 2806 1033 2877 nt,
1060 2791 1312 2883 prohibentibus

267 2915 402 2997 nostris,
429 2913 499 2980 siue
529 2909 723 2980 vulneribus
747 2934 785 2978 ac
814 2910 962 3004 periculo
985 2913 1060 2980 vitae
1087 2937 1194 3005 neque
1220 2913 1313 2982 adire

267 3029 408 3114 flumen,
434 3056 541 3124 neque
562 3030 668 3099 arduo
694 3056 728 3098 se
753 3033 898 3123 recipere
919 3046 1052 3122 possent
1068 3056 1213 3100 ascensu.
1234 3035 1313 3120 Qua

267 3148 463 3217 difficultate
486 3175 602 3219 eorum
623 3150 770 3244 cognita,
790 3153 916 3236 Caesar,
938 3152 1117 3243 sagittariis
1138 3150 1314 3219 funditori-

268 3271 395 3361 busque
411 3264 593 3360 dispositis,
611 3271 785 3338 tormentis
804 3271 902 3338 etiam
920 3269 1119 3361 quibusdam
1138 3269 1219 3340 locis
1234 3295 1313 3339 con·

270 3405 319 3458 tra
342 3385 515 3455 facillimos
535 3385 710 3456 descensus
729 3386 913 3474 collocatiS,
931 3413 1018 3481 aqua
1036 3389 1183 3458 fluminis
1200 3391 1314 3484 prohi-

269 3509 368 3578 bshat
385 3505 587 3602 oppidanos;
605 3532 746 3601 quorum
763 3511 871 3578 omnis
888 3525 1002 3601 postea
1019 3509 1198 3579 multitudo
1214 3535 1315 3604 aqna·

269 3647 462 3702 tumunum
481 3627 640 3697 inlocum
660 3629 892 3714 conveniebat,
909 3629 970 3698 sub
987 3632 1091 3722 ipsius
1109 3631 1224 3724 oppidi
1240 3657 1314 3702 mu·

269 3775 360 3834 rum,
384 3751 440 3818 ubi
457 3773 597 3843 magnus
620 3747 692 3816 sons
715 3773 808 3840 aqnae
828 3749 1082 3841 prorumpebat,
1096 3751 1138 3817 ab
1160 3776 1198 3820 ea
1218 3769 1314 3844 parte

269 3893 351 3959 quae,
363 3869 431 3935 sere
446 3868 566 3959 pedum
578 3892 640 3938 ccc
650 3865 836 3954 intervallo,
849 3867 995 3936 fluminis
1007 3871 1148 3938 circuitu
1160 3873 1312 3941 vacabat.

319 3991 405 4054 XLI.
421 3991 493 4054 Hoc
508 3987 598 4056 fonte
615 3989 783 4081 prohiberi
800 4013 892 4080 posse
903 3989 1086 4083 oppidanos
1103 4017 1207 4083 quum
1221 4007 1315 4085 opta·
