3048 4770
299 396 334 454 la
466 392 495 446 C.
520 393 616 449 JULII
637 393 801 452 GAESARIS
819 395 1178 451 connaurxmouun

298 525 506 608 prosecutus,
532 540 664 586 omnem
693 533 843 587 senatum
869 518 911 586 ad
936 544 971 587 se
997 522 1188 602 convenire,
1217 520 1338 612 princi·

297 656 444 726 pumque
464 633 583 705 liberos
600 637 730 706 obsides
749 636 842 706 adse
862 637 979 706 adduci
998 639 1106 731 jussit.
1126 639 1210 725 Quae
1226 641 1338 708 omnia

298 751 338 818 ab
359 752 411 821 his
432 753 610 848 diligenter
628 755 671 824 ad
692 756 781 825 diem
802 757 889 826 sacta
913 771 1001 825 suut.
1024 759 1116 850 lpse,
1134 759 1337 827 Divitiacum

297 872 442 941 AEdunm
465 897 587 968 magno
607 899 707 968 opere
728 876 938 964 cohortatus,
959 875 1074 964 docet,
1095 890 1221 967 quanto
1240 901 1338 970 opere

298 991 488 1085 reipublicae
501 996 753 1087 communisque
769 994 883 1065 salutis
899 997 1041 1082 intersit,
1057 1019 1175 1063 manus
1192 995 1338 1064 hostium

298 1111 469 1201 distineri,
489 1138 530 1182 ne
548 1139 625 1184 cum
649 1129 742 1184 tanta
764 1115 976 1185 multitudine
996 1139 1064 1184 nno
1084 1129 1233 1208 tempore
1256 1141 1338 1184 con·

298 1229 478 1325 lligendum
494 1235 546 1302 sit.
563 1234 603 1304 Id
620 1234 692 1303 fieri
708 1261 818 1329 posse,
832 1238 858 1304 si
875 1257 949 1305 suas
961 1237 1072 1329 copias
1086 1234 1184 1303 AEdui
1204 1237 1238 1302 in
1256 1235 1338 1303 fines

300 1349 551 1421 Bellovacorum
576 1355 840 1443 introduxerint,
866 1370 900 1423 et
925 1379 1040 1423 eorum
1064 1378 1161 1449 agros
1183 1352 1338 1446 populari

299 1473 469 1564 coeperint.
492 1473 753 1561 Hismandatis,
772 1499 848 1544 eum
872 1474 913 1541 ab
934 1498 968 1542 se
987 1455 1135 1542 dimittit
1158 1475 1337 1566 Postquam

298 1615 413 1661 omnes
425 1592 602 1688 Belgarum
618 1598 730 1688 copias
744 1598 779 1663 in
796 1619 901 1664 unum
913 1593 1023 1663 locum
1039 1580 1338 1674 coactasffl'seve-

299 1711 370 1780 nire
383 1711 481 1800 vidit,
499 1738 605 1806 neque
618 1715 687 1808 jam
705 1714 802 1809 longe
819 1715 943 1802 abesse,
960 1714 1001 1782 ab
1019 1716 1070 1782 his
1078 1739 1167 1807 ,quos
1189 1715 1335 1798 miserat,

298 1823 563 1926 exploratoribus
582 1849 614 1902 et
633 1836 674 1902 ab
693 1837 806 1904 Remis
828 1838 1005 1931 cognovit,
1024 1835 1147 1904 llumen
1167 1838 1335 1920 Axonam,

299 1951 389 2044 quod
404 1941 460 2020 'est
479 1953 514 2020 in
535 1956 690 2022 extremis
711 1958 894 2023 Remorum
909 1950 1048 2042 linibus,
1069 1957 1250 2023 exercitum
1270 1969 1338 2021 tra-

299 2072 420 2140 ducere
436 2073 631 2160 maturavit,
647 2088 746 2167 atque
760 2074 804 2142 ihi
818 2089 923 2142 castra
940 2076 1059 2167 posuit.
1073 2077 1158 2162 Quae
1175 2097 1226 2140 res
1241 2087 1274 2139 et
1295 2070 1338 2139 la-

301 2207 353 2260 tus
373 2217 478 2260 unum
502 2209 687 2264 castrorum
708 2197 789 2288 ripis
811 2195 958 2264 fluminis
981 2195 1164 2280 muniebat,
1185 2208 1235 2281 et,
1262 2207 1338 2286 post

299 2337 376 2380 eum
390 2338 463 2406 quae
480 2329 602 2403 essent,
618 2329 691 2384 tuta
706 2317 746 2384 ah
760 2317 911 2386 hostibus
927 2313 1101 2399 reddebat,
1119 2328 1153 2381 et
1168 2336 1336 2381 commea·

300 2449 354 2502 tus
366 2433 408 2502 ab
423 2435 536 2502 Remis
552 2434 754 2532 reliquisque
770 2436 973 2522 civitatibus,
990 2450 1029 2503 ut
1045 2435 1115 2503 sine
1128 2431 1276 2526 periculo
1295 2433 1338 2501 ad

300 2578 376 2624 eum
399 2558 526 2650 portari
544 2570 671 2649 posset,
689 2556 860 2626 efficiebat.
879 2560 918 2624 In
940 2581 979 2625 eo
999 2556 1135 2625 flumine
1156 2579 1239 2648 pons
1255 2568 1336 2622 erat.

300 2679 350 2745 lbi
366 2678 554 2772 praesidium
572 2680 685 2771 ponit,
702 2679 783 2746 etin
801 2676 903 2745 altera
918 2692 1013 2770 parte
1029 2677 1176 2746 fluminis
1188 2678 1232 2764 Q.
1246 2678 1339 2745 Titu-

300 2799 388 2864 rium
406 2797 583 2884 Sabinum,
601 2796 764 2892 legatum,
783 2820 858 2864 cum
874 2821 931 2864 sex
947 2797 1139 2865 cohortibus
1159 2794 1337 2885 relinquit:

301 2929 410 2984 castra
430 2917 463 2984 in
484 2916 693 2986 altitudinem
709 2921 831 3011 pedum
850 2940 897 2986 x11
916 2915 1019 3002 vallo,
1042 2916 1193 3009 fossaque
1213 2915 1338 2985 duode-

301 3039 418 3132 viginti
438 3038 580 3132 pedum,
599 3039 729 3108 munire
744 3038 850 3130 jubet.

348 3162 408 3229 Vl.
438 3160 487 3229 Ab
513 3161 564 3228 his
586 3162 701 3229 castris
723 3159 883 3254 oppidum
902 3162 1103 3244 Remorum,
1126 3161 1260 3228 nomine
1283 3161 1339 3230 Bi-

300 3283 400 3367 brax,
424 3281 538 3349 aberat
560 3279 663 3349 millia
685 3304 841 3373 passuum
860 3300 932 3347 vni.
956 3277 995 3347 ld
1015 3303 1055 3346 ex
1075 3279 1195 3347 itinere
1217 3303 1339 3374 magno

302 3405 426 3496 impetu
439 3401 547 3496 Belgae
566 3425 759 3495 oppugnare
776 3414 957 3494 coeperunt
972 3401 1070 3494 AEgre
1090 3423 1130 3468 eo
1144 3397 1198 3466 die
1215 3412 1340 3469 susten-

249 3587 251 3592 ,
302 3537 408 3591 tatum
426 3536 485 3590 est.
503 3520 678 3591 Gallorum
695 3519 809 3588 eadem
827 3533 926 3612 atque
942 3518 1118 3614 Belgarum
1134 3521 1340 3613 oppugnatio

301 3659 352 3714 est
370 3646 450 3713 haec.
475 3643 561 3730 Ubi,
587 3641 797 3733 circumjecta
823 3640 1037 3708 multitudine
1061 3640 1237 3708 hominum
1262 3640 1340 3705 totis

305 3766 480 3851 moenibus,
505 3763 652 3856 undique
678 3753 803 3855 lapides
828 3764 862 3829 in
885 3785 1019 3829 murum
1038 3761 1104 3853 jaci
1125 3761 1224 3853 coepti
1244 3772 1341 3845 sunt,

303 3907 484 3976 murusque
498 3883 726 3953 defensoribus
742 3882 886 3951 nudatus
897 3897 962 3970 est,
980 3880 1144 3950 testudine
1162 3879 1248 3948 facta
1263 3903 1340 3972 por-

306 4024 353 4076 tas
377 4002 579 4090 succedunt,
604 4026 804 4094 murumque
828 4003 1003 4072 subruunt.
1026 4000 1128 4092 Quod
1153 4017 1225 4069 tum
1247 3997 1342 4068 facilc
