3042 4772
296 383 353 420 nro
472 365 501 420 C.
520 363 617 420 JULII
638 361 802 420 CAESARIS
824 361 1023 419 COMMENT.
1046 363 1156 418 LIBER

296 491 427 561 initium
447 490 591 558 victorie
617 499 730 556 neuim
752 502 811 555 est.
834 488 884 556 Ab
906 510 944 556 ea
963 500 1056 579 parte
1076 509 1178 578 quum
1205 486 1238 554 in
1262 509 1336 579 pro·

294 611 378 680 clive
391 609 647 678 detruderentur
660 608 790 688 hostes,
804 604 910 677 multo
922 605 1070 694 tordius,
1085 603 1142 675 sed
1156 619 1265 676 mnen
1281 607 1338 674 iis·

293 732 369 800 dnn
385 730 448 798 diis
463 729 712 823 adjuvantibus,
727 730 859 798 sinistro
873 752 976 796 cornu
989 726 1163 820 medieque
1175 729 1244 796 acie
1256 741 1336 797 tote

294 849 516 944 profligentur
529 849 630 942 copiae
647 849 734 942 regie
753 873 761 917 t
779 872 851 941 qum
865 871 965 940 quarn
978 844 1074 916 focile
1087 847 1257 916 subierunt
1269 847 1335 916 ini·

292 993 399 1063 quum
418 967 542 1052 locum,
560 983 627 1036 tem
648 966 799 1036 celeriter
819 967 924 1060 grndu
949 963 1070 1059 pulser,
1099 966 1337 1060 premebantur

296 1089 358 1157 loci
376 1089 558 1183 iniquitate.
572 1091 690 1180 Itaque
702 1086 815 1156 multis
830 1085 989 1155 militibus
1001 1087 1122 1178 partim
1139 1085 1335 1173 interfectis,

296 1210 416 1302 purtim
425 1232 559 1277 suorum
569 1208 667 1274 ruina
678 1207 859 1300 oppressis,
871 1205 928 1298 qui
942 1203 1114 1274 uelocitate
1123 1205 1270 1301 effugere
1281 1230 1337 1298 po·

296 1341 425 1411 terent,
443 1328 544 1394 armis
563 1341 675 1394 tomen
697 1326 866 1418 projectis,
884 1323 1001 1396 sellem
1021 1327 1232 1419 transgressi,
1250 1325 1335 1394 nihil

296 1473 335 1516 ex
351 1445 425 1514 loco
440 1448 610 1540 superiore
629 1448 770 1515 inermes
790 1445 949 1538 proficere
965 1459 1130 1539 poterent.
1150 1450 1194 1514 At
1210 1447 1334 1532 nostri,

296 1567 434 1636 victorin
468 1565 564 1649 elati,
595 1566 705 1634 subire
733 1566 885 1658 iniquum
912 1563 1040 1651 locum,
1069 1565 1335 1658 munitionesque

295 1687 429 1782 aggredi
446 1710 512 1755 non
528 1686 733 1754 dubitarunt.
750 1683 1012 1754 Defendontibus
1027 1699 1139 1754 eutem
1156 1685 1195 1770 iis
1213 1685 1333 1754 cohor-

295 1809 385 1888 tibus
404 1822 529 1890 casua,
550 1829 631 1898 ques
650 1807 837 1874 Pharnaces
856 1805 1008 1898 presidio
1034 1802 1228 1896 reliqueret,
1249 1801 1334 1872 cele·

297 1928 378 1994 riter
397 1927 512 1994 castris
532 1926 677 1995 hostium
699 1940 776 1992 sunt
797 1925 902 2018 potiti.
925 1921 1102 1994 Interiectu
1121 1921 1335 1993 multitudine

294 2069 447 2132 suorum,
462 2059 519 2114 aut
531 2060 644 2138 cepte,
657 2046 843 2132 Phnrnnces
858 2069 941 2114 cum.
949 2045 1061 2138 paucis
1077 2044 1245 2138 equitibus
1258 2067 1335 2138 pro-

295 2165 380 2258 fugit
400 2190 409 2231 ε
430 2167 483 2232 cui
510 2165 573 2231 nisi
593 2179 777 2232 castrorum
804 2164 1011 2258 oppugnatio
1030 2161 1221 2232 facultatem
1243 2176 1334 2232 sttu-

296 2282 385 2352 lisset
405 2281 538 2351 liberius
558 2281 791 2376 profugiendi,
810 2284 904 2350 vivus
925 2285 958 2349 in
980 2282 1118 2351 Censoris
1137 2295 1334 2376 potestatem

289 2401 460 2470 [adductus
475 2415 567 2470 esset.
680 2391 681 2396 ἵ

344 2524 515 2594 LXXVII.
534 2521 605 2590 Tuli
624 2523 762 2591 victorin
782 2523 879 2591 toties
897 2522 1004 2611 rietor
1021 2526 1131 2592 Cmsnr
1150 2521 1334 2594 incredibili

290 2657 345 2711 rost
364 2641 477 2710 letitie
496 2641 651 2728 allectus,
677 2642 769 2735 quod
787 2643 966 2712 maximum
984 2639 1108 2712 bellum
1135 2656 1226 2712 tonte
1247 2641 1333 2712 cele-

294 2764 395 2830 ritnte
411 2761 615 2848 confeceret,
633 2759 790 2855 qnodque
807 2763 906 2830 stabili
924 2760 1062 2857 periculi
1082 2761 1268 2832 recordatio
1284 2775 1335 2830 est

296 2883 529 2976 lentior,=qnod
546 2883 685 2955 victoria
709 2883 814 2952 secilir
836 2907 877 2954 ex
906 2882 1108 2953 difficillimis
1131 2885 1228 2953 rebus
1249 2885 1334 2952 neei-

294 3005 399 3074 deret.
423 3007 529 3076 Ponto
547 3017 696 3096 recepto,
714 3003 824 3097 prendo
849 3004 940 3071 omni
960 3003 1051 3098 negiu
1068 3003 1228 3072 militibus
1254 3025 1335 3072 oon-

296 3124 432 3208 donatn,
454 3138 588 3216 postero
606 3123 659 3192 dre
680 3147 755 3194 urm
776 3123 936 3218 expeditis
954 3123 1121 3217 equitibus
1141 3126 1211 3218 ipre
1231 3121 1334 3217 proii-

296 3243 449 3329 ciscitur3
462 3241 624 3337 legionem
641 3269 676 3312 vr
693 3243 852 3312 decedere
866 3244 908 3314 ad
927 3245 1060 3337 premis
1077 3257 1176 3336 etque
1193 3243 1336 3310 honores

294 3361 504 3455 accipiendos
513 3363 547 3431 in
561 3360 690 3434 Itslisrn
701 3363 797 3455 jubet
812 3359 955 3432 :auxilia
973 3362 1120 3454 Dejotsri
1135 3358 1271 3428 domum
1282 3379 1335 3424 re·

296 3483 399 3555 mittit
418 3506 427 3549 t
445 3481 527 3550 duos
555 3481 698 3576 legiones
721 3507 799 3552 eum
829 3481 934 3550 Coelio
962 3479 1136 3549 Vinioinno
1166 3477 1199 3543 in
1225 3477 1336 3546 Ponto

294 3601 464 3696 relinquit.

344 3721 534 3792 LXXVIII.
569 3725 619 3791 Ite
646 3747 704 3816 per
730 3717 981 3813 Gallograeciam
1014 3715 1270 3810 Bithyniamque
1301 3716 1336 3784 in

296 3843 407 3910 Asiam
438 3843 501 3911 iter
525 3841 621 3927 lecit,
650 3843 866 3930 omniumque
883 3857 997 3905 esrum
1024 3837 1272 3931 provinciarum
1294 3833 1337 3903 de

294 3963 527 4030 controversiis
543 3962 714 4056 cognoscit
726 3971 760 4028 et
777 3961 909 4044 statuit3
923 3957 999 4052 jura
1017 3959 1050 4028 in
1069 3957 1269 4042 tetrarches,
1288 3979 1338 4024 re-
