3096 4762
291 405 328 440 no
442 389 472 442 C.
494 389 592 446 JULll
613 389 774 446 CAESXRIS
795 391 1165 447 consttuttmlouuu

289 513 377 582 diem
398 527 520 584 certam
543 513 702 601 indicere,
722 513 822 606 idque
839 516 979 582 vCaesaris
999 511 1169 583 voluntate
1192 513 1321 597 facere,

288 633 403 704 liceret
423 657 520 702 :sese
546 633 668 701 hahere
692 631 851 724 quasdam
878 656 949 717 res,
981 656 1062 724 quas
1088 657 1127 700 ex
1155 633 1320 702 communi

287 777 449 823 consensu
470 752 572 820 abeo
595 764 707 842 petere
724 747 886 818 vellent.»
908 754 957 818 Ea
982 775 1023 819 re
1036 750 1215 843 permissa,
1234 749 1321 817 diem

287 872 428 942 coneilio
444 869 703 973 constituerunt,
720 882 752 937 et
768 868 1002 962 jurejurando,
1023 870 1153 962 nequis
1170 869 1321 938 enuncia·

286 1006 352 1077 ret,
365 990 428 1058 nisi
442 988 562 1082 quibus
573 969 740 1056 communi
754 983 891 1056 consilio
907 987 1101 1057 mandatum
1115 1001 1215 1070 esset,
1232 990 1320 1055 inter

286 1135 320 1180 se
337 1123 526 1178 sanxerunt.

335 1231 459 1298 XXXI.
486 1232 534 1297 Eo
558 1226 700 1295 concilio
720 1226 870 1314 dimisso,
896 1227 994 1294 iidem
1020 1228 1186 1318 principes
1208 1224 1320 1294 civita-

287 1364 375 1433 tum,
392 1349 449 1440 qui
468 1360 544 1414 ante
563 1346 694 1415 fueraut
710 1345 752 1414 ad
767 1348 950 1438 Caesarem,
974 1357 1200 1430 reverterunt,
1218 1344 1320 1436 petie-

287 1480 451 1560 runtque,
467 1467 517 1534 uti
530 1465 591 1533 sibi
606 1479 736 1538 ¹secreto
756 1464 870 1554 desua
890 1464 1105 1556 omniumque
1121 1460 1226 1530 salute
1243 1487 1319 1530 cum

287 1610 326 1655 oo
339 1609 436 1680 agere
454 1584 576 1653 liceret.
591 1586 638 1652 Ea
655 1583 896 1676 reimpetrata,
912 1605 981 1650 sese
995 1606 1109 1650 ornnes
1126 1580 1320 1648 flentesCae-

287 1706 353 1776 sari
374 1703 415 1772 ad
436 1702 536 1796 pedes
554 1702 762 1795 projecerunt
783 1727 791 1768 :
809 1730 825 1766 α
841 1702 918 1770 Non
943 1702 1052 1770 minus
1072 1725 1106 1769 se
1128 1700 1162 1768 id
1183 1713 1319 1768 conten-

288 1824 367 1893 dere
387 1837 420 1891 et
444 1821 608 1908 laborare,
630 1845 744 1904 neca,
767 1845 839 1912 quae
859 1819 1032 1906 dixissent,
1051 1819 1319 1904 enunciareutur,

286 1966 387 2036 quam
405 1942 455 2009 uti
471 1965 526 2027 ea,
542 1964 615 2031 quae
629 1937 765 2024 vellent,
780 1941 1015 2032 impetrarent3
1027 1952 1202 2032 propterea
1213 1937 1318 2032 quod,

286 2062 314 2128 si
328 2060 541 2130 enunciatum
555 2071 657 2142 esset,
672 2081 840 2125 summum
860 2058 894 2124 in
912 2056 1094 2123 cruciatum
1111 2080 1145 2123 se
1161 2071 1318 2124 venturos

285 2178 444 2247 viderent.
471 2207 488 2242 n
522 2179 668 2245 locmus
702 2189 752 2244 est
781 2199 842 2266 pro
872 2173 923 2241 his
951 2173 1134 2242 Divitiacus
1163 2173 1317 2241 AEduus:

286 2327 303 2362 n
329 2294 446 2365 Galliae
478 2294 579 2362 totius
606 2294 776 2368 factiones,
793 2316 861 2360 esse
890 2290 970 2358 duas
998 2315 1006 2358 ε
1033 2291 1151 2359 harum
1184 2290 1318 2360 alterius

285 2415 508 2510 principatum
527 2427 640 2480 tenere
657 2409 797 2496 AEduos‚
813 2408 947 2478 alterius
968 2412 1126 2478 Auernos.
1152 2412 1195 2476 Hi
1215 2433 1318 2503 quum

287 2548 461 2626 tantopere
481 2530 522 2598 de
546 2543 719 2622 potentatu
744 2530 831 2597 iuter
854 2553 887 2596 sc
908 2525 1030 2595 multos
1055 2550 1160 2595 annos
1182 2541 1319 2596 couten-

286 2652 420 2738 derent‚
440 2650 563 2720 saeuam
588 2673 671 2736 esse,
692 2648 740 2716 uti
767 2648 808 2715 ab
827 2647 966 2715 Avernis
990 2647 1215 2739 Sequanisque
1235 2652 1319 2719 Ger-

287 2773 377 2840 mani
393 2767 543 2839 mercede
559 2780 810 2836 arcesserentur.
828 2768 955 2833 Horum
972 2766 1080 2858 primo
1094 2767 1224 2836 circiter
1243 2768 1318 2837 mil·

287 2887 331 2957 lia
355 2911 400 2957 xv
427 2888 582 2957 Rhenum
606 2886 760 2970 transisse
789 2910 797 2952 :
824 2898 1037 2977 posteaquam
1062 2909 1173 2979 agros,
1197 2901 1230 2954 et
1251 2886 1320 2954 cul·

289 3022 379 3093 tum,
398 3019 431 3074 et
450 3006 561 3099 copias
579 3001 755 3074 Gallorum
776 3003 925 3072 homines
948 3004 1007 3072 feri
1027 3028 1065 3072 ac
1085 3003 1214 3072 barbari
1239 3005 1318 3072 ada-

289 3138 453 3213 massem,
485 3123 654 3193 traductos
679 3121 819 3215 plures:
841 3147 929 3192 nunc
953 3149 1022 3192 esse
1047 3124 1081 3190 in
1103 3123 1212 3192 Gallia
1237 3125 1278 3194 ad
1300 3149 1319 3194 c

287 3259 322 3314 et
345 3267 393 3314 xx
417 3239 557 3312 millium
580 3264 756 3309 numerum
782 3267 790 3308 ε
819 3266 895 3310 cum
917 3243 969 3310 his
991 3242 1115 3310 AEduos
1141 3265 1321 3336 eorumque

288 3363 424 3432 clientes
438 3357 538 3430 semel
555 3373 655 3452 atque
669 3360 789 3427 iterum
805 3361 904 3429 armis
920 3361 1148 3447 contendisse3
1167 3385 1320 3455 maguam

288 3480 508 3552 calamitatem
524 3477 637 3573 pulsos
655 3477 830 3571 accepisse,
851 3503 984 3549 omnem
1004 3478 1232 3569 nobilitatem,
1249 3505 1321 3549 om·

288 3625 364 3679 nem
383 3613 553 3684 mantum,
570 3621 702 3667 omnem
718 3598 901 3692 equitatum
918 3601 1074 3670 amisisse.
1084 3601 1217 3690 Quibus
1233 3624 1320 3692 proe-

289 3720 341 3790 liis
360 3716 666 3811 calamitatibusque
683 3717 822 3802 fractos,
842 3717 898 3810 qui
918 3731 952 3785 et
972 3741 1028 3786 sua
1049 3718 1188 3804 virtute,
1209 3732 1242 3786 et
1261 3741 1321 3810 po·

288 3837 509 3932 puli'romani
527 3837 671 3930 hospitio
695 3849 794 3930 atque
816 3837 962 3904 amicitia
984 3832 1165 3930 plurimum
1187 3851 1264 3906 ante
1286 3837 1320 3904 in

289 3955 398 4027 Gallia
424 3957 626 4052 potuissent,
657 3969 788 4026 coactos
811 3979 880 4024 esse
903 3955 1062 4048 Sequanis
1088 3955 1217 4024 obsides
1243 3953 1322 4024 dare
