3038 4766
471 421 523 476 DE
543 419 666 476 BELIO
688 419 804 476 CIVILI
823 419 893 476 LIB.
914 420 968 475 III.
1184 437 1235 474 ror

206 565 270 636 que
289 558 437 638 tempore
455 545 550 638 signa
570 547 641 640 ejus
658 543 813 613 militaria
830 559 928 636 atque
944 567 1033 612 arma
1052 545 1173 635 Capuae
1189 569 1239 612 cs-

207 678 280 734 sent
299 664 551 758 comprehensa,
567 679 599 733 et
618 663 742 734 familia
760 661 901 758 Neapoli
920 665 1005 746 visa,
1020 677 1119 755 atque
1130 663 1239 757 prodi·

206 785 254 852 tio
264 783 379 877 oppidi
389 799 576 878 appareret,
589 783 759 879 patefactis
773 781 933 869 consiliis,
945 781 1098 852 exclusus
1107 783 1237 875 Capua,

207 917 239 970 et
265 902 447 996 periculum'
473 905 614 990 veritus,
642 903 731 996 quod
758 918 939 973 conventus
965 927 1057 970 arma
1086 915 1237 994 ceperat,

208 1036 306 1115 atque
328 1043 403 1092 eum
426 1023 527 1092 ltostis
548 1023 621 1107 loco
644 1022 832 1094 habendum
855 1021 1080 1108 existimabat,
1100 1019 1238 1089 consilio

208 1141 350 1229 destitit,
367 1157 467 1234 atque
482 1167 521 1212 eo
538 1145 654 1212 itinere
670 1165 738 1212 sese
753 1144 880 1210 avertit.

257 1264 367 1331 XXII.
386 1263 521 1331 Interim
537 1261 638 1349 Milo,
656 1261 797 1330 dimissis
812 1263 937 1332 circum
958 1263 1137 1356 municipia
1154 1259 1238 1328 litte·

207 1382 273 1468 ris,
291 1405 348 1468 ea,
372 1405 446 1472 quae
467 1381 602 1466 Iaceret,
620 1383 713 1474 jussu
737 1395 835 1476 atque
855 1383 993 1475 imperio
1015 1380 1121 1449 facere
1143 1383 1243 1462 Ροιη·Ι

207 1502 289 1594 peii,
316 1525 389 1593 quae
413 1501 565 1569 mandata
590 1500 631 1570 ad
657 1525 774 1593 seper
805 1500 957 1573 Bibulum
988 1499 1091 1568 delata
1117 1515 1238 1586 essent,

208 1645 291 1713 quos
315 1645 355 1690 ex
381 1645 445 1691 aere
469 1619 577 1689 alieno
599 1619 749 1690 laborare
772 1621 1005 1706 arbitrabatur,
1030 1617 1236 1688 sollicitabat.

207 1739 306 1833 Apud
336 1765 420 1834 quos
450 1765 553 1834 quum
585 1738 746 1834 proficere
777 1737 859 1808 nihil
889 1753 1016 1833 posset,
1042 1737 1237 1830 quibusdam

209 1859 324 1928 solutis
350 1859 544 1954 ergastulis,
569 1863 688 1930 Cosam
716 1865 749 1926 in
775 1883 855 1954 agro
881 1859 1017 1928 thurino
1047 1881 1239 1950 oppugnare

208 1980 316 2072 coepit.
340 1983 389 2048 Eo
411 2004 514 2071 quum
532 2005 549 2048 a
572 1981 615 2066 Q.
636 1977 746 2048 Paedio
768 1993 909 2073 praetore
931 2002 1006 2046 curn
1029 1975 1156 2069 legione
1158 2027 1238 2044 .......

208 2096 317 2190 lapide
337 2100 421 2167 ictus
441 2123 481 2166 ex
501 2122 618 2188 muro,
636 2099 753 2192 periit3
774 2113 807 2166 et
827 2095 967 2183 Coelius,
992 2095 1177 2190 proiectus,
1201 2109 1239 2162 ut

208 2217 396 2302 dictitabat,
413 2217 454 2286 ad
476 2221 659 2302 Caesarem,
678 2218 828 2312 pervenit
846 2217 988 2285 Thurios
1007 2241 1013 2283 :
1034 2215 1109 2300 ubi,
1134 2238 1236 2306 quum

210 2335 368 2430 quosdam
380 2338 451 2430 ejus
460 2338 630 2431 municipii
646 2327 850 2421 sollicitaret,
859 2335 1090 2428 equitibusque
1103 2335 1239 2404 Caesaris

208 2455 302 2551 gallis
320 2471 419 2550 atque
437 2457 601 2551 hispanis,
619 2458 675 2550 qui
693 2479 732 2524 eo
751 2453 892 2547 praesidii
908 2479 1004 2523 causa
1024 2447 1115 2520 missi
1132 2466 1239 2537 erant,

208 2579 380 2668 pecuniam
395 2575 616 2670 polliceretur,
634 2576 730 2644 abiis
750 2589 800 2642 est
816 2572 1014 2641 interfectus.
1038 2575 1088 2641 Ita
1110 2583 1241 2662 magua·-

208 2719 281 2764 rum
310 2697 404 2764 initia
427 2719 557 2776 rerum,
585 2717 657 2786 quae
683 2694 900 2784 occupatione
928 2693 1179 2784 magistratuum
1205 2703 1240 2757 et

208 2829 395 2907 temporum
416 2810 591 2883 sollicitam
606 2807 735 2878 Italiam
751 2809 938 2896 habebant,
958 2807 1094 2877 celerem
1112 2823 1146 2876 et
1162 2809 1240 2878 laci·

207 2929 272 3002 lem
289 2933 413 3002 exitum
433 2931 630 3000 babuerunt.

253 3053 380 3120 XXIII.
399 3050 498 3135 Libo,
516 3049 681 3144 profectus
698 3049 739 3118 ab
755 3051 859 3120 Orico
876 3075 952 3120 cum
964 3049 1082 3136 classe,
1094 3052 1146 3120 cui
1159 3075 1241 3145 prae-

207 3184 292 3253 erat,
309 3169 443 3237 navium
463 3171 718 3264 quinquaginta,
734 3169 946 3240 Brundisium
962 3173 1067 3258 venit,
1085 3169 1239 3240 insulam-

208 3313 290 3382 que,
315 3315 388 3382 quae
405 3304 521 3364 contra
542 3289 773 3358 brundisinum
793 3305 925 3384 portum
956 3305 1023 3379 est,
1037 3287 1239 3386 'occupavit3

205 3408 297 3502 quod
318 3423 473 3503 praestare
493 3409 728 3494 arbitrabatur,
744 3431 847 3478 unum
864 3409 971 3480 locum
984 3463 993 3488 ,
1007 3435 1072 3503 qua
1092 3434 1238 3478 necessa·

206 3530 276 3598 rius
289 3530 410 3600 uostris
424 3543 494 3598 erat
506 3552 675 3622 egressus,
688 3551 786 3622 quam
797 3531 947 3598 omnium
962 3527 1059 3598 litora
1071 3549 1110 3598 ac
1123 3543 1239 3622 portus

207 3649 357 3718 custodia
386 3648 515 3717 clausos
545 3649 657 3716 teneri.
684 3650 746 3718 IIic
775 3649 947 3740 repentino
972 3645 1113 3715 adventu
1141 3671 1241 3716 naves

208 3768 374 3836 onerarias
388 3766 551 3860 quasdam
575 3780 691 3836 nactus
711 3767 875 3854 incendit,
897 3781 929 3834 et
951 3789 1051 3834 unam
1074 3765 1240 3834 frumento

209 3900 361 3953 onustam
379 3886 532 3974 abduxit,
553 3910 775 3980 magnumque
791 3886 913 3956 nostris
931 3900 1088 3956 terrorem
1109 3886 1239 3978 injecit,

209 4016 260 4092 et,
289 4019 389 4075 noctu
419 4003 578 4074 militibus
603 4020 638 4074 et
665 4007 842 4100 sagittariis
863 4008 895 4074 in
918 4021 1037 4076 terram
1064 4006 1240 4099 expositis,
