3060 4768
504 448 554 504 nn
575 439 699 504 nanno
719 447 926 506 Amano.
1173 447 1229 504 265

202 601 272 649 sese
292 587 499 661 convertere,
519 585 552 642 et
575 596 652 640 suos
671 585 745 665 post
762 595 797 640 se
817 571 1003 664 frequentes
1023 572 1227 666 stipatusque

202 709 385 790 proterere,
398 705 432 760 et
442 692 477 760 in
496 705 609 786 portas
622 688 699 758 valli
709 689 891 760 semifactas
902 713 998 760 ruere
1008 689 1228 762 contendunt.

201 818 286 884 Item
301 812 410 881 Mauri
426 811 568 902 equites,
580 809 638 902 qui
658 810 691 878 in
707 808 822 878 eodem
835 833 939 878 cornu
956 833 1032 878 cum
1045 806 1227 904 elephantis

202 945 311 1018 erant,
331 928 483 1024 praesidio
505 927 640 1014 deserti,
661 928 826 1021 principes
846 925 987 1021 bagiunt.
1009 929 1060 998 lta
1079 925 1228 998 celeriter

202 1049 314 1118 bestiis
327 1049 519 1130 circumitis,
537 1046 680 1140 legiones
697 1044 782 1116 vallo
796 1045 941 1116 hostium
956 1061 1034 1116 sunt
1047 1049 1179 1141 potitae:
1194 1063 1227 1118 ct
1356 1101 1359 1108 .

203 1169 316 1262 paucis
331 1169 450 1238 acriter
460 1165 721 1260 repugnantibus
732 1163 928 1251 interfectis,
941 1164 1058 1260 reliqui
1071 1167 1228 1236 concitati

203 1288 237 1358 in
258 1301 379 1372 castra,
398 1285 486 1354 unde
506 1284 611 1378 pridie
627 1297 724 1354 erunt
739 1285 878 1378 egressi,
895 1283 1101 1379 confugiunt.

251 1409 436 1478 LXXXIV.
455 1407 532 1475 Non
545 1403 761 1475 videturesse
781 1404 1097 1496 pretermittendum
1106 1403 1147 1474 de
1164 1406 1229 1474 uir·
1261 1479 1268 1494 ,

203 1540 274 1594 tute
292 1523 405 1594 militis
431 1523 575 1592 veterani
595 1546 618 1590 v
640 1520 787 1615 legionis.
811 1523 897 1592 Nam
917 1546 1020 1613 quum
1041 1525 1074 1593 in
1094 1524 1229 1596 sinistro

203 1669 307 1716 cornu
337 1643 547 1738 elephantus,
566 1641 702 1712 vulnere
722 1643 821 1726 ictus,
844 1655 878 1711 et
895 1641 1009 1711 dolore
1029 1644 1232 1730 concitatus,

206 1767 241 1834 in
258 1763 360 1832 lixam
380 1764 538 1831 inermem
559 1762 718 1856 impetum
744 1759 887 1846 fecisset,
907 1783 1051 1854 cumque
1069 1761 1130 1829 sub
1150 1759 1233 1854 pede

205 1882 394 1970 subditum,
414 1877 531 1950 deinde
549 1904 636 1975 genu
657 1861 806 1963 innisus,
826 1877 973 1974 pondere
992 1903 1071 1964 suo,
1090 1878 1232 1972 probos·

206 2001 395 2072 cideerecta
411 1999 638 2092 vibrantique,
655 1997 797 2068 stridore
807 1998 949 2066 maximo
957 2012 1119 2092 premeret
1134 2012 1233 2091 atque

207 2135 375 2202 enecaret,
395 2119 489 2188 miles
508 2120 562 2188 hic
581 2142 648 2187 non
675 2119 785 2212 potuit
803 2119 890 2210 pati,
911 2118 991 2212 quin
1011 2141 1046 2186 se
1070 2133 1234 2188 armatum

185 2253 193 2322 ξ
206 2239 320 2308 bestiae
333 2237 476 2308 offerret
490 2239 601 2326 Quem
613 2251 787 2331 postquam
798 2235 992 2332 elephantus
1005 2237 1095 2307 adse
1110 2235 1176 2307 telo
1185 2239 1235 2306 in-

207 2356 290 2426 festo
304 2359 417 2428 venire
430 2356 676 2442 animadvertit,
695 2354 810 2426 relicto
823 2355 996 2441 cadavere,
1011 2356 1149 2426 militem
1160 2382 1235 2452 pro·

205 2475 338 2546 boscide
356 2476 556 2564 circumdat,
575 2492 674 2569 atque
693 2477 727 2542 in
741 2471 881 2544 sublime
899 2472 1027 2545 extollit
1045 2491 1232 2545 amatum:

207 2597 313 2687 quiin
330 2595 493 2688 ejusmodi
509 2592 656 2688 periculo
669 2616 772 2683 quum
786 2607 975 2662 constanter
992 2595 1154 2688 agendum
1171 2595 1235 2664 sibi

206 2713 349 2798 videret,
380 2714 490 2807 gladio
524 2711 767 2806 proboscidem,
802 2735 869 2804 quo
896 2725 966 2781 erat
997 2713 1235 2794 circumdatus,

206 2831 348 2919 credere,
376 2846 536 2923 quantum
568 2829 692 2899 viribus
719 2844 865 2925 poterat,
887 2855 955 2900 non
978 2829 1104 2900 destitit
1131 2858 1140 2900 ε
1168 2857 1236 2926 quo

206 2950 320 3021 dolore
349 2949 510 3020 adductus
542 2948 753 3044 elephantus,
784 2949 886 3020 milite
918 2951 1061 3044 abjecto,
1092 2952 1236 3021 maximo

207 3091 283 3136 cum
301 3067 442 3138 stridore
460 3091 627 3162 cursuque
643 3093 820 3140 conversus
838 3069 881 3139 ad
899 3068 1042 3163 reliquas
1061 3069 1181 3140 bestias
1200 3095 1235 3140 se

206 3189 338 3281 recepit

253 3309 420 3378 LXXXV.
438 3310 575 3378 Interim
594 3311 726 3403 Thapso
744 3313 803 3404 qui
819 3327 915 3381 eram
932 3311 1100 3408 presidio,
1120 3337 1159 3382 ex
1176 3337 1235 3408 op-

206 3426 286 3522 pido
301 3428 508 3522 eruptionem
519 3443 615 3523 porta
632 3431 796 3499 maritima
811 3429 957 3520 faciunt,
968 3447 1016 3520 et,
1032 3433 1102 3502 sive
1117 3446 1155 3501 ut
1166 3434 1234 3501 suis

206 3547 353 3618 subsidio
365 3564 593 3636 occurrerent,
606 3549 675 3619 sive
690 3563 745 3634 ut,
759 3550 883 3644 oppido
899 3550 1046 3639 deserto,
1059 3551 1138 3645 luga
1153 3549 1236 3622 salu·

207 3681 272 3736 tem
286 3667 348 3736 sibi
363 3683 533 3762 pararent,
545 3669 776 3766 egrediuntur3
789 3687 889 3766 atque
901 3673 945 3740 ita
956 3695 1017 3766 per
1030 3695 1121 3741 mare
1133 3673 1236 3741 umbi·

207 3781 332 3854 lieifine
341 3787 478 3882 ingressi
484 3802 622 3874 ‚terram
630 3789 1039 3884 petebantaqniaservitiis
1045 3793 1235 3888 puerisque,

206 3901 264 3992 qui
285 3903 319 3970 in
336 3907 451 3974 castris
467 3921 577 3994 erant,
593 3905 758 4001 lapidibus
778 3907 917 4004 pilisque
935 3909 1093 4004 prohibiti
1112 3924 1233 3980 terram

207 4020 387 4114 attingere,
400 4047 512 4094 rnrsns
524 4049 558 4094 se
574 4025 608 4092 in
620 4028 780 4122 oppidum
796 4044 1000 4125 receperunt.
1018 4029 1155 4098 Interim
1169 4031 1236 4099 Sci·
