3088 4766
509 341 560 396 DE
580 343 703 400 BELLO
724 345 838 402 elvttt
858 345 928 404 tht.
945 349 998 404 lll.
1213 355 1266 412 115

238 475 398 532 statuerat
412 487 479 532 non
498 489 567 534 esse
585 465 781 538 faciendum.
800 469 1071 564 Relinquebatur,
1089 491 1140 560 ut,
1158 495 1265 550 extre-

237 605 325 650 mam
343 583 505 652 rationem
525 582 602 653 belli
623 607 781 680 sequens,
801 612 900 682 quarn
917 587 1077 684 plurimos
1095 593 1193 666 colles
1211 623 1282 688 ος-1

236 717 390 795 cuperet,
411 715 444 772 et
464 725 564 796 quam
585 701 757 776 latissimas
775 710 926 802 regiones
943 712 1102 805 praesidiis
1122 731 1264 806 teneret,

236 823 437 916 Caesarisque
452 824 581 918 copias,
602 849 702 917 quam
720 830 860 897 maxime
876 847 1004 924 posset,
1023 834 1212 924 distineret3
1231 839 1264 907 id

236 939 325 1035 quod
340 941 470 1012 accidit.
485 942 635 1014 Castellis
649 947 738 1014 enim
754 971 835 1018 xxiv
850 949 993 1036 effectis,
1010 977 1053 1020 xv
1069 953 1170 1022 millia
1189 980 1263 1048 pas·

235 1062 389 1132 suumin
414 1063 556 1130 circuitu
582 1061 775 1156 amplexus,
801 1066 865 1136 hoc
890 1071 996 1162 spatio
1020 1069 1262 1165 pabulabatur;

235 1178 404 1272 multaque
421 1196 515 1248 erant
531 1181 619 1250 iutra
636 1205 711 1250 eum
727 1180 837 1252 locum
852 1210 951 1254 manu
969 1201 1058 1274 sata,
1076 1191 1196 1283 quibus
1215 1194 1263 1261 in-

235 1300 330 1368 terim
346 1300 496 1392 jumeuta
516 1316 674 1394 pasceret.
693 1306 801 1394 Atque
823 1318 860 1372 ut
879 1308 981 1374 nostri
1000 1323 1174 1401 perpetuus
1191 1336 1262 1382 mu-

235 1419 375 1487 nitiones
392 1419 574 1503 habebant,
591 1419 831 1514 perductusque
847 1447 887 1492 ex
903 1423 1043 1494 castellis
1061 1427 1094 1495 in
1113 1432 1263 1520 proxima

234 1535 384 1624 castella,
401 1563 443 1608 ne
461 1563 528 1631 quo
545 1538 618 1608 loco
633 1555 842 1634 erumperent
860 1545 1067 1636 Pompeiani,
1082 1561 1115 1614 et
1133 1561 1262 1618 nostros

233 1674 309 1754 post
333 1673 463 1754 tergum
489 1659 717 1746 adorirentur,
742 1662 789 1729 ita
814 1660 861 1730 illi
882 1664 1038 1732 interiore
1059 1668 1165 1758 spatio
1187 1691 1262 1760 per·

234 1793 349 1873 petuas
374 1778 575 1847 munitiones
600 1777 804 1864 efficiebant,
825 1804 866 1848 ue
890 1805 957 1873 quo
981 1779 1054 1850 loco
1080 1785 1182 1852 nostri
1208 1787 1260 1854 in-

234 1911 336 1982 trare,
354 1911 453 1989 atque
471 1899 591 1990 ipsosa
610 1911 703 1992 tergo
716 1899 953 1970 circumvenire
970 1916 1112 1994 possent.
1129 1902 1194 1971 Sed
1212 1902 1260 1971 illi

234 2016 389 2109 operibus
409 2016 604 2104 vincebant,
631 2014 720 2108 quod
742 2032 775 2086 et
799 2042 937 2086 numero
960 2017 1100 2088 militum
1126 2038 1260 2113 presta·

232 2136 332 2221 bant,
351 2149 392 2202 et¹
405 2135 561 2204 interiore
578 2136 685 2228 spatio
706 2137 867 2204 minorem
887 2137 1062 2206 circuitum
1086 2138 1259 2208 haltebant.

232 2255 317 2344 Quae
338 2279 440 2348 quum
458 2269 553 2323 erant
574 2251 645 2324 loca
670 2256 791 2324 Caesari
810 2254 986 2350 capienda,
1004 2258 1064 2326 etsi
1084 2257 1260 2350 prohibere

237 2375 412 2468 Pompeius
432 2375 509 2442 totis
529 2375 632 2467 copiis
648 2389 683 2442 et
702 2373 857 2442 dimicare
874 2399 943 2443 non
959 2377 1189 2464 constituerat,
1210 2393 1258 2446 tu·

232 2519 307 2564 men
327 2496 394 2564 suis
414 2493 493 2562 locis
514 2494 699 2586 sagittarios
719 2489 966 2586 funditoresque
989 2495 1157 2581 mittebat,
1176 2520 1260 2589 quo·

236 2637 310 2682 rum
330 2637 486 2704 magnum
509 2610 652 2680 habebat
672 2634 866 2694 numerum,
884 2610 1047 2704 multique
1071 2637 1110 2681 ex
1136 2615 1257 2682 nostris

234 2730 508 2815 vulnerabantur3
524 2729 727 2820 magnusque
742 2729 915 2798 incesserat
931 2731 1029 2796 timor
1045 2733 1257 2823 sagittarum,

233 2864 331 2943 atque
350 2871 464 2918 omnes
487 2846 554 2916 fere
573 2843 691 2914 milites
712 2859 770 2914 aut
791 2869 830 2913 ex
848 2847 988 2934 coactis,
1010 2862 1068 2914 aut
1087 2873 1127 2916 ex
1145 2864 1258 2916 cento·

233 2969 351 3055 nibus,
374 2981 432 3036 aut
455 2991 495 3034 ex
522 2966 618 3032 coriis
644 2965 793 3051 tunicas,
811 2980 868 3035 aut
897 2967 1069 3060 tegimenta
1092 2966 1258 3053 fecerant,

231 3088 351 3180 quibus
372 3085 435 3154 tela
453 3086 603 3154 vitarent.

280 3209 384 3276 XLV.
402 3207 439 3273 ln
457 3202 658 3297 occupandis
673 3203 830 3297 praesidiis
843 3227 962 3296 magna
976 3205 1007 3270 vi
1023 3219 1161 3297 uterque
1175 3207 1257 3273 nite-

186 3355 193 3372 ·
231 3329 344 3414 batur,
365 3329 489 3411 Caesar,
510 3340 548 3394 ut
568 3347 667 3418 quam
687 3324 915 3417 augustissime
938 3326 1130 3418 Pompeium
1153 3325 1258 3392 conti-

231 3460 338 3533 neret,
349 3445 540 3540 Pompeius,
553 3456 700 3536 utquam
714 3439 874 3534 plurimos
886 3439 985 3510 colles
1002 3466 1100 3533 quam
1113 3445 1257 3510 maximo

231 3562 371 3634 circuitu
400 3574 596 3657 occuparet;
623 3561 801 3652 crebraque
824 3559 868 3627 ob
893 3582 966 3628 eam
990 3583 1121 3630 causam
1144 3557 1258 3653 praelia

233 3681 364 3750 fiebant.
376 3686 415 3751 ln
430 3683 481 3752 his
489 3705 591 3774 quum
603 3679 689 3774 legio
698 3681 834 3749 cesaris
848 3703 885 3748 ax
894 3677 1082 3772 presidium
1091 3677 1257 3770 quoddam

233 3803 470 3892 occupavisset,
484 3817 517 3869 et
532 3801 661 3870 munire
676 3802 841 3894 erupisset,
855 3799 931 3868 huic
947 3797 1020 3867 loco
1036 3799 1257 3892 propinquum

234 3930 266 3986 et
291 3921 491 3986 contrarium
511 3918 627 3988 collem
647 3921 822 4011 Pompeius
846 3919 1040 4012 occupavit,
1062 3933 1257 4010 nostrosque

1092 4035 1123 4104 8.
