3020 4768
267 369 303 428 lo
342 377 345 392 ¹
416 361 447 414 (L
469 359 568 415 JULll
588 357 752 417 CAESARIS
771 357 1133 414 commentorum

266 489 336 556 stiis
358 478 543 569 collocatis,
559 483 744 551 exercitum.
758 482 875 550 itinere
894 481 1123 576 prohiberent,
1143 484 1204 575 ipsi
1221 484 1294 552 sine

264 603 414 700 periculo
436 630 475 674 ac
498 605 616 672 timore
643 599 776 669 Iberum
809 601 920 693 copias
946 599 1183 669 traducerent:
1202 602 1291 695 quod

265 725 329 794 tuit
339 724 402 794 illis
415 721 621 806 conandum,
641 733 745 813 atque
758 721 849 786 omni
858 720 986 787 ratione
994 718 1213 788 efficiendum.
1226 721 1291 790 Sed

266 846 367 912 totius
384 842 448 912 diei
466 853 690 935 pugnantque
716 838 842 906 itineris
868 834 980 905 labore
1005 835 1140 926 defessi,
1164 863 1232 908 rem
1257 842 1290 909 in

268 977 437 1056 posterum
460 959 546 1029 diem
575 955 784 1027 distulerunt.
813 959 922 1026 Caesur
938 979 1070 1049 quoqne
1090 959 1123 1024 in
1142 961 1291 1050 proximo

267 1079 350 1149 colle
365 1095 471 1148 castra
488 1081 592 1172 ponit.

314 1202 433 1268 LXVI.
459 1185 570 1267 Media
584 1199 715 1266 circiter
728 1210 825 1264 nocte
842 1197 899 1280 iis,
917 1195 975 1288 qui
994 1195 1180 1289 adaquandi
1194 1221 1292 1266 causa

269 1318 397 1412 longius
417 1343 435 1386 a
452 1320 566 1386 castris
589 1329 834 1410 processerant,
852 1314 893 1382 eb
922 1315 1086 1408 equitibus
1112 1319 1290 1410 correptis,

267 1437 303 1506 lit
322 1437 363 1504 ab
380 1435 433 1505 his
459 1438 579 1504 certior
597 1439 721 1515 Cacsar,
755 1434 853 1503 duces
880 1433 1141 1504 adversariorum
1165 1433 1292 1504 silentio

268 1557 379 1650 copias
397 1557 511 1624 castris
525 1554 673 1624 educere.
695 1555 774 1641 Quo
794 1555 942 1647 cognitu,
954 1553 1086 1647 signum
1097 1553 1170 1622 dari
1180 1553 1292 1647 jubet,

268 1690 302 1743 et
314 1699 391 1744 vasa
406 1673 540 1743 militari
554 1699 645 1744 ruore
658 1672 867 1743 conclamari.
878 1671 948 1757 Illi,
961 1671 1115 1741 exaudito
1128 1670 1289 1758 clamore,

269 1797 381 1879 veriti,
400 1819 441 1862 ue
460 1809 560 1862 noctu
581 1792 728 1886 impediti
747 1793 808 1860 sub
823 1815 924 1860 onere
941 1790 1117 1885 confligere
1135 1815 1290 1886 cogeren-

270 1927 345 1996 tur,
361 1927 417 1980 aut
436 1937 476 1981 ne
493 1913 534 1980 ab
554 1913 701 2003 equitatu
718 1911 853 1979 Caesaris
871 1912 904 1978 in
921 1911 1080 2004 angustiis
1094 1924 1293 1991 tenerentur,

271 2030 333 2097 iter
349 2031 573 2120 supprimunt,
589 2030 764 2122 copidsque
778 2029 812 2095 in
829 2030 943 2096 castris
959 2030 1138 2097 continent.
1159 2031 1295 2097 Postero

272 2147 341 2230 die,
353 2148 502 2215 Petreius
516 2171 591 2214 cum
605 2149 716 2238 paucis
728 2146 893 2238 equitibus
904 2144 1032 2215 occulte
1043 2145 1085 2214 ad
1096 2145 1296 2239 exploranda

272 2263 342 2332 loca
359 2263 587 2357 proficiscitur.
604 2268 677 2333 Hoc
694 2265 780 2334 idern
793 2263 829 2330 fit
846 2288 883 2331 ex
901 2266 1036 2333 Coesaris
1048 2266 1171 2334 castris.
1188 2267 1295 2334 Mitti·

272 2400 326 2453 tur
336 2387 375 2454 L.
389 2384 546 2454 Decidius
565 2389 649 2454 Saxa
666 2409 739 2453 curn
763 2385 889 2477 paucis,
901 2387 957 2477 qui
976 2381 1040 2452 loci
1053 2399 1202 2453 naturam
1220 2409 1295 2477 per·

272 2505 398 2596 spiciat.
418 2507 567 2596 Uterque
584 2504 670 2572 idern
694 2505 760 2572 suis
786 2505 1005 2590 renuntiat,v
1026 2502 1126 2572 millia
1143 2528 1296 2596 passuum

274 2625 421 2714 proxima
449 2621 651 2692 intercedere
678 2624 802 2691 itineris
827 2624 1032 2715 campestris,
1054 2622 1131 2690 inde
1150 2624 1297 2715 excipere

276 2739 347 2810 loca
367 2767 481 2835 aspera
499 2757 531 2811 et
546 2758 738 2812 montuosa:
759 2744 816 2835 qui
835 2744 926 2836 prior
941 2743 999 2810 bas
1014 2744 1179 2835 angustias
1200 2765 1297 2810 occu·

273 2862 471 2952 paverit,ad
489 2863 550 2930 lroc
570 2862 699 2930 hostem
718 2861 903 2954 prohiberi,
924 2859 1007 2930 nihil
1026 2885 1094 2930 esse
1112 2861 1245 2954 negotii.
1298 2887 1301 2900 ·

321 2983 457 3050 LXVll.
485 2983 681 3074 Disputatur
698 2983 730 3048 in
752 2980 893 3048 concilio
910 3005 930 3047 a
950 2983 1078 3048 Petreio
1094 2994 1127 3048 et
1144 2979 1296 3066 Afrani0,

274 3113 308 3168 et
335 3113 464 3189 tempus
484 3099 700 3190 profectionis
724 3101 891 3191 quaeritur.
920 3097 1072 3192 Plerique
1105 3101 1296 3186 censebant,

274 3247 289 3278 <a
300 3228 337 3284 ut
352 3230 452 3283 noctu
474 3218 535 3283 iter
546 3217 705 3286 facerent:
722 3243 816 3312 posse
829 3221 918 3311 prius
932 3218 974 3286 ad
988 3220 1156 3312 angustias
1178 3220 1298 3298 veniri,

273 3357 371 3428 quam
388 3335 595 3404 sentirentur.
609 3334 689 3424 Alii,
705 3337 795 3431 quod
815 3336 920 3430 pridie
939 3352 1039 3406 noctu
1056 3334 1296 3404 conclamatum

273 3468 357 3522 esset
375 3455 408 3522 in
428 3457 541 3522 castris
557 3457 708 3542 Caesaris,
729 3460 912 3552 argumenti
930 3457 1102 3526 sumebant
1119 3451 1192 3523 loco
1204 3505 1214 3540 ,
1228 3478 1297 3522 non

275 3599 369 3666 posse
381 3574 463 3644 clam
477 3576 573 3662 exiri;
591 3577 812 3646 circumfundi
829 3593 928 3646 noctu
945 3579 1124 3669 equitatum
1139 3574 1299 3654 Caesaris,

274 3706 373 3785 atque
392 3697 501 3763 omnia
523 3695 593 3764 loca
621 3711 719 3788 atque
746 3697 865 3763 itinera
885 3695 1049 3765 obsideri:
1072 3705 1299 3785 nocturnaque

279 3809 394 3903 proelie
406 3837 475 3881 esse
493 3814 638 3900 vitanda,
651 3811 737 3905 quod
755 3814 948 3906 perterritus
966 3814 1059 3883 miles
1077 3814 1111 3879 in
1128 3808 1216 3880 civili
1230 3811 1299 3880 dis·

276 3929 426 4007 sensione
446 3932 555 3999 timori
578 3932 701 4025 magis,
717 3955 815 4023 quam
836 3929 1005 4028 religioni,
1025 3931 1196 4003 consulere
1222 3957 1301 4003 con·
