<?xml version="1.0" encoding="UTF-8"?>
<!DOCTYPE html PUBLIC "-//W3C//DTD XHTML 1.0 Transitional//EN"
    "http://www.w3.org/TR/xhtml1/DTD/xhtml1-transitional.dtd">
<html xmlns="http://www.w3.org/1999/xhtml" xml:lang="en" lang="en">
 <head>
  <title>
</title>
<meta http-equiv="Content-Type" content="text/html;charset=utf-8" />
  <meta name='ocr-system' content='tesseract 3.04.00' />
  <meta name='ocr-capabilities' content='ocr_page ocr_carea ocr_par ocr_line ocrx_word'/>
</head>
<body>
  <div class='ocr_page' id='page_1' title='image "./cjcaesarisopera00caesgoog_0399.png"; bbox 0 0 3038 4766; ppageno 0'>
   <div class='ocr_carea' id='block_1_1' title="bbox 468 333 1226 434">
    <p class='ocr_par' dir='ltr' id='par_1_1' title="bbox 468 333 1226 434">
     <span class='ocr_line' id='line_1_1' title="bbox 468 333 1226 434; baseline -0.005 -16"><span class='ocrx_word' id='word_1_1' title='bbox 468 364 525 420; x_wconf 83' lang='lat' dir='ltr'>nn·</span> <span class='ocrx_word' id='word_1_2' title='bbox 539 363 661 420; x_wconf 82' lang='lat' dir='ltr'>nauto</span> <span class='ocrx_word' id='word_1_3' title='bbox 676 347 797 420; x_wconf 61' lang='lat' dir='ltr'>¹nrvun</span> <span class='ocrx_word' id='word_1_4' title='bbox 817 333 885 418; x_wconf 80' lang='lat' dir='ltr'>nin.</span> <span class='ocrx_word' id='word_1_5' title='bbox 904 364 957 418; x_wconf 90' lang='grc' dir='ltr'><strong>ιιι.</strong></span> <span class='ocrx_word' id='word_1_6' title='bbox 1189 361 1226 434; x_wconf 76' lang='lat' dir='ltr'>,a</span> 
     </span>
    </p>
   </div>
   <div class='ocr_carea' id='block_1_2' title="bbox 102 485 1273 1778">
    <p class='ocr_par' dir='ltr' id='par_1_2' title="bbox 102 485 1273 1778">
     <span class='ocr_line' id='line_1_2' title="bbox 199 485 1227 582; baseline -0.004 -25"><span class='ocrx_word' id='word_1_7' title='bbox 199 501 265 577; x_wconf 83' lang='lat' dir='ltr'>ret;</span> <span class='ocrx_word' id='word_1_8' title='bbox 282 487 498 581; x_wconf 87' lang='lat' dir='ltr'>eumdemque</span> <span class='ocrx_word' id='word_1_9' title='bbox 514 486 604 580; x_wconf 89' lang='lat' dir='ltr'>apud</span> <span class='ocrx_word' id='word_1_10' title='bbox 622 488 685 557; x_wconf 90' lang='lat' dir='ltr'>Cn.</span> <span class='ocrx_word' id='word_1_11' title='bbox 703 489 897 582; x_wconf 88' lang='lat' dir='ltr'>Pompeium</span> <span class='ocrx_word' id='word_1_12' title='bbox 918 485 1146 556; x_wconf 88' lang='lat' dir='ltr'>auctoritatem</span> <span class='ocrx_word' id='word_1_13' title='bbox 1169 485 1227 554; x_wconf 87' lang='lat' dir='ltr'>ha·</span> 
     </span>
     <span class='ocr_line' id='line_1_3' title="bbox 196 603 1225 700; baseline -0.004 -24"><span class='ocrx_word' id='word_1_14' title='bbox 196 609 274 677; x_wconf 88' lang='lat' dir='ltr'>bere</span> <span class='ocrx_word' id='word_1_15' title='bbox 287 605 499 700; x_wconf 83' lang='lat' dir='ltr'>intelligebat.</span> <span class='ocrx_word' id='word_1_16' title='bbox 521 609 601 676; x_wconf 83' lang='lat' dir='ltr'><strong>Erat</strong></span> <span class='ocrx_word' id='word_1_17' title='bbox 618 622 727 676; x_wconf 90' lang='lat' dir='ltr'>autem</span> <span class='ocrx_word' id='word_1_18' title='bbox 743 607 816 694; x_wconf 40' lang='lat' dir='ltr'>bac,</span> <span class='ocrx_word' id='word_1_19' title='bbox 829 605 960 678; x_wconf 85' lang='lat' dir='ltr'>summa¹</span> <span class='ocrx_word' id='word_1_20' title='bbox 975 603 1225 674; x_wconf 86' lang='lat' dir='ltr'>mandatorum:</span> 
     </span>
     <span class='ocr_line' id='line_1_4' title="bbox 198 723 1227 820; baseline 0.003 -30"><span class='ocrx_word' id='word_1_21' title='bbox 198 757 216 790; x_wconf 70' lang='lat' dir='ltr'>a</span> <span class='ocrx_word' id='word_1_22' title='bbox 227 725 347 796; x_wconf 89' lang='lat' dir='ltr'>debere</span> <span class='ocrx_word' id='word_1_23' title='bbox 365 740 541 819; x_wconf 90' lang='lat' dir='ltr'>utrumque</span> <span class='ocrx_word' id='word_1_24' title='bbox 558 727 746 820; x_wconf 83' lang='lat' dir='ltr'>pertinaciae</span> <span class='ocrx_word' id='word_1_25' title='bbox 762 725 859 796; x_wconf 89' lang='lat' dir='ltr'>finem</span> <span class='ocrx_word' id='word_1_26' title='bbox 875 723 1001 814; x_wconf 85' lang='lat' dir='ltr'>facere,</span> <span class='ocrx_word' id='word_1_27' title='bbox 1019 741 1052 794; x_wconf 89' lang='lat' dir='ltr'>et</span> <span class='ocrx_word' id='word_1_28' title='bbox 1070 725 1111 794; x_wconf 88' lang='lat' dir='ltr'>ab</span> <span class='ocrx_word' id='word_1_29' title='bbox 1127 725 1227 794; x_wconf 84' lang='lat' dir='ltr'>armis</span> 
     </span>
     <span class='ocr_line' id='line_1_5' title="bbox 110 838 1227 941; baseline -0.002 -27"><span class='ocrx_word' id='word_1_30' title='bbox 110 838 115 847; x_wconf 74' lang='grc'><strong>’</strong></span> <span class='ocrx_word' id='word_1_31' title='bbox 136 924 141 935; x_wconf 40' lang='grc' dir='ltr'>Ι</span> <span class='ocrx_word' id='word_1_32' title='bbox 167 863 185 900; x_wconf 79' lang='lat'>·,</span> <span class='ocrx_word' id='word_1_33' title='bbox 195 844 384 935; x_wconf 76' lang='lat' dir='ltr'><strong>discedere,</strong></span> <span class='ocrx_word' id='word_1_34' title='bbox 401 869 506 939; x_wconf 90' lang='lat' dir='ltr'>neque</span> <span class='ocrx_word' id='word_1_35' title='bbox 517 844 660 941; x_wconf 86' lang='lat' dir='ltr'>amplius</span> <span class='ocrx_word' id='word_1_36' title='bbox 672 844 838 917; x_wconf 85' lang='lat' dir='ltr'>fortunam</span> <span class='ocrx_word' id='word_1_37' title='bbox 855 844 1053 940; x_wconf 85' lang='lat' dir='ltr'>periclitari:</span> <span class='ocrx_word' id='word_1_38' title='bbox 1067 844 1145 914; x_wconf 86' lang='lat' dir='ltr'>satis</span> <span class='ocrx_word' id='word_1_39' title='bbox 1158 868 1227 914; x_wconf 87' lang='lat' dir='ltr'>esse</span> 
     </span>
     <span class='ocr_line' id='line_1_6' title="bbox 196 962 1226 1061; baseline -0.004 -25"><span class='ocrx_word' id='word_1_40' title='bbox 196 989 317 1060; x_wconf 84' lang='lat' dir='ltr'>magna</span> <span class='ocrx_word' id='word_1_41' title='bbox 335 964 491 1060; x_wconf 87' lang='lat' dir='ltr'>utrinque</span> <span class='ocrx_word' id='word_1_42' title='bbox 502 966 873 1061; x_wconf 86' lang='lat' dir='ltr'>incommodaaccepta,</span> <span class='ocrx_word' id='word_1_43' title='bbox 893 990 965 1059; x_wconf 84' lang='lat' dir='ltr'>quae</span> <span class='ocrx_word' id='word_1_44' title='bbox 976 989 1040 1061; x_wconf 90' lang='lat' dir='ltr'>pro</span> <span class='ocrx_word' id='word_1_45' title='bbox 1054 962 1226 1058; x_wconf 86' lang='lat' dir='ltr'>disciplina</span> 
     </span>
     <span class='ocr_line' id='line_1_7' title="bbox 103 1076 1225 1181; baseline -0.003 -28"><span class='ocrx_word' id='word_1_46' title='bbox 103 1076 108 1085; x_wconf 72' lang='grc'><strong>’</strong></span> <span class='ocrx_word' id='word_1_47' title='bbox 195 1099 229 1153; x_wconf 93' lang='lat' dir='ltr'>et</span> <span class='ocrx_word' id='word_1_48' title='bbox 247 1085 416 1179; x_wconf 69' lang='lat' dir='ltr'>praeceptis</span> <span class='ocrx_word' id='word_1_49' title='bbox 432 1085 553 1156; x_wconf 88' lang='lat' dir='ltr'>babere</span> <span class='ocrx_word' id='word_1_50' title='bbox 570 1100 720 1181; x_wconf 84' lang='lat' dir='ltr'><strong>possent,</strong></span> <span class='ocrx_word' id='word_1_51' title='bbox 737 1100 774 1154; x_wconf 94' lang='lat' dir='ltr'>ut</span> <span class='ocrx_word' id='word_1_52' title='bbox 793 1084 935 1179; x_wconf 90' lang='lat' dir='ltr'>reliquos</span> <span class='ocrx_word' id='word_1_53' title='bbox 953 1110 1047 1155; x_wconf 91' lang='lat' dir='ltr'>casus</span> <span class='ocrx_word' id='word_1_54' title='bbox 1064 1085 1225 1154; x_wconf 79' lang='lat' dir='ltr'>timerent.</span> 
     </span>
     <span class='ocr_line' id='line_1_8' title="bbox 102 1201 1226 1299; baseline -0.001 -27"><span class='ocrx_word' id='word_1_55' title='bbox 102 1202 109 1213; x_wconf 86' lang='lat'>&#39;</span> <span class='ocrx_word' id='word_1_56' title='bbox 196 1201 295 1274; x_wconf 91' lang='lat' dir='ltr'>Illum</span> <span class='ocrx_word' id='word_1_57' title='bbox 319 1203 415 1274; x_wconf 89' lang='lat' dir='ltr'>Italia</span> <span class='ocrx_word' id='word_1_58' title='bbox 440 1203 632 1299; x_wconf 83' lang='lat' dir='ltr'>expulsum,</span> <span class='ocrx_word' id='word_1_59' title='bbox 652 1205 771 1274; x_wconf 87' lang='lat' dir='ltr'>amissa</span> <span class='ocrx_word' id='word_1_60' title='bbox 793 1203 923 1293; x_wconf 84' lang='lat' dir='ltr'>Sicilia,</span> <span class='ocrx_word' id='word_1_61' title='bbox 942 1203 1133 1298; x_wconf 87' lang='lat' dir='ltr'>duabusque</span> <span class='ocrx_word' id='word_1_62' title='bbox 1150 1204 1226 1272; x_wconf 86' lang='lat' dir='ltr'>His·</span> 
     </span>
     <span class='ocr_line' id='line_1_9' title="bbox 198 1314 1273 1424; baseline -0.001 -31"><span class='ocrx_word' id='word_1_63' title='bbox 198 1325 326 1420; x_wconf 81' lang='lat' dir='ltr'>paniis,</span> <span class='ocrx_word' id='word_1_64' title='bbox 349 1339 382 1394; x_wconf 89' lang='lat' dir='ltr'>et</span> <span class='ocrx_word' id='word_1_65' title='bbox 406 1325 599 1395; x_wconf 81' lang='lat' dir='ltr'>cohortibus</span> <span class='ocrx_word' id='word_1_66' title='bbox 621 1326 656 1394; x_wconf 94' lang='lat' dir='ltr'>in</span> <span class='ocrx_word' id='word_1_67' title='bbox 679 1323 772 1394; x_wconf 84' lang='lat' dir='ltr'>Italia</span> <span class='ocrx_word' id='word_1_68' title='bbox 796 1339 894 1424; x_wconf 87' lang='lat' dir='ltr'>atque</span> <span class='ocrx_word' id='word_1_69' title='bbox 917 1325 1080 1418; x_wconf 86' lang='lat' dir='ltr'>Hispania·</span> <span class='ocrx_word' id='word_1_70' title='bbox 1103 1323 1226 1392; x_wconf 80' lang='lat' dir='ltr'>civium</span> <span class='ocrx_word' id='word_1_71' title='bbox 1262 1314 1273 1332; x_wconf 87' lang='grc'><strong>’</strong></span> 
     </span>
     <span class='ocr_line' id='line_1_10' title="bbox 198 1442 1226 1537; baseline -0.003 -23"><span class='ocrx_word' id='word_1_72' title='bbox 198 1467 412 1517; x_wconf 88' lang='lat' dir='ltr'>romanorum</span> <span class='ocrx_word' id='word_1_73' title='bbox 435 1467 456 1514; x_wconf 89' lang='lat' dir='ltr'>c</span> <span class='ocrx_word' id='word_1_74' title='bbox 477 1457 577 1537; x_wconf 86' lang='lat' dir='ltr'>atque</span> <span class='ocrx_word' id='word_1_75' title='bbox 596 1469 686 1532; x_wconf 80' lang='lat' dir='ltr'>xxx3</span> <span class='ocrx_word' id='word_1_76' title='bbox 714 1469 749 1514; x_wconf 92' lang='lat' dir='ltr'>se</span> <span class='ocrx_word' id='word_1_77' title='bbox 771 1461 877 1514; x_wconf 87' lang='lat' dir='ltr'>morte</span> <span class='ocrx_word' id='word_1_78' title='bbox 894 1445 1048 1515; x_wconf 88' lang='lat' dir='ltr'>Curionis</span> <span class='ocrx_word' id='word_1_79' title='bbox 1063 1457 1102 1513; x_wconf 88' lang='lat' dir='ltr'>et</span> <span class='ocrx_word' id='word_1_80' title='bbox 1124 1442 1226 1532; x_wconf 86' lang='lat' dir='ltr'>detri-</span> 
     </span>
     <span class='ocr_line' id='line_1_11' title="bbox 196 1561 1226 1658; baseline -0.005 -22"><span class='ocrx_word' id='word_1_81' title='bbox 196 1579 309 1636; x_wconf 83' lang='lat' dir='ltr'>mento</span> <span class='ocrx_word' id='word_1_82' title='bbox 334 1563 470 1633; x_wconf 84' lang='lat' dir='ltr'>africani</span> <span class='ocrx_word' id='word_1_83' title='bbox 497 1567 656 1634; x_wconf 83' lang='lat' dir='ltr'>exercitus</span> <span class='ocrx_word' id='word_1_84' title='bbox 689 1579 801 1653; x_wconf 89' lang='lat' dir='ltr'>tanto,</span> <span class='ocrx_word' id='word_1_85' title='bbox 829 1563 1036 1658; x_wconf 82' lang='lat' dir='ltr'>militumque</span> <span class='ocrx_word' id='word_1_86' title='bbox 1059 1561 1226 1634; x_wconf 86' lang='lat' dir='ltr'>deditione</span> 
     </span>
     <span class='ocr_line' id='line_1_12' title="bbox 198 1681 1224 1778; baseline -0.002 -26"><span class='ocrx_word' id='word_1_87' title='bbox 198 1683 240 1752; x_wconf 79' lang='lat' dir='ltr'>nd</span> <span class='ocrx_word' id='word_1_88' title='bbox 275 1687 465 1778; x_wconf 73' lang='lat' dir='ltr'>Corcyram.</span> <span class='ocrx_word' id='word_1_89' title='bbox 494 1682 636 1754; x_wconf 86' lang='lat' dir='ltr'>Proinde</span> <span class='ocrx_word' id='word_1_90' title='bbox 666 1684 727 1754; x_wconf 89' lang='lat' dir='ltr'>sibi</span> <span class='ocrx_word' id='word_1_91' title='bbox 756 1709 795 1754; x_wconf 90' lang='lat' dir='ltr'>ac</span> <span class='ocrx_word' id='word_1_92' title='bbox 825 1681 1013 1778; x_wconf 75' lang='lat' dir='ltr'>reipublicae</span> <span class='ocrx_word' id='word_1_93' title='bbox 1042 1697 1224 1776; x_wconf 86' lang='lat' dir='ltr'>parcerent.</span> 
     </span>
    </p>
   </div>
   <div class='ocr_carea' id='block_1_3' title="bbox 197 1801 1342 1897">
    <p class='ocr_par' dir='ltr' id='par_1_3' title="bbox 197 1801 1342 1897">
     <span class='ocr_line' id='line_1_13' title="bbox 197 1801 1342 1897; baseline -0.001 -25"><span class='ocrx_word' id='word_1_94' title='bbox 197 1803 368 1892; x_wconf 90' lang='lat' dir='ltr'>Quantum</span> <span class='ocrx_word' id='word_1_95' title='bbox 387 1805 421 1871; x_wconf 92' lang='lat' dir='ltr'>in</span> <span class='ocrx_word' id='word_1_96' title='bbox 439 1801 526 1872; x_wconf 93' lang='lat' dir='ltr'>bello</span> <span class='ocrx_word' id='word_1_97' title='bbox 543 1801 675 1874; x_wconf 84' lang='lat' dir='ltr'>fortuna</span> <span class='ocrx_word' id='word_1_98' title='bbox 695 1817 822 1897; x_wconf 83' lang='lat' dir='ltr'>posset,</span> <span class='ocrx_word' id='word_1_99' title='bbox 838 1802 905 1897; x_wconf 84' lang='lat' dir='ltr'>jam</span> <span class='ocrx_word' id='word_1_100' title='bbox 925 1803 990 1897; x_wconf 92' lang='lat' dir='ltr'>ipsi</span> <span class='ocrx_word' id='word_1_101' title='bbox 1011 1802 1226 1872; x_wconf 86' lang='lat' dir='ltr'>incommodis</span> <span class='ocrx_word' id='word_1_102' title='bbox 1334 1873 1342 1893; x_wconf 44' lang='lat'>⁸</span> 
     </span>
    </p>
   </div>
   <div class='ocr_carea' id='block_1_4' title="bbox 117 1919 1237 4046">
    <p class='ocr_par' dir='ltr' id='par_1_4' title="bbox 117 1919 1237 4046">
     <span class='ocr_line' id='line_1_14' title="bbox 169 1919 1227 2021; baseline 0.004 -32"><span class='ocrx_word' id='word_1_103' title='bbox 169 1919 171 1926; x_wconf 77' lang='grc'><em>’</em></span> <span class='ocrx_word' id='word_1_104' title='bbox 197 1921 264 1990; x_wconf 87' lang='lat' dir='ltr'>suis</span> <span class='ocrx_word' id='word_1_105' title='bbox 283 1923 361 1990; x_wconf 86' lang='lat' dir='ltr'>satis</span> <span class='ocrx_word' id='word_1_106' title='bbox 380 1937 486 1996; x_wconf 85' lang='lat' dir='ltr'>essent</span> <span class='ocrx_word' id='word_1_107' title='bbox 506 1921 712 1993; x_wconf 88' lang='lat' dir='ltr'>documento.</span> <span class='ocrx_word' id='word_1_108' title='bbox 731 1927 803 1998; x_wconf 90' lang='lat' dir='ltr'>Hoc</span> <span class='ocrx_word' id='word_1_109' title='bbox 821 1945 923 1991; x_wconf 88' lang='lat' dir='ltr'>unum</span> <span class='ocrx_word' id='word_1_110' title='bbox 943 1946 1012 1992; x_wconf 87' lang='lat' dir='ltr'>esse</span> <span class='ocrx_word' id='word_1_111' title='bbox 1038 1935 1164 2016; x_wconf 89' lang='lat' dir='ltr'>tempus</span> <span class='ocrx_word' id='word_1_112' title='bbox 1186 1919 1227 2021; x_wconf 75' lang='lat' dir='ltr'>de</span> 
     </span>
     <span class='ocr_line' id='line_1_15' title="bbox 198 2037 1226 2136; baseline 0 -26"><span class='ocrx_word' id='word_1_113' title='bbox 198 2063 278 2133; x_wconf 83' lang='lat' dir='ltr'>pace</span> <span class='ocrx_word' id='word_1_114' title='bbox 292 2039 429 2136; x_wconf 83' lang='lat' dir='ltr'>agendi,</span> <span class='ocrx_word' id='word_1_115' title='bbox 443 2037 524 2110; x_wconf 93' lang='lat' dir='ltr'>dum</span> <span class='ocrx_word' id='word_1_116' title='bbox 537 2041 598 2110; x_wconf 91' lang='lat' dir='ltr'>sibi</span> <span class='ocrx_word' id='word_1_117' title='bbox 612 2057 751 2136; x_wconf 89' lang='lat' dir='ltr'>uterque</span> <span class='ocrx_word' id='word_1_118' title='bbox 768 2039 946 2111; x_wconf 86' lang='lat' dir='ltr'>confideret</span> <span class='ocrx_word' id='word_1_119' title='bbox 954 2055 1010 2129; x_wconf 76' lang='lat' dir='ltr'>,ct</span> <span class='ocrx_word' id='word_1_120' title='bbox 1021 2063 1115 2135; x_wconf 87' lang='lat' dir='ltr'>pares</span> <span class='ocrx_word' id='word_1_121' title='bbox 1128 2040 1226 2110; x_wconf 90' lang='lat' dir='ltr'>ambo</span> 
     </span>
     <span class='ocr_line' id='line_1_16' title="bbox 197 2157 1237 2254; baseline 0.002 -28"><span class='ocrx_word' id='word_1_122' title='bbox 197 2158 414 2230; x_wconf 86' lang='lat' dir='ltr'>viderentur:</span> <span class='ocrx_word' id='word_1_123' title='bbox 432 2158 555 2230; x_wconf 82' lang='lat' dir='ltr'>sivero</span> <span class='ocrx_word' id='word_1_124' title='bbox 572 2159 665 2230; x_wconf 89' lang='lat' dir='ltr'>alteri</span> <span class='ocrx_word' id='word_1_125' title='bbox 684 2157 834 2254; x_wconf 89' lang='lat' dir='ltr'>paullum</span> <span class='ocrx_word' id='word_1_126' title='bbox 855 2158 954 2229; x_wconf 92' lang='lat' dir='ltr'>modo</span> <span class='ocrx_word' id='word_1_127' title='bbox 973 2159 1140 2230; x_wconf 84' lang='lat' dir='ltr'>tribuisset</span> <span class='ocrx_word' id='word_1_128' title='bbox 1159 2159 1237 2232; x_wconf 76' lang='lat' dir='ltr'>lor-¹</span> 
     </span>
     <span class='ocr_line' id='line_1_17' title="bbox 199 2279 1227 2374; baseline 0.003 -26"><span class='ocrx_word' id='word_1_129' title='bbox 199 2293 297 2366; x_wconf 89' lang='lat' dir='ltr'>tuna,</span> <span class='ocrx_word' id='word_1_130' title='bbox 312 2304 378 2352; x_wconf 89' lang='lat' dir='ltr'>non</span> <span class='ocrx_word' id='word_1_131' title='bbox 391 2303 461 2350; x_wconf 85' lang='lat' dir='ltr'>csse</span> <span class='ocrx_word' id='word_1_132' title='bbox 478 2303 616 2351; x_wconf 89' lang='lat' dir='ltr'>usurum</span> <span class='ocrx_word' id='word_1_133' title='bbox 631 2279 877 2362; x_wconf 82' lang='lat' dir='ltr'>conditionibus</span> <span class='ocrx_word' id='word_1_134' title='bbox 889 2279 978 2374; x_wconf 86' lang='lat' dir='ltr'>pacis</span> <span class='ocrx_word' id='word_1_135' title='bbox 993 2303 1087 2368; x_wconf 89' lang='lat' dir='ltr'>eum,</span> <span class='ocrx_word' id='word_1_136' title='bbox 1101 2280 1159 2374; x_wconf 95' lang='lat' dir='ltr'>qui</span> <span class='ocrx_word' id='word_1_137' title='bbox 1175 2305 1227 2351; x_wconf 90' lang='lat' dir='ltr'>su·</span> 
     </span>
     <span class='ocr_line' id='line_1_18' title="bbox 196 2397 1225 2494; baseline 0.004 -28"><span class='ocrx_word' id='word_1_138' title='bbox 196 2399 308 2492; x_wconf 90' lang='lat' dir='ltr'>perior</span> <span class='ocrx_word' id='word_1_139' title='bbox 322 2399 500 2486; x_wconf 81' lang='lat' dir='ltr'>videretur,</span> <span class='ocrx_word' id='word_1_140' title='bbox 518 2423 623 2493; x_wconf 86' lang='lat' dir='ltr'>noque</span> <span class='ocrx_word' id='word_1_141' title='bbox 641 2397 711 2468; x_wconf 85' lang='lat' dir='ltr'>fore</span> <span class='ocrx_word' id='word_1_142' title='bbox 725 2423 819 2493; x_wconf 75' lang='lat' dir='ltr'>aequa</span> <span class='ocrx_word' id='word_1_143' title='bbox 835 2413 928 2493; x_wconf 89' lang='lat' dir='ltr'>parte</span> <span class='ocrx_word' id='word_1_144' title='bbox 941 2413 1152 2487; x_wconf 87' lang='lat' dir='ltr'>contentum,</span> <span class='ocrx_word' id='word_1_145' title='bbox 1167 2403 1225 2494; x_wconf 90' lang='lat' dir='ltr'>qui</span> 
     </span>
     <span class='ocr_line' id='line_1_19' title="bbox 197 2518 1226 2613; baseline -0.002 -23"><span class='ocrx_word' id='word_1_146' title='bbox 197 2543 232 2590; x_wconf 84' lang='lat' dir='ltr'>se</span> <span class='ocrx_word' id='word_1_147' title='bbox 248 2521 360 2590; x_wconf 88' lang='lat' dir='ltr'>omnia</span> <span class='ocrx_word' id='word_1_148' title='bbox 374 2520 564 2597; x_wconf 84' lang='lat' dir='ltr'>habiturum</span> <span class='ocrx_word' id='word_1_149' title='bbox 579 2518 755 2588; x_wconf 88' lang='lat' dir='ltr'>confideret</span> <span class='ocrx_word' id='word_1_150' title='bbox 774 2545 781 2587; x_wconf 92' lang='lat'><strong>:</strong></span> <span class='ocrx_word' id='word_1_151' title='bbox 802 2518 1005 2588; x_wconf 88' lang='lat' dir='ltr'>conditiones</span> <span class='ocrx_word' id='word_1_152' title='bbox 1020 2520 1130 2613; x_wconf 84' lang='lat' dir='ltr'>pacis,</span> <span class='ocrx_word' id='word_1_153' title='bbox 1147 2543 1226 2613; x_wconf 91' lang='lat' dir='ltr'>quo·</span> 
     </span>
     <span class='ocr_line' id='line_1_20' title="bbox 197 2636 1223 2732; baseline -0.002 -24"><span class='ocrx_word' id='word_1_154' title='bbox 197 2639 285 2708; x_wconf 88' lang='lat' dir='ltr'>niam</span> <span class='ocrx_word' id='word_1_155' title='bbox 308 2652 405 2711; x_wconf 82' lang='lat' dir='ltr'>autea</span> <span class='ocrx_word' id='word_1_156' title='bbox 419 2639 595 2708; x_wconf 89' lang='lat' dir='ltr'>convenire</span> <span class='ocrx_word' id='word_1_157' title='bbox 610 2638 894 2732; x_wconf 81' lang='lat' dir='ltr'>non&#39;potuissent,</span> <span class='ocrx_word' id='word_1_158' title='bbox 913 2640 1027 2706; x_wconf 83' lang='lat' dir='ltr'>Romae</span> <span class='ocrx_word' id='word_1_159' title='bbox 1049 2636 1090 2706; x_wconf 90' lang='lat' dir='ltr'>ab</span> <span class='ocrx_word' id='word_1_160' title='bbox 1110 2652 1223 2707; x_wconf 85' lang='lat' dir='ltr'>senatu</span> 
     </span>
     <span class='ocr_line' id='line_1_21' title="bbox 196 2753 1225 2850; baseline -0.002 -24"><span class='ocrx_word' id='word_1_161' title='bbox 196 2770 230 2826; x_wconf 88' lang='lat' dir='ltr'>et</span> <span class='ocrx_word' id='word_1_162' title='bbox 247 2781 266 2825; x_wconf 92' lang='lat' dir='ltr'>a</span> <span class='ocrx_word' id='word_1_163' title='bbox 285 2753 411 2850; x_wconf 89' lang='lat' dir='ltr'>populo</span> <span class='ocrx_word' id='word_1_164' title='bbox 437 2757 503 2848; x_wconf 83' lang='lat' dir='ltr'>peti</span> <span class='ocrx_word' id='word_1_165' title='bbox 529 2753 646 2822; x_wconf 88' lang='lat' dir='ltr'>debere</span> <span class='ocrx_word' id='word_1_166' title='bbox 667 2778 675 2820; x_wconf 92' lang='lat'><strong>:</strong></span> <span class='ocrx_word' id='word_1_167' title='bbox 699 2755 823 2822; x_wconf 87' lang='lat' dir='ltr'>interea</span> <span class='ocrx_word' id='word_1_168' title='bbox 842 2768 876 2822; x_wconf 87' lang='lat' dir='ltr'>et</span> <span class='ocrx_word' id='word_1_169' title='bbox 893 2753 1080 2849; x_wconf 76' lang='lat' dir='ltr'>reipublice</span> <span class='ocrx_word' id='word_1_170' title='bbox 1098 2769 1132 2823; x_wconf 90' lang='lat' dir='ltr'>et</span> <span class='ocrx_word' id='word_1_171' title='bbox 1147 2757 1225 2849; x_wconf 89' lang='lat' dir='ltr'>ipsis</span> 
     </span>
     <span class='ocr_line' id='line_1_22' title="bbox 196 2872 1222 2969; baseline -0.002 -25"><span class='ocrx_word' id='word_1_172' title='bbox 196 2873 325 2969; x_wconf 91' lang='lat' dir='ltr'>placere</span> <span class='ocrx_word' id='word_1_173' title='bbox 344 2887 513 2966; x_wconf 81' lang='lat' dir='ltr'>oportere,</span> <span class='ocrx_word' id='word_1_174' title='bbox 530 2873 558 2942; x_wconf 88' lang='lat' dir='ltr'>si</span> <span class='ocrx_word' id='word_1_175' title='bbox 576 2883 712 2966; x_wconf 87' lang='lat' dir='ltr'>uterque</span> <span class='ocrx_word' id='word_1_176' title='bbox 726 2873 759 2941; x_wconf 90' lang='lat' dir='ltr'>in</span> <span class='ocrx_word' id='word_1_177' title='bbox 780 2872 937 2942; x_wconf 86' lang='lat' dir='ltr'>concione</span> <span class='ocrx_word' id='word_1_178' title='bbox 954 2873 1064 2942; x_wconf 90' lang='lat' dir='ltr'>statim</span> <span class='ocrx_word' id='word_1_179' title='bbox 1080 2873 1222 2966; x_wconf 86' lang='lat' dir='ltr'>juravis-</span> 
     </span>
     <span class='ocr_line' id='line_1_23' title="bbox 195 2991 1224 3090; baseline -0.001 -27"><span class='ocrx_word' id='word_1_180' title='bbox 195 3007 262 3073; x_wconf 90' lang='lat' dir='ltr'>set,</span> <span class='ocrx_word' id='word_1_181' title='bbox 278 3017 312 3062; x_wconf 90' lang='lat' dir='ltr'>se</span> <span class='ocrx_word' id='word_1_182' title='bbox 327 2992 440 3062; x_wconf 90' lang='lat' dir='ltr'>triduo</span> <span class='ocrx_word' id='word_1_183' title='bbox 456 2993 606 3086; x_wconf 84' lang='lat' dir='ltr'>proximo</span> <span class='ocrx_word' id='word_1_184' title='bbox 620 2994 798 3062; x_wconf 82' lang='lat' dir='ltr'>exercitum</span> <span class='ocrx_word' id='word_1_185' title='bbox 815 2991 1037 3072; x_wconf 83' lang='lat' dir='ltr'>dimissurum.</span> <span class='ocrx_word' id='word_1_186' title='bbox 1058 2992 1224 3090; x_wconf 76' lang='lat' dir='ltr'>Depositis</span> 
     </span>
     <span class='ocr_line' id='line_1_24' title="bbox 195 3109 1224 3206; baseline 0.004 -26"><span class='ocrx_word' id='word_1_187' title='bbox 195 3112 295 3180; x_wconf 84' lang='lat' dir='ltr'>armis</span> <span class='ocrx_word' id='word_1_188' title='bbox 318 3109 525 3206; x_wconf 87' lang='lat' dir='ltr'>auxiliisque,</span> <span class='ocrx_word' id='word_1_189' title='bbox 546 3113 666 3206; x_wconf 90' lang='lat' dir='ltr'>quibus</span> <span class='ocrx_word' id='word_1_190' title='bbox 690 3137 779 3182; x_wconf 91' lang='lat' dir='ltr'>nunc</span> <span class='ocrx_word' id='word_1_191' title='bbox 800 3112 1022 3200; x_wconf 83' lang='lat' dir='ltr'>confiderent,</span> <span class='ocrx_word' id='word_1_192' title='bbox 1042 3116 1224 3190; x_wconf 72' lang='lat' dir='ltr'>necessario</span> 
     </span>
     <span class='ocr_line' id='line_1_25' title="bbox 194 3227 1224 3327; baseline 0.003 -27"><span class='ocrx_word' id='word_1_193' title='bbox 194 3227 309 3326; x_wconf 76' lang='lat' dir='ltr'>populi</span> <span class='ocrx_word' id='word_1_194' title='bbox 319 3245 514 3327; x_wconf 87' lang='lat' dir='ltr'>senatusque</span> <span class='ocrx_word' id='word_1_195' title='bbox 522 3231 649 3326; x_wconf 89' lang='lat' dir='ltr'>judicio</span> <span class='ocrx_word' id='word_1_196' title='bbox 660 3232 730 3301; x_wconf 85' lang='lat' dir='ltr'>fore</span> <span class='ocrx_word' id='word_1_197' title='bbox 742 3246 920 3327; x_wconf 87' lang='lat' dir='ltr'>utrumque</span> <span class='ocrx_word' id='word_1_198' title='bbox 932 3247 1134 3317; x_wconf 61' lang='lat' dir='ltr'>contentum.</span> <span class='ocrx_word' id='word_1_199' title='bbox 1146 3237 1224 3322; x_wconf 73' lang='lat' dir='ltr'>Haec</span> 
     </span>
     <span class='ocr_line' id='line_1_26' title="bbox 194 3349 1223 3446; baseline 0.004 -28"><span class='ocrx_word' id='word_1_200' title='bbox 194 3375 261 3444; x_wconf 92' lang='lat' dir='ltr'>quo</span> <span class='ocrx_word' id='word_1_201' title='bbox 280 3349 408 3422; x_wconf 83' lang='lat' dir='ltr'>facilius</span> <span class='ocrx_word' id='word_1_202' title='bbox 426 3353 584 3446; x_wconf 89' lang='lat' dir='ltr'>Pompeio</span> <span class='ocrx_word' id='word_1_203' title='bbox 607 3351 739 3446; x_wconf 89' lang='lat' dir='ltr'>probari</span> <span class='ocrx_word' id='word_1_204' title='bbox 759 3367 912 3445; x_wconf 84' lang='lat' dir='ltr'>possent,</span> <span class='ocrx_word' id='word_1_205' title='bbox 930 3377 1043 3424; x_wconf 90' lang='lat' dir='ltr'>omnes</span> <span class='ocrx_word' id='word_1_206' title='bbox 1065 3377 1139 3424; x_wconf 85' lang='lat' dir='ltr'>suas</span> <span class='ocrx_word' id='word_1_207' title='bbox 1156 3368 1223 3422; x_wconf 86' lang='lat' dir='ltr'>ter-</span> 
     </span>
     <span class='ocr_line' id='line_1_27' title="bbox 193 3470 942 3565; baseline -0.003 -25"><span class='ocrx_word' id='word_1_208' title='bbox 193 3484 313 3542; x_wconf 86' lang='lat' dir='ltr'>restres</span> <span class='ocrx_word' id='word_1_209' title='bbox 332 3470 529 3564; x_wconf 90' lang='lat' dir='ltr'>urbiumque</span> <span class='ocrx_word' id='word_1_210' title='bbox 547 3471 658 3565; x_wconf 85' lang='lat' dir='ltr'>copias</span> <span class='ocrx_word' id='word_1_211' title='bbox 675 3471 898 3542; x_wconf 84' lang='lat' dir='ltr'>dimissurum.</span> <span class='ocrx_word' id='word_1_212' title='bbox 909 3499 942 3555; x_wconf 73' lang='lat' dir='ltr'>n,</span> 
     </span>
     <span class='ocr_line' id='line_1_28' title="bbox 241 3589 1224 3698; baseline 0 -40"><span class='ocrx_word' id='word_1_213' title='bbox 241 3591 301 3659; x_wconf 82' lang='lat' dir='ltr'>xl.</span> <span class='ocrx_word' id='word_1_214' title='bbox 319 3589 505 3677; x_wconf 82' lang='lat' dir='ltr'>Vibullius,</span> <span class='ocrx_word' id='word_1_215' title='bbox 520 3591 571 3660; x_wconf 84' lang='lat' dir='ltr'>his</span> <span class='ocrx_word' id='word_1_216' title='bbox 586 3592 741 3685; x_wconf 70' lang='lat' dir='ltr'>expositis</span> <span class='ocrx_word' id='word_1_217' title='bbox 759 3615 779 3660; x_wconf 87' lang='lat' dir='ltr'>a</span> <span class='ocrx_word' id='word_1_218' title='bbox 796 3593 939 3674; x_wconf 76' lang='lat' dir='ltr'>Caesare,</span> <span class='ocrx_word' id='word_1_219' title='bbox 959 3614 1026 3698; x_wconf 82' lang='lat' dir='ltr'>non</span> <span class='ocrx_word' id='word_1_220' title='bbox 1046 3591 1155 3658; x_wconf 86' lang='lat' dir='ltr'>minus</span> <span class='ocrx_word' id='word_1_221' title='bbox 1170 3615 1224 3658; x_wconf 87' lang='lat' dir='ltr'>ne·</span> 
     </span>
     <span class='ocr_line' id='line_1_29' title="bbox 193 3707 1224 3804; baseline 0 -26"><span class='ocrx_word' id='word_1_222' title='bbox 193 3711 368 3780; x_wconf 83' lang='lat' dir='ltr'>oessurium</span> <span class='ocrx_word' id='word_1_223' title='bbox 388 3735 457 3780; x_wconf 82' lang='lat' dir='ltr'>esse</span> <span class='ocrx_word' id='word_1_224' title='bbox 473 3711 690 3800; x_wconf 80' lang='lat' dir='ltr'>existimarit,</span> <span class='ocrx_word' id='word_1_225' title='bbox 706 3709 747 3780; x_wconf 89' lang='lat' dir='ltr'>de</span> <span class='ocrx_word' id='word_1_226' title='bbox 764 3710 938 3804; x_wconf 91' lang='lat' dir='ltr'>repentino</span> <span class='ocrx_word' id='word_1_227' title='bbox 955 3707 1101 3778; x_wconf 87' lang='lat' dir='ltr'>adventu</span> <span class='ocrx_word' id='word_1_228' title='bbox 1117 3711 1224 3778; x_wconf 81' lang='lat' dir='ltr'>Caesa-</span> 
     </span>
     <span class='ocr_line' id='line_1_30' title="bbox 146 3824 1222 3934; baseline 0.003 -40"><span class='ocrx_word' id='word_1_229' title='bbox 146 3923 149 3934; x_wconf 93' lang='lat'>.</span> <span class='ocrx_word' id='word_1_230' title='bbox 181 3826 238 3895; x_wconf 61' lang='lat' dir='ltr'>,ris</span> <span class='ocrx_word' id='word_1_231' title='bbox 254 3831 446 3924; x_wconf 86' lang='lat' dir='ltr'>Pompeium</span> <span class='ocrx_word' id='word_1_232' title='bbox 460 3827 530 3900; x_wconf 87' lang='lat' dir='ltr'>lieri</span> <span class='ocrx_word' id='word_1_233' title='bbox 544 3833 735 3919; x_wconf 88' lang='lat' dir='ltr'>certiorem,</span> <span class='ocrx_word' id='word_1_234' title='bbox 748 3831 796 3900; x_wconf 94' lang='lat' dir='ltr'>uti</span> <span class='ocrx_word' id='word_1_235' title='bbox 815 3827 857 3898; x_wconf 88' lang='lat' dir='ltr'>ad</span> <span class='ocrx_word' id='word_1_236' title='bbox 868 3828 901 3896; x_wconf 95' lang='lat' dir='ltr'>id</span> <span class='ocrx_word' id='word_1_237' title='bbox 917 3824 1089 3897; x_wconf 89' lang='lat' dir='ltr'>consilium</span> <span class='ocrx_word' id='word_1_238' title='bbox 1107 3851 1222 3922; x_wconf 87' lang='lat' dir='ltr'>capere</span> 
     </span>
     <span class='ocr_line' id='line_1_31' title="bbox 117 3947 1222 4046; baseline 0 -30"><span class='ocrx_word' id='word_1_239' title='bbox 117 4002 120 4008; x_wconf 93' lang='lat'>.</span> <span class='ocrx_word' id='word_1_240' title='bbox 193 3963 321 4040; x_wconf 84' lang='lat' dir='ltr'>posset,</span> <span class='ocrx_word' id='word_1_241' title='bbox 335 3963 509 4042; x_wconf 86' lang='lat' dir='ltr'>antequam</span> <span class='ocrx_word' id='word_1_242' title='bbox 523 3950 569 4019; x_wconf 83' lang='lat' dir='ltr'>de·</span> <span class='ocrx_word' id='word_1_243' title='bbox 578 3948 741 4022; x_wconf 85' lang='lat' dir='ltr'>mandatis</span> <span class='ocrx_word' id='word_1_244' title='bbox 755 3951 808 4044; x_wconf 84' lang='lat' dir='ltr'>agi</span> <span class='ocrx_word' id='word_1_245' title='bbox 824 3950 1002 4046; x_wconf 74' lang='lat' dir='ltr'>inciperet,</span> <span class='ocrx_word' id='word_1_246' title='bbox 1017 3960 1115 4042; x_wconf 83' lang='lat' dir='ltr'>atque</span> <span class='ocrx_word' id='word_1_247' title='bbox 1133 3947 1222 4036; x_wconf 88' lang='lat' dir='ltr'>ideo,</span> 
     </span>
    </p>
   </div>
   <div class='ocr_carea' id='block_1_5' title="bbox 0 0 1524 4766">
    <p class='ocr_par' dir='ltr' id='par_1_5' title="bbox 0 0 1524 4766">
     <span class='ocr_line' id='line_1_32' title="bbox 0 0 1524 4766; baseline 0 1"><span class='ocrx_word' id='word_1_248' title='bbox 0 0 1524 4766; x_wconf 95' lang='lat' dir='ltr'> </span> 
     </span>
    </p>
   </div>
  </div>
 </body>
</html>
