3020 4768
425 378 619 437 couritur.
642 383 692 438 nn
713 385 832 440 omno
853 385 1020 440 nimico
1185 385 1241 462 259

204 489 288 554 vices,
301 491 511 566 praesertimquc
520 493 556 549 de
565 495 682 551 nomine
694 495 927 552 Cambiovicenses
936 495 1084 552 conflatoa
1097 498 1241 556 Cambium

204 591 231 633 ct
248 581 388 648 vicomes,
415 602 475 657 quae
497 586 595 643 ultima
618 607 675 643 vox
691 608 706 644 s
721 591 801 644 vicus
822 589 984 645 derivatur:
1006 589 1242 648 Cambiovicenses

204 671 321 728 denotat
337 673 423 746 igitur
439 679 561 750 populos
580 680 628 753 qui
649 681 760 736 cambii
775 682 853 737 occos
867 682 1049 750 habitabant,
1065 683 1242 758 proindeque

205 763 233 817 in
243 761 355 834 linibus,
361 768 531 823 Mercurium
540 782 727 827 mercatorum
734 773 859 846 lucrique
867 769 953 829 deum
962 776 1105 846 colebant3
1114 788 1142 831 et
1150 777 1241 850 reipsa

204 855 303 927 populi
312 869 376 911 sunt
385 859 468 912 etiam
478 879 553 916 nunc
561 862 677 917 subdoli
690 865 842 937 provinciae
851 863 976 920 linitimae
987 867 1061 922 inter
1069 868 1204 941 Bituriges
1214 879 1241 923 et

104 967 108 975 ·
204 948 380 1017 Lemovices,
390 951 476 1007 hodie
488 955 518 1006 la
527 954 649 1009 Marche
661 967 835 1028 nuncupatae.
846 958 895 1012 Hae
905 958 1028 1031 origines
1037 959 1066 1013 in
1077 978 1163 1033 opere
1177 961 1240 1033 gal-

203 1038 258 1093 lico
276 1042 479 1115 manuscripto,
492 1044 538 1098 cui
551 1046 646 1100 titulus
660 1058 700 1100 est
718 1049 895 1122 Ge'ogmpluc
911 1051 1124 1124 archeologique
1137 1062 1165 1104 ct
1180 1069 1242 1122 my-

204 1130 362 1204 thologique
377 1135 428 1188 des
444 1136 564 1203 Gaulos,
581 1137 666 1192 liuius
685 1139 920 1194 demonstrantur.

242 1269 656 1330 Cu.xx11.Adcanmannus.
672 1275 779 1331 Mirum
798 1277 829 1331 in
844 1277 961 1333 modum
976 1278 1066 1332 variat
1085 1278 1167 1350 hujus
1183 1297 1240 1334 no-

203 1359 287 1416 minis
310 1362 402 1417 lectio.
422 1364 479 1418 Alii
502 1367 674 1433 Adt'amnus,
694 1368 883 1436 Amictorium,
907 1370 1103 1436 Adiatenhus,
1127 1379 1155 1424 et
1180 1371 1241 1424 aliis

202 1452 304 1508 modis.
318 1454 417 1509 Exstat
429 1473 558 1511 nummus
572 1477 587 1512 a
601 1459 731 1516 Pellerin.
746 1459 858 1530 citatus,
868 1462 932 1514 Nec.
939 1499 949 1526 ,
965 1479 992 1529 1,
1004 1479 1033 1534 p.
1048 1459 1240 1536 32,ubi1egi-

204 1555 248 1600 tur
260 1546 341 1602 REX
358 1549 613 1605 AALETVNNVS.
630 1551 665 1604 In
679 1568 744 1606 area
760 1562 842 1623 caput
859 1552 963 1621 leonis,
980 1552 1010 1606 in
1026 1563 1106 1625 parte
1124 1554 1239 1609 adversa

203 1639 380 1708 sormam
398 1641 448 1695 sed
471 1640 507 1696 ad
526 1641 646 1696 Sotiates
665 1639 952 1716 ldcantuannumque
969 1645 1068 1699 referri
1083 1662 1166 1717 posse
1181 1664 1239 1698 non

202 1730 271 1786 mihi
291 1732 409 1788 videtur.
426 1735 454 1787 Is
467 1752 517 1788 rex
530 1734 754 1789 Adeamuannns
770 1736 845 1808 apud
858 1737 1037 1805 Athenaeum,
1050 1734 1099 1791 lib.
1113 1755 1145 1792 vr
1155 1776 1162 1804 ‚
1174 1737 1240 1812 etin

202 1825 299 1897 ecloga
314 1843 331 1879 e
343 1825 418 1879 libro
433 1843 501 1880 cxvi
513 1823 1240 1902 NicolaiDamasceni,‘Ad1dre{rorvocatur.Smipti

201 1916 270 1970 libri
289 1917 360 1971 nihil
383 1916 502 1971 variant.
520 1915 637 1972 Constat
654 1927 747 1974 tamen
769 1919 903 1975 alterutro
920 1921 985 1975 loco
1004 1918 1140 1974 mendose
1155 1919 1239 1974 scribi

201 2008 257 2063 hoc
274 2009 387 2064 nomen.
400 2008 458 2065 Sed
468 2005 644 2076 'strennos
658 2028 779 2084 grecum
796 2023 850 2081 est,
865 2011 935 2068 sicut
948 2022 976 2068 et
990 2011 1105 2066 Sotiates
1121 2029 1240 2084 quorum

200 2118 252 2155 rex
269 2111 344 2171 erat,
364 2099 638 2175 significatque,m1i
649 2121 709 2157 non
729 2113 770 2157 est
787 2102 818 2156 in
836 2103 894 2158 duo
916 2102 1014 2160 scissus
1033 2103 1077 2157 vel
1095 2102 1240 2172 divisu53e

202 2203 300 2248 contra
313 2195 540 2260 Adcantuannus,
549 2213 601 2250 nec
614 2212 746 2268 melma,
759 2213 812 2250 nec
824 2195 950 2250 latinum.
964 2195 1010 2250 Nil
1027 2195 1143 2250 dubium
1155 2195 1241 2268 igitur

202 2285 269 2360 quin
281 2286 317 2342 sit
330 2287 481 2361 legendum
497 2287 580 2344 ctiam
593 2288 622 2342 in
637 2287 742 2342 Caesare
758 2289 930 2344 Adzhtomus.

241 2427 304 2482 co.
312 2426 566 2482 XXIl.Snldun'os.
578 2426 643 2480 Haec
649 2444 707 2480 vox
718 2443 794 2480 mere
802 2424 889 2480 latina
901 2435 1022 2494 cst,non
1036 2425 1147 2492 celtica,
1160 2423 1241 2479 idest

201 2517 342 2580 cambrica
350 2519 395 2574 vel
401 2518 553 2587 armorica,
566 2519 804 2591 utlmaleasserunt
810 2516 957 2571 nonnulli:
969 2515 1239 2588 eamdemoriginem

200 2619 229 2664 et
241 2607 475 2682 significationem
492 2609 578 2664 habet
595 2628 626 2663 ac
639 2627 696 2664 vox
712 2609 811 2683 gallica
828 2609 934 2675 soldat,
953 2607 1105 2681 antiquitus
1120 2608 1236 2673 soldier,

133 2693 138 2703 ⁸
199 2701 344 2756 souldard.
354 2701 479 2772 Utraque
488 2699 630 2754 derivator
639 2701 785 2754 asolidum
790 2739 800 2765 ,
811 2699 909 2772 gallice
925 2699 1004 2753 solde
1009 2737 1018 2764 ,
1031 2717 1116 2772 peye,
1127 2698 1238 2766 salaire,

199 2793 295 2847 eoldus
300 2830 309 2858 ,
323 2808 453 2846 nummus
466 2809 565 2845 aureus
579 2791 627 2863 qui
638 2793 743 2846 solt'clus
756 2802 810 2858 est,
824 2789 855 2846 id
868 2800 910 2845 est
923 2790 971 2863 qui
985 2807 1046 2843 non
1059 2800 1101 2844 cst
1118 2807 1183 2863 pars
1196 2790 1237 2843 al-

200 2884 299 2952 terius3
315 2881 393 2957 quod
413 2879 533 2938 soldurii
552 2882 694 2955 stipendio
717 2884 796 2958 quasi
820 2882 950 2938 mercede
968 2881 1101 2937 conducti
1124 2893 1237 2936 essent:

201 2977 255 3031 hoc
268 2975 362 3031 verbis
376 2973 462 3047 ipsius
471 2972 587 3029 Ceseris
595 2971 788 3044 confirmatur,
798 2985 826 3030 et
834 2975 893 3030 sole
905 2973 1064 3029 meridiano
1074 2973 1175 3029 clarius
1188 2986 1237 3030 est.

199 3069 276 3125 Male
289 3068 374 3141 igitur
388 3061 551 3138 Zenodotion
568 3076 615 3122 aut
629 3059 788 3124 scanlalum
805 3067 880 3140 apud
897 3067 1072 3135 Athenarum,
1093 3065 1238 3122 Nicolaum

200 3163 405 3216 Damascenum
419 3159 633 3216 etE1utathium
644 3159 753 3233 legitur.
766 3161 877 3216 Nomen
889 3175 959 3214 vcro
973 3158 1071 3231 populi
1085 3159 1236 3226 Souhtm,

86 3286 90 3292 -
201 3271 272 3326 quos
290 3249 449 3310 terrereris
463 3263 547 3308 vocat
567 3253 713 3307 Athenaeus
728 3252 775 3306 vel
791 3251 885 3323 potius
903 3252 1104 3320 Damascenus,
1123 3262 1150 3307 et
1165 3251 1239 3306 inter

200 3363 271 3418 quos
284 3345 409 3402 Soldurii
422 3355 515 3412 mant,
527 3344 596 3398 mihi
610 3343 721 3399 videtur
730 3361 787 3398 esse
804 3343 960 3398 derivatum
973 3361 987 3396 a
1001 3344 1152 3417 participio
1165 3362 1238 3416 prae-

199 3437 272 3492 senti
289 3438 369 3493 verbi
389 3439 471 3511 greci
490 3435 563 3504 reio,
580 3453 675 3504 servo,
692 3436 813 3510 sospito,
827 3435 938 3508 gallice,
961 3453 1116 3500 conserver,
1134 3435 1240 3507 garder

199 3529 264 3582 sain
277 3541 305 3582 et
319 3528 398 3596 sous,
418 3526 622 3602 significatione
642 3529 785 3601 paululum
802 3526 925 3597 deflexa,
941 3527 991 3583 sed
1008 3527 1065 3600 fere
1087 3525 1184 3582 eadem
1205 3543 1237 3581 ac

202 3621 327 3677 Soldurii
344 3631 371 3676 et
390 3623 494 3676 Devoti.
516 3619 634 3676 Sotiates
653 3621 816 3692 corruptum
836 3631 877 3674 est
895 3619 1011 3692 iginus
1031 3619 1186 3686 Sontchtes,
1209 3627 1238 3673 et

199 3712 238 3766 sic
260 3714 361 3770 rectius
378 3713 480 3786 legitur
497 3713 527 3768 in
543 3712 688 3768 nonnullis
707 3711 886 3768 editionibus.
898 3712 976 3766 Idem
989 3711 1236 3766 nomendecurta-

200 3815 257 3859 tum
273 3806 367 3861 existit
380 3807 471 3862 adhuc
484 3806 513 3860 in
528 3805 643 3861 nomine
661 3805 739 3860 urbis
748 3802 814 3872 Sos,
834 3821 893 3876 que
908 3803 944 3859 ed
964 3803 1086 3858 Gelisam
1111 3801 1163 3858 sita
1182 3813 1236 3873 est,

199 3907 226 3952 et
240 3899 372 3954 scribitur
382 3899 473 3964 Sotia,
484 3901 603 3964 Sotium,
618 3897 647 3952 in
661 3897 770 3971 scriptis
784 3896 868 3952 medii
888 3896 956 3965 aevi,
970 3907 1000 3951 ut
1017 3896 1162 3951 D’hnville
1176 3897 1230 3951 eni·

198 3990 357 4045 madvertit.
376 3993 474 4046 Devoti
490 4003 582 4047 autem
597 3991 763 4046 dicebantur
777 3991 826 4062 qui
843 4007 873 4062 se
890 3988 976 4043 morti
992 3988 1179 4060 devovebant.
1202 3990 1234 4045 ld

1062 4113 1110 4176 ¹7·
