3048 4770
244 382 261 436 S
404 387 433 439 C.
457 385 551 442 JULll
573 381 735 438 CAESARIS
757 380 1120 439 COMbOENTARlORUM

244 507 327 578 fines
348 511 577 599 Sequanorum
600 507 642 576 ab
664 506 823 574 Helvetiis
843 505 978 590 dividit,
1000 505 1103 574 millia
1124 530 1278 600 passuum

244 625 357 694 decem
367 651 641 714 novem,murum
653 627 688 694 iu
697 625 907 694 altitudinem
915 623 1037 716 pedum
1048 625 1279 713 sedecinr,fos·

244 769 379 838 samque
395 745 559 838 perducit.
580 750 630 816 Eo
650 769 750 838 opere
766 745 933 838 perlecto,
953 745 1105 838 praesidia
1119 747 1279 839 disponit,

245 864 378 934 castella
386 867 587 951 communit,
604 889 671 958 quo
687 862 836 951 facilius,
859 867 885 932 si
899 890 934 934 se
950 865 1055 932 invito
1071 867 1211 932 transire
1226 889 1280 933 co·

244 1000 418 1070 narentur,
430 985 604 1078 prohibere
613 986 726 1077 possit.
745 985 812 1054 Ubi
827 1009 865 1054 ea
881 984 969 1071 dies,
982 1007 1084 1077 quam
1100 984 1279 1052 coustitue-

243 1119 296 1172 rat
312 1129 388 1173 cum
398 1104 531 1198 legatis,
550 1106 658 1192 venit,
674 1119 708 1174 et
723 1101 821 1198 legati
832 1104 874 1172 ad
888 1128 964 1172 eum
979 1117 1205 1189 reverterunt,
1223 1127 1279 1172 ne·

242 1238 314 1318 gat,
335 1247 369 1292 se
389 1246 483 1302 more
504 1237 539 1292 et
561 1223 710 1316 exemplo
737 1222 851 1318 populi
873 1223 1002 1292 romani
1023 1247 1118 1316 posse
1141 1223 1204 1290 iter
1220 1220 1279 1290 ulli

244 1367 303 1436 per
311 1345 520 1413 Provinciam
540 1344 636 1428 dare3
654 1344 728 1412 etsi
742 1344 809 1412 vim
825 1344 932 1412 facere
942 1358 1123 1431 conentur,
1133 1343 1280 1436 prohibi-

244 1476 357 1531 turum
377 1461 532 1531 ostendit.
557 1461 719 1549 Helvetii,
744 1487 782 1534 ea
802 1487 860 1558 spe
874 1463 1012 1555 dejecti,
1029 1464 1168 1531 navibus
1184 1464 1281 1555 junc-

244 1583 303 1669 tis,
329 1582 521 1674 ratibusque
542 1580 769 1677 compluribus
793 1581 900 1665 lactis,
922 1579 978 1648 alii
993 1582 1086 1650 vadis
1105 1582 1278 1668 Rhodani,

243 1726 310 1795 qua
326 1701 464 1770 minima
485 1699 626 1770 altitudo
645 1701 791 1770 fluminis
810 1715 896 1789 erat,
917 1725 1155 1793 nonnunquam
1176 1702 1279 1769 inter-

244 1819 322 1908 diu,
338 1807 456 1914 sapius
475 1830 593 1907 uoc'tu,
610 1821 636 1890 si
657 1841 872 1914 perrumpere
893 1834 1041 1914 possent,
1059 1821 1182 1908 conati,
1203 1844 1280 1913 ope·

245 1941 290 2008 ris
309 1941 494 2009 munitione
513 1954 548 2008 et
566 1937 710 2008 militum
730 1963 893 2008 concursu
917 1956 951 2009 et
969 1939 1039 2016 telis
1056 1937 1199 2032 repulsi,
1216 1941 1281 2010 hoc

244 2074 362 2127 conatu
378 2059 585 2127 destiterunt.

292 2180 351 2246 lx.
365 2176 628 2270 Relinquebatur
641 2203 707 2247 una
721 2204 779 2273 per
789 2181 958 2272 Sequanos
971 2179 1040 2262 via,
1057 2201 1139 2269 qua,
1156 2180 1280 2270 Sequa-

246 2299 296 2365 nis
313 2298 438 2384 invitis,
453 2313 589 2390 propter
602 2299 768 2391 angustias
780 2299 828 2368 ire
845 2323 912 2366 uon
926 2312 1090 2390 poteraut.
1102 2297 1162 2364 His
1176 2322 1280 2389 quum

245 2441 305 2488 sua
316 2431 434 2511 sponte
445 2416 642 2510 persuadere
657 2443 723 2486 uon
739 2431 888 2511 possent,
909 2415 1033 2510 legatos
1045 2416 1088 2516 ad
1098 2419 1280 2485 Dumnori-

246 2561 320 2630 gem
330 2535 474 2622 AEduum
488 2539 642 2624 mittunt,
659 2551 744 2606 uteo
755 2537 968 2631 deprecatore
978 2538 1167 2629 aSequanis
1177 2536 1293 2630 impe-‘

247 2670 382 2724 trarent.
404 2657 592 2726 Dumnorix
616 2658 721 2751 gratia
747 2672 781 2725 et
808 2655 982 2749 largitione
1001 2652 1089 2747 apud
1110 2657 1281 2746 Sequanos

247 2773 427 2866 plurimum
447 2790 589 2868 poterat,
606 2791 643 2848 et
655 2775 813 2846 Helvetiis
828 2789 899 2843 erat
918 2777 1058 2861 amicus,
1078 2775 1168 2867 quod
1187 2801 1228 2845 ex
1244 2801 1281 2843 ea

246 2893 378 2961 civitate
398 2896 604 2990 Orgetorigis
623 2893 723 2964 filiam
742 2896 776 2962 in
797 2895 1047 2964 matrimonium
1063 2895 1217 2979 duxerat,
1233 2909 1280 2980 ct,

247 3011 428 3106 cupiditate
440 3017 532 3108 regni
545 3013 722 3101 adductus,
738 3014 833 3084 novis
846 3015 942 3082 rebus
956 3014 1123 3101 studebat,
1134 3029 1168 3083 et
1181 3039 1281 3107 quam

249 3130 406 3224 plurimas
419 3133 566 3202 civitates
581 3159 642 3204 suo
655 3134 716 3204 sibi
728 3134 888 3203 beneficio
903 3133 1023 3200 habere
1039 3132 1214 3200 obstrictas
1223 3157 1282 3201 vo·

249 3251 345 3322 lebat.
370 3254 486 3345 Itaque
511 3278 582 3323 rem
605 3254 756 3346 suscipit,
779 3267 813 3322 et
833 3278 852 3320 a
870 3251 1029 3344 Sequanis
1054 3251 1223 3344 impetrat,
1245 3267 1282 3320 ut

247 3395 306 3464 per
322 3371 403 3440 fines
421 3396 497 3441 suos
505 3372 675 3442 Helvetios
689 3374 737 3441 ire
752 3373 934 3466 patiantur,
950 3371 1145 3464 obsidesque
1162 3373 1212 3439 uti
1232 3373 1281 3438 in·

249 3505 298 3558 ter
305 3515 374 3559 sese
384 3491 485 3578 dent,
501 3492 630 3586 perficit
643 3519 651 3560 :
663 3493 823 3585 Sequani,
836 3516 877 3560 ne
893 3491 1011 3560 itinere
1023 3488 1192 3560 Helvetios
1206 3515 1283 3584 pro·

248 3611 396 3698 lribeaut3
413 3609 572 3700 Helvetii,
590 3626 629 3680 ut
645 3612 715 3680 sine
735 3609 897 3679 maleficio
912 3623 946 3678 et
963 3612 1082 3704 injuria
1102 3625 1279 3679 transeant.

294 3735 335 3802 Χ.
357 3733 477 3802 Caesari
501 3733 730 3819 renunciatur,
751 3729 909 3800 Helvetiis
929 3753 999 3798 esse
1023 3731 1056 3796 iu
1076 3734 1200 3816 auiruo,
1222 3753 1281 3822 per

247 3878 363 3947 agrum
380 3856 608 3945 Sequanorum
624 3867 657 3920 et
674 3851 855 3920 AEduorum
872 3853 934 3920 iter
949 3852 984 3918 in
1001 3853 1184 3918 Santormm
1200 3851 1281 3919 fines

248 3973 370 4060 lacere,
392 3974 448 4066 qui
467 3997 533 4042 uon
550 3971 647 4066 longe
663 3997 681 4040 a
697 3971 902 4042 Tolosatium
920 3971 1040 4040 finibus
1057 3970 1191 4055 absunt,
1210 3997 1280 4064 quac
