3050 4772
489 379 540 434 DE
560 379 681 434 BELLO
703 378 864 434 GALLICO
885 375 955 432 Lus.
974 377 1049 430 vlt
1232 377 1292 433 165.

242 502 463 592 documento,
494 518 527 572 et
559 503 788 598 magnitudine
819 529 924 598 poenae
954 516 1160 596 perterreant
1192 500 1284 570 alios.

286 627 331 706 ¹V.
349 625 409 692 His
428 623 598 717 suppliciis
614 623 765 692 celeriter
781 639 897 692 coacto
912 623 1074 706 exercitu,
1092 622 1283 690 Lucterium

241 743 448 830 Cadurcum,
477 767 614 812 summae
641 743 810 811 hominem
833 742 992 829 audaciae,
1014 767 1091 810 cum
1115 755 1209 834 parte
1233 765 1287 808 co·

241 864 373 956 piarum
394 865 429 930 in
450 866 598 932 Rutenos
616 863 745 931 mittit:
769 865 839 957 ipse
865 865 899 932 in
921 863 1087 956 Bituriges
1109 859 1287 954 proficisci-

242 998 307 1052 tur.
324 985 403 1077 Ejus
416 983 561 1052 adventu
579 985 743 1079 Bituriges
761 985 803 1054 ad
819 983 958 1082 AEduos‚
979 1005 1122 1075 quorum
1137 995 1234 1049 erant
1250 981 1284 1046 in

241 1102 321 1191 fide,
348 1101 472 1198 legatos
495 1105 636 1173 mittunt
660 1104 844 1175 subsidium
868 1118 1038 1198 rogatum,
1064 1123 1132 1194 quo
1156 1097 1285 1168 facilius

241 1223 386 1292 hostium
402 1225 515 1317 copias
531 1226 693 1295 sustinere
708 1227 846 1321 possint.
867 1222 977 1309 AEdui,
991 1221 1032 1290 de
1046 1218 1187 1292 consilio
1201 1218 1286 1312 lega-

241 1363 352 1413 torum
372 1370 456 1438 quos
468 1349 579 1416 Caesar
592 1347 634 1415 ad
648 1348 829 1416 exercitum
845 1344 1024 1438 reliqueret
1034 1381 1049 1431 ,·
1061 1343 1173 1436 copias
1189 1341 1283 1434 equi·

243 1478 328 1534 tatus
362 1465 597 1560 peditatusque
623 1465 770 1535 subsidio
797 1464 1002 1559 Biturigibus
1028 1467 1178 1532 mittunt.
1214 1461 1283 1549 Qui

239 1609 342 1676 quum
365 1585 407 1654 ad
432 1585 560 1653 flumen
575 1586 721 1680 Ligerim
738 1586 919 1671 venissent,
941 1583 1033 1677 quod
1051 1583 1217 1676 Bituriges
1241 1581 1282 1648 ab

238 1703 352 1773 AEdnis
379 1704 515 1792 dividit,
541 1729 663 1798 paucos
691 1705 760 1774 dies
789 1705 835 1772 ibi
862 1705 996 1790 morati,
1022 1727 1130 1796 neque
1156 1701 1281 1769 flumen

239 1826 378 1894 transire
396 1820 485 1913 ausi,
503 1825 639 1894 domum
656 1839 886 1910 revertuntur,
902 1822 1084 1916 legatisque
1097 1823 1218 1891 nostris
1236 1847 1283 1889 re-

237 1947 407 2033 nuntiant,
421 1970 455 2014 se
468 1947 657 2040 Biturigum
677 1945 848 2038 perfidiam
866 1945 987 2012 veritos
1004 1943 1281 2035 revertisse,·qui-

236 2066 298 2134 bus
325 2065 359 2133 id
383 2065 511 2135 consilii
532 2065 631 2134 fuisse
651 2068 884 2159 cognoverint,
907 2077 960 2148 ut,
980 2063 1154 2132 si'flumen
1171 2076 1280 2132 trans·

237 2185 354 2272 issent,¹
370 2212 437 2255 una
456 2211 496 2254 ex
512 2187 606 2280 parte
623 2187 702 2280 ipsi,
725 2184 828 2254 altera
844 2185 985 2253 Arverni
1005 2209 1040 2252 se
1058 2185 1279 2253 circumsiste-

236 2322 321 2374 rent.
342 2306 380 2375 ld
400 2333 481 2376 eane
498 2306 539 2376 de
557 2333 653 2376 causa
678 2331 778 2400 quam
800 2303 915 2398 legatis
933 2305 1215 2399 pmnuutiarunt,
1237 2330 1278 2374 an

237 2425 375 2518 perfidia
395 2427 531 2497 adducti
553 2427 708 2514 fecerint,
725 2425 816 2520 quod
832 2424 915 2496 nihil
932 2425 1027 2494 nobis
1044 2439 1193 2511 constat,
1210 2451 1277 2493 nou

234 2545 367 2615 videtur
385 2572 447 2640 pro
465 2565 556 2616 certo
576 2571 646 2617 esse
666 2546 868 2640 ponendum.
887 2547 1052 2641 Bituriges
1071 2569 1191 2616 eorum
1213 2545 1277 2614 dis·

233 2691 327 2734 cessu
344 2669 454 2734 statim
473 2692 507 2734 sc
524 2692 600 2736 cum
616 2667 773 2737 Arvernis
789 2667 1008 2760 conjungunt.

283 2787 341 2854 VI.
359 2787 418 2854 His
435 2787 533 2854 rebus
552 2788 586 2854 in
604 2785 734 2856 ltaliam
753 2787 873 2855 Caesari
892 2787 1068 2873 nuntiatis,
1086 2811 1190 2879 quum
1207 2787 1276 2880 jam

233 2903 290 2974 ille
315 2907 458 2975 urbanas
479 2931 531 2975 res
554 2907 676 2975 virtute
695 2909 757 2975 Cn.
779 2909 929 3001 Pompeii
951 2906 1212 2975 commodiorem
1241 2909 1275 2980 in

232 3041 356 3095 statum
373 3029 561 3120 pervenisse
581 3025 796 3121 intelligeret,
818 3030 852 3095 in
873 3025 1111 3120 transalpinam
1129 3026 1274 3098 Galliam

234 3147 400 3240 profectus
415 3164 474 3216 est.
492 3151 540 3218 Eo
557 3173 660 3242 quum
681 3147 836 3233 venisset,
854 3171 974 3241 magna
993 3144 1188 3218 difficultate
1206 3149 1275 3218 affi-

233 3267 396 3353 ciebatur,
419 3293 484 3361 qua
505 3271 633 3337 ratione
659 3267 701 3336 ad
726 3269 908 3336 exercitum
937 3270 1113 3361 pervenire
1133 3286 1273 3364 posset:

231 3411 308 3456 nam
329 3388 356 3456 si
377 3386 524 3482 legiones
541 3390 576 3456 in
590 3390 800 3456 Provinciam
819 3405 1013 3476 arcesseret,
1033 3417 1068 3460 se
1086 3392 1220 3460 absente
1239 3394 1272 3459 in
1292 3427 1295 3434 ⁴

229 3508 347 3578 itinere
366 3509 483 3603 proelio
499 3509 713 3578 dimicaturas
728 3508 951 3604 intelligebat3
968 3513 994 3579 si
1009 3514 1078 3606 ipsc
1091 3511 1131 3580 ad
1146 3514 1273 3581 exerci-

231 3643 299 3698 tum
320 3629 555 3716 contenderet,
574 3656 616 3697 nc
636 3631 676 3698 iis
696 3629 831 3723 quidem
852 3633 910 3723 qui
931 3657 970 3700 co
992 3647 1142 3724 tempore
1162 3634 1271 3724 pacati

230 3748 422 3820 viderentur
442 3777 536 3820 suem
553 3749 694 3819 salutem
713 3768 801 3820 recte
822 3753 988 3821 committi
1006 3752 1147 3822 videbat.

278 3873 351 3941 vn.
367 3874 505 3940 Interim
524 3874 699 3941 Lucterius
715 3873 901 3952 Cadurcus,
919 3875 954 3941 in
970 3877 1118 3943 Rutenos
1137 3874 1271 3960 missus,

226 4015 298 4059 cem
319 3995 487 4061 civitatem
507 3993 665 4061 Arvernis
689 3992 854 4062 conciliat.
880 3993 1077 4087 Progressus
1101 3995 1136 4062 in
1160 3997 1271 4066 tritic-

1211 4130 1430 4287 Ὺ
