3088 4766
512 362 704 420 naunnuo
724 361 841 418 crvrnt
864 363 933 418 ιιι.
954 363 977 418 ι.
1147 331 1149 336 ’
1233 386 1264 424 ιι

232 491 384 560 cohortes
399 515 438 559 cx
456 488 637 558 delentibus
654 487 863 582 Pompeianis
883 513 890 556 ι
911 489 946 556 in
964 487 1004 556 iis
1022 490 1201 559 Camerino
1217 491 1269 561 lu-

231 614 375 707 gientem
392 609 545 683 Ulcillem
566 611 716 695 Hirrum,
733 633 811 678 cum
832 633 889 678 sex
909 608 1102 680 cohortibus
1122 613 1268 703 quesibi

231 734 264 801 in
283 731 434 826 praesidio
454 729 630 816 habuerat,
647 730 770 823 excipit
789 755 797 797 ι
817 729 939 822 quibus
958 731 1099 816 coactis,
1118 755 1182 800 ιιιιι
1197 731 1268 800 elli·

230 854 287 922 cit.
317 855 404 922 Cum
442 851 482 919 iis
513 850 555 919 ad
590 850 777 920 Domitium
816 849 1045 920 AEnobarbum
1082 849 1268 920 Corfinium

229 974 360 1068 magnis
380 971 553 1041 itineribus
564 971 736 1065 pervenit,
753 971 982 1064 Caesaremque
999 969 1111 1040 adesse
1128 995 1206 1040 cum
1223 969 1268 1040 le·

229 1093 383 1188 gionibus
400 1091 530 1160 duabus
546 1092 688 1160 nuntiat.
700 1091 869 1160 Domitius
877 1115 938 1185 per
954 1115 988 1158 se
1001 1091 1134 1160 circiter
1146 1116 1195 1160 xx
1207 1115 1265 1161 co-

230 1213 342 1282 bortes
360 1211 461 1298 Alba,
481 1235 522 1280 ex
536 1211 659 1280 Marsis
671 1222 705 1278 et
719 1208 878 1304 Pelignis,
894 1224 929 1280 et
946 1209 1095 1279 finitimis
1107 1211 1151 1280 ab
1162 1212 1267 1306 regio·

230 1333 327 1401 nibus
345 1346 508 1427 coegerat.

277 1455 368 1521 XVI.
383 1455 531 1547 Recepto
542 1453 670 1536 Firmo,
683 1449 1017 1546 Asculoqueexpulso
1028 1449 1188 1540 lentulo,
1199 1455 1268 1522 Cae·

229 1597 283 1641 sar
302 1572 457 1665 conquiri
475 1569 611 1658 milites,
630 1572 686 1665 qui
707 1571 749 1640 ab
770 1594 810 1638 eo
828 1569 1065 1659 discesserant,
1083 1570 1267 1641 delectum-

228 1716 294 1784 que
313 1692 442 1760 institui
458 1691 553 1785 jubet
570 1717 577 1758 :
594 1692 681 1785 ipse,
699 1701 804 1759 unum
820 1689 965 1760 diemibi
977 1691 1025 1758 rei
1043 1690 1267 1760 frumentarias

228 1835 328 1881 causa
340 1825 505 1895 moratus,
521 1809 707 1880 Corfinium
722 1809 904 1880 contendit.
923 1811 974 1880 Eu
990 1833 1093 1902 quum
1109 1810 1266 1900 venisset,

230 1932 383 2001 cohortes
401 1957 441 2019 v,
455 1931 628 2025 praemissa
648 1931 830 2000 aDomitio
844 1955 886 2000 ex
901 1930 1046 2025 oppido,
1063 1946 1198 2024 pontem
1207 1931 1268 2001 llu-

229 2053 327 2120 minis
341 2052 640 2145 interrumpebant,
654 2053 792 2145 quierat
805 2051 980 2146 aboppido
991 2051 1094 2124 millia
1108 2077 1267 2147 passuum

227 2173 358 2241 circiter
370 2196 420 2242 ιιι.
440 2172 491 2240 Ibi
508 2195 583 2242 cum
597 2173 866 2242 antecursoribus
885 2173 1023 2243 Cesaris
1035 2172 1154 2268 proelio
1173 2199 1267 2242 com·

227 2293 345 2378 misso,
363 2291 515 2362 celeriter
530 2293 729 2380 Domitiani,
746 2317 765 2362 a
782 2307 885 2387 ponte
905 2292 1044 2387 repulsi,
1063 2319 1097 2363 se
1117 2294 1151 2362 in
1169 2295 1268 2390 oppi-

229 2411 310 2480 dum
329 2427 536 2507 receperunt.
561 2415 687 2501 Caesar,
706 2411 889 2508 legionibus
910 2413 1085 2502 traductis,
1112 2413 1154 2482 ad
1172 2415 1268 2509 oppi-

227 2531 306 2600 dum
324 2533 490 2618 constitit,
507 2533 668 2624 juxtaque
683 2557 817 2601 murum
831 2546 937 2602 castra
955 2533 1076 2626 posuit.

276 2655 385 2720 XVII.
410 2655 460 2720 Re
474 2653 629 2744 cognita,
649 2651 816 2720 Domitius
842 2651 883 2720 ad
904 2653 1101 2745 Pompeium
1120 2654 1154 2721 in
1174 2656 1267 2746 Apu-

226 2771 306 2840 liam
331 2771 455 2864 peritos
478 2771 669 2863 regionum,
688 2793 809 2863 magno
827 2773 998 2864 proposito
1018 2773 1172 2866 praemio,
1190 2797 1268 2841 cum

226 2888 345 2961 litteris
357 2890 476 2978 mittit,
490 2891 548 2982 qui
564 2903 678 2983 petant
695 2903 796 2982 atque
807 2905 920 2977 orent,
936 2904 974 2959 ut
989 2892 1051 2961 sibi
1069 2891 1266 2962 subveniat:

226 3037 242 3072 α
261 3014 424 3080 Caesarem
440 3007 570 3079 duobus
589 3009 785 3079 exercitibus
803 3023 837 3079 et
857 3009 1008 3080 locorum
1034 3010 1197 3106 angustiis
1216 3012 1266 3082 fa·

226 3127 289 3197 cile
305 3127 481 3197 intercludi
501 3153 615 3223 posse,
632 3127 868 3222 frumentoque
885 3130 1067 3224 prohiberi.
1083 3131 1185 3220 Quod
1203 3133 1267 3202 nisi

225 3247 356 3334 lecerit,
374 3271 409 3318 se
422 3249 642 3343 cohortesque
658 3247 799 3343 amplius
809 3275 894 3337 xxx,
909 3275 1134 3346 magnumque
1151 3278 1268 3322 aume-

225 3393 300 3438 rum
328 3381 519 3440 senatorum
547 3384 648 3464 atque
666 3370 815 3464 equiturn
838 3395 1054 3440 romanorum
1078 3372 1113 3440 in
1137 3373 1268 3467 pericu-

226 3487 295 3558 lum
312 3513 383 3559 esse
402 3505 617 3559 venturum.»
634 3491 774 3559 Interim
788 3513 866 3558 suos
875 3492 1085 3580 cohortatus,
1102 3505 1268 3561 tormenta

225 3609 260 3678 iu
273 3611 378 3682 muris
390 3608 554 3704 disponit,
566 3625 738 3704 certasque
753 3611 875 3704 cuique
893 3625 1008 3706 partes
1021 3610 1064 3680 ad
1081 3610 1268 3680 custodiam

225 3728 318 3798 urbis
333 3728 487 3798 attribuit
505 3755 514 3797 :
532 3727 693 3800 militibus
709 3734 743 3800 in
761 3732 922 3800 concione
938 3755 1037 3824 agros
1052 3755 1092 3799 ca
1111 3731 1178 3800 suis
1191 3755 1266 3824 pos-

225 3849 422 3918 sessionibus
451 3848 644 3942 pollicetur,
663 3866 824 3944 quaterna
854 3853 886 3919 in
911 3850 1060 3944 singulos
1077 3851 1211 3946 jugera,
1234 3865 1268 3920 et

225 3987 288 4059 pro
303 3981 374 4035 rata
389 3983 484 4061 parte
498 3971 750 4040 centurionibus
767 3971 987 4064 evocatisque.
