<?xml version="1.0" encoding="UTF-8"?>
<!DOCTYPE html PUBLIC "-//W3C//DTD XHTML 1.0 Transitional//EN"
    "http://www.w3.org/TR/xhtml1/DTD/xhtml1-transitional.dtd">
<html xmlns="http://www.w3.org/1999/xhtml" xml:lang="en" lang="en">
 <head>
  <title>
</title>
<meta http-equiv="Content-Type" content="text/html;charset=utf-8" />
  <meta name='ocr-system' content='tesseract 3.04.00' />
  <meta name='ocr-capabilities' content='ocr_page ocr_carea ocr_par ocr_line ocrx_word'/>
</head>
<body>
  <div class='ocr_page' id='page_1' title='image "./cjcaesarisopera00caesgoog_0568.png"; bbox 0 0 3014 4780; ppageno 0'>
   <div class='ocr_carea' id='block_1_1' title="bbox 327 419 1202 478">
    <p class='ocr_par' dir='ltr' id='par_1_1' title="bbox 327 419 1202 478">
     <span class='ocr_line' id='line_1_1' title="bbox 327 419 1202 478; baseline 0.001 -3"><span class='ocrx_word' id='word_1_1' title='bbox 327 419 382 476; x_wconf 75' lang='lat' dir='ltr'><strong>aba</strong></span> <span class='ocrx_word' id='word_1_2' title='bbox 500 421 530 476; x_wconf 89' lang='lat' dir='ltr'><strong>C.</strong></span> <span class='ocrx_word' id='word_1_3' title='bbox 551 421 649 476; x_wconf 79' lang='lat' dir='ltr'><strong>suut</strong></span> <span class='ocrx_word' id='word_1_4' title='bbox 670 419 833 476; x_wconf 78' lang='lat' dir='ltr'>CAESARIS</span> <span class='ocrx_word' id='word_1_5' title='bbox 854 421 1048 478; x_wconf 76' lang='lat' dir='ltr'><strong>COMMENT.</strong></span> <span class='ocrx_word' id='word_1_6' title='bbox 1072 419 1202 478; x_wconf 82' lang='lat' dir='ltr'>LIBER</span> 
     </span>
    </p>
   </div>
   <div class='ocr_carea' id='block_1_2' title="bbox 257 535 1378 1714">
    <p class='ocr_par' dir='ltr' id='par_1_2' title="bbox 257 535 1378 1714">
     <span class='ocr_line' id='line_1_2' title="bbox 324 535 1375 638; baseline -0.002 -26"><span class='ocrx_word' id='word_1_7' title='bbox 324 546 484 638; x_wconf 88' lang='lat' dir='ltr'><strong>equitatui</strong></span> <span class='ocrx_word' id='word_1_8' title='bbox 515 565 714 613; x_wconf 76' lang='lat' dir='ltr'><strong>succurrere.</strong></span> <span class='ocrx_word' id='word_1_9' title='bbox 742 535 909 613; x_wconf 84' lang='lat' dir='ltr'><strong>Labienus</strong></span> <span class='ocrx_word' id='word_1_10' title='bbox 935 545 1066 614; x_wconf 84' lang='lat' dir='ltr'>interim</span> <span class='ocrx_word' id='word_1_11' title='bbox 1104 546 1183 614; x_wconf 88' lang='lat' dir='ltr'><strong>suis</strong></span> <span class='ocrx_word' id='word_1_12' title='bbox 1215 543 1375 636; x_wconf 85' lang='lat' dir='ltr'><strong>equitibus</strong></span> 
     </span>
     <span class='ocr_line' id='line_1_3' title="bbox 323 663 1376 759; baseline -0.002 -27"><span class='ocrx_word' id='word_1_13' title='bbox 323 663 443 733; x_wconf 86' lang='lat' dir='ltr'><strong>auxilia</strong></span> <span class='ocrx_word' id='word_1_14' title='bbox 468 665 630 758; x_wconf 82' lang='lat' dir='ltr'><strong>equestria</strong></span> <span class='ocrx_word' id='word_1_15' title='bbox 661 663 871 751; x_wconf 78' lang='lat' dir='ltr'><strong>submittere,</strong></span> <span class='ocrx_word' id='word_1_16' title='bbox 899 667 1083 759; x_wconf 86' lang='lat' dir='ltr'><strong>sauciisque</strong></span> <span class='ocrx_word' id='word_1_17' title='bbox 1114 689 1162 734; x_wconf 86' lang='lat' dir='ltr'><strong>ac</strong></span> <span class='ocrx_word' id='word_1_18' title='bbox 1193 663 1376 757; x_wconf 78' lang='lat' dir='ltr'>defatigatis</span> 
     </span>
     <span class='ocr_line' id='line_1_4' title="bbox 323 771 1376 879; baseline -0.004 -28"><span class='ocrx_word' id='word_1_19' title='bbox 323 785 470 879; x_wconf 81' lang='lat' dir='ltr'><strong>integros</strong></span> <span class='ocrx_word' id='word_1_20' title='bbox 491 783 797 876; x_wconf 83' lang='lat' dir='ltr'><strong>recentioribusque</strong></span> <span class='ocrx_word' id='word_1_21' title='bbox 815 783 940 853; x_wconf 87' lang='lat' dir='ltr'><strong>viribus</strong></span> <span class='ocrx_word' id='word_1_22' title='bbox 957 786 1083 878; x_wconf 77' lang='lat' dir='ltr'><strong>equites</strong></span> <span class='ocrx_word' id='word_1_23' title='bbox 1102 771 1376 852; x_wconf 83' lang='lat' dir='ltr'><strong>subministrare.</strong></span> 
     </span>
     <span class='ocr_line' id='line_1_5' title="bbox 272 899 1378 997; baseline -0.004 -27"><span class='ocrx_word' id='word_1_24' title='bbox 272 925 273 928; x_wconf 45' lang='lat'>¹</span> <span class='ocrx_word' id='word_1_25' title='bbox 322 905 503 997; x_wconf 87' lang='lat' dir='ltr'><strong>Postquam</strong></span> <span class='ocrx_word' id='word_1_26' title='bbox 528 905 654 996; x_wconf 87' lang='lat' dir='ltr'><strong>equites</strong></span> <span class='ocrx_word' id='word_1_27' title='bbox 673 901 795 970; x_wconf 85' lang='lat' dir='ltr'><strong>Juliani</strong></span> <span class='ocrx_word' id='word_1_28' title='bbox 813 926 857 972; x_wconf 88' lang='lat' dir='ltr'><strong>cn</strong></span> <span class='ocrx_word' id='word_1_29' title='bbox 874 903 1261 986; x_wconf 83' lang='lat' dir='ltr'><strong>vimhostium,ad1v</strong></span> <span class='ocrx_word' id='word_1_30' title='bbox 1281 899 1378 970; x_wconf 84' lang='lat' dir='ltr'><strong>millia</strong></span> 
     </span>
     <span class='ocr_line' id='line_1_6' title="bbox 322 1021 1378 1114; baseline -0.003 -24"><span class='ocrx_word' id='word_1_31' title='bbox 322 1045 477 1111; x_wconf 90' lang='lat' dir='ltr'><strong>numero,</strong></span> <span class='ocrx_word' id='word_1_32' title='bbox 508 1023 667 1092; x_wconf 89' lang='lat' dir='ltr'><strong>sustinere</strong></span> <span class='ocrx_word' id='word_1_33' title='bbox 698 1046 764 1090; x_wconf 89' lang='lat' dir='ltr'><strong>oon</strong></span> <span class='ocrx_word' id='word_1_34' title='bbox 792 1035 964 1114; x_wconf 87' lang='lat' dir='ltr'><strong>poterant,</strong></span> <span class='ocrx_word' id='word_1_35' title='bbox 994 1036 1070 1090; x_wconf 88' lang='lat' dir='ltr'><strong>eta</strong></span> <span class='ocrx_word' id='word_1_36' title='bbox 1101 1021 1179 1090; x_wconf 89' lang='lat' dir='ltr'><strong>levi</strong></span> <span class='ocrx_word' id='word_1_37' title='bbox 1209 1033 1378 1090; x_wconf 82' lang='lat' dir='ltr'><strong>armatura</strong></span> 
     </span>
     <span class='ocr_line' id='line_1_7' title="bbox 257 1139 1377 1236; baseline -0.004 -26"><span class='ocrx_word' id='word_1_38' title='bbox 257 1155 259 1164; x_wconf 89' lang='grc'><strong>’</strong></span> <span class='ocrx_word' id='word_1_39' title='bbox 322 1139 543 1210; x_wconf 80' lang='lat' dir='ltr'><strong>Numidarum</strong></span> <span class='ocrx_word' id='word_1_40' title='bbox 576 1140 852 1227; x_wconf 87' lang='lat' dir='ltr'><strong>vulnerabantur,</strong></span> <span class='ocrx_word' id='word_1_41' title='bbox 885 1142 1148 1236; x_wconf 81' lang='lat' dir='ltr'><strong>minutatimque</strong></span> <span class='ocrx_word' id='word_1_42' title='bbox 1194 1139 1377 1222; x_wconf 79' lang='lat' dir='ltr'><strong>cedebant,</strong></span> 
     </span>
     <span class='ocr_line' id='line_1_8' title="bbox 323 1257 1378 1354; baseline -0.007 -24"><span class='ocrx_word' id='word_1_43' title='bbox 323 1263 431 1330; x_wconf 78' lang='lat' dir='ltr'><strong>Caesar</strong></span> <span class='ocrx_word' id='word_1_44' title='bbox 458 1258 596 1329; x_wconf 86' lang='lat' dir='ltr'><strong>alteram</strong></span> <span class='ocrx_word' id='word_1_45' title='bbox 619 1257 703 1328; x_wconf 91' lang='lat' dir='ltr'><strong>alam</strong></span> <span class='ocrx_word' id='word_1_46' title='bbox 732 1261 848 1344; x_wconf 87' lang='lat' dir='ltr'><strong>mittit,</strong></span> <span class='ocrx_word' id='word_1_47' title='bbox 875 1261 931 1352; x_wconf 87' lang='lat' dir='ltr'><strong>qui</strong></span> <span class='ocrx_word' id='word_1_48' title='bbox 961 1260 1200 1354; x_wconf 82' lang='lat' dir='ltr'><strong>satagentibus</strong></span> <span class='ocrx_word' id='word_1_49' title='bbox 1228 1259 1378 1330; x_wconf 84' lang='lat' dir='ltr'><strong>celeriter</strong></span> 
     </span>
     <span class='ocr_line' id='line_1_9' title="bbox 322 1377 1376 1468; baseline -0.005 -19"><span class='ocrx_word' id='word_1_50' title='bbox 322 1395 543 1453; x_wconf 90' lang='lat' dir='ltr'><strong>occurrerent.</strong></span> <span class='ocrx_word' id='word_1_51' title='bbox 571 1381 649 1468; x_wconf 89' lang='lat' dir='ltr'><strong>Quo</strong></span> <span class='ocrx_word' id='word_1_52' title='bbox 676 1378 764 1448; x_wconf 85' lang='lat' dir='ltr'><strong>facto</strong></span> <span class='ocrx_word' id='word_1_53' title='bbox 780 1381 832 1447; x_wconf 85' lang='lat' dir='ltr'><strong>sui</strong></span> <span class='ocrx_word' id='word_1_54' title='bbox 853 1377 971 1447; x_wconf 88' lang='lat' dir='ltr'><strong>sublati</strong></span> <span class='ocrx_word' id='word_1_55' title='bbox 998 1381 1169 1462; x_wconf 82' lang='lat' dir='ltr'><strong>universi,</strong></span> <span class='ocrx_word' id='word_1_56' title='bbox 1200 1383 1239 1448; x_wconf 91' lang='lat' dir='ltr'><strong>in</strong></span> <span class='ocrx_word' id='word_1_57' title='bbox 1269 1379 1376 1447; x_wconf 85' lang='lat' dir='ltr'><strong>hostes</strong></span> 
     </span>
     <span class='ocr_line' id='line_1_10' title="bbox 322 1495 1378 1597; baseline -0.004 -29"><span class='ocrx_word' id='word_1_58' title='bbox 322 1503 536 1597; x_wconf 87' lang='lat' dir='ltr'><strong>impressione</strong></span> <span class='ocrx_word' id='word_1_59' title='bbox 552 1499 654 1586; x_wconf 85' lang='lat' dir='ltr'><strong>lacta,</strong></span> <span class='ocrx_word' id='word_1_60' title='bbox 671 1502 705 1568; x_wconf 90' lang='lat' dir='ltr'><strong>in</strong></span> <span class='ocrx_word' id='word_1_61' title='bbox 722 1499 833 1594; x_wconf 83' lang='lat' dir='ltr'><strong>fugam</strong></span> <span class='ocrx_word' id='word_1_62' title='bbox 850 1499 1052 1568; x_wconf 82' lang='lat' dir='ltr'><strong>adversarios</strong></span> <span class='ocrx_word' id='word_1_63' title='bbox 1068 1499 1277 1586; x_wconf 88' lang='lat' dir='ltr'><strong>dederunt,</strong></span> <span class='ocrx_word' id='word_1_64' title='bbox 1297 1495 1378 1567; x_wconf 90' lang='lat' dir='ltr'><strong>mul·</strong></span> 
     </span>
     <span class='ocr_line' id='line_1_11' title="bbox 323 1617 1375 1714; baseline -0.004 -26"><span class='ocrx_word' id='word_1_65' title='bbox 323 1621 364 1690; x_wconf 89' lang='lat' dir='ltr'><strong>tis</strong></span> <span class='ocrx_word' id='word_1_66' title='bbox 388 1620 521 1707; x_wconf 87' lang='lat' dir='ltr'><strong>occisis,</strong></span> <span class='ocrx_word' id='word_1_67' title='bbox 549 1619 776 1713; x_wconf 81' lang='lat' dir='ltr'><strong>compluribus</strong></span> <span class='ocrx_word' id='word_1_68' title='bbox 798 1618 1013 1688; x_wconf 86' lang='lat' dir='ltr'><strong>vulneratis:</strong></span> <span class='ocrx_word' id='word_1_69' title='bbox 1044 1621 1194 1689; x_wconf 86' lang='lat' dir='ltr'><strong>insecuti</strong></span> <span class='ocrx_word' id='word_1_70' title='bbox 1223 1643 1290 1714; x_wconf 87' lang='lat' dir='ltr'><strong>per</strong></span> <span class='ocrx_word' id='word_1_71' title='bbox 1316 1617 1375 1684; x_wconf 84' lang='lat' dir='ltr'><strong>tria</strong></span> 
     </span>
    </p>
   </div>
   <div class='ocr_carea' id='block_1_3' title="bbox 322 1732 1463 1835">
    <p class='ocr_par' dir='ltr' id='par_1_3' title="bbox 322 1732 1463 1835">
     <span class='ocr_line' id='line_1_12' title="bbox 322 1732 1463 1835; baseline -0.005 -27"><span class='ocrx_word' id='word_1_72' title='bbox 322 1738 423 1810; x_wconf 91' lang='lat' dir='ltr'><strong>millia</strong></span> <span class='ocrx_word' id='word_1_73' title='bbox 445 1763 617 1835; x_wconf 86' lang='lat' dir='ltr'><strong>passuum,</strong></span> <span class='ocrx_word' id='word_1_74' title='bbox 636 1763 741 1832; x_wconf 87' lang='lat' dir='ltr'><strong>usque</strong></span> <span class='ocrx_word' id='word_1_75' title='bbox 765 1741 800 1807; x_wconf 91' lang='lat' dir='ltr'><strong>in</strong></span> <span class='ocrx_word' id='word_1_76' title='bbox 820 1735 918 1808; x_wconf 90' lang='lat' dir='ltr'><strong>colles</strong></span> <span class='ocrx_word' id='word_1_77' title='bbox 937 1739 1087 1808; x_wconf 88' lang='lat' dir='ltr'><strong>hostibus</strong></span> <span class='ocrx_word' id='word_1_78' title='bbox 1105 1739 1265 1826; x_wconf 88' lang='lat' dir='ltr'><strong>adactis,</strong></span> <span class='ocrx_word' id='word_1_79' title='bbox 1285 1761 1321 1806; x_wconf 88' lang='lat' dir='ltr'><strong>se</strong></span> <span class='ocrx_word' id='word_1_80' title='bbox 1334 1732 1373 1802; x_wconf 87' lang='lat' dir='ltr'><strong>ad</strong></span> <span class='ocrx_word' id='word_1_81' title='bbox 1462 1773 1463 1828; x_wconf 57' lang='lat'>3</span> 
     </span>
    </p>
   </div>
   <div class='ocr_carea' id='block_1_4' title="bbox 249 1858 1374 4098">
    <p class='ocr_par' dir='ltr' id='par_1_4' title="bbox 249 1858 1374 2426">
     <span class='ocr_line' id='line_1_13' title="bbox 321 1858 1374 1954; baseline 0.003 -27"><span class='ocrx_word' id='word_1_82' title='bbox 321 1883 398 1928; x_wconf 91' lang='lat' dir='ltr'><strong>suos</strong></span> <span class='ocrx_word' id='word_1_83' title='bbox 426 1861 600 1954; x_wconf 85' lang='lat' dir='ltr'><strong>recipiunt.</strong></span> <span class='ocrx_word' id='word_1_84' title='bbox 624 1860 734 1927; x_wconf 74' lang='lat' dir='ltr'><strong>Caesar</strong></span> <span class='ocrx_word' id='word_1_85' title='bbox 762 1861 795 1927; x_wconf 91' lang='lat' dir='ltr'><strong>in</strong></span> <span class='ocrx_word' id='word_1_86' title='bbox 823 1858 938 1927; x_wconf 87' lang='lat' dir='ltr'><strong>horam</strong></span> <span class='ocrx_word' id='word_1_87' title='bbox 959 1883 982 1927; x_wconf 89' lang='lat' dir='ltr'>x</span> <span class='ocrx_word' id='word_1_88' title='bbox 1000 1873 1257 1944; x_wconf 88' lang='lat' dir='ltr'><strong>commoratus,</strong></span> <span class='ocrx_word' id='word_1_89' title='bbox 1291 1858 1374 1930; x_wconf 83' lang='lat' dir='ltr'><strong>sicut</strong></span> 
     </span>
     <span class='ocr_line' id='line_1_14' title="bbox 249 1971 1371 2079; baseline -0.002 -35"><span class='ocrx_word' id='word_1_90' title='bbox 249 1971 253 1982; x_wconf 53' lang='lat'><strong>¹</strong></span> <span class='ocrx_word' id='word_1_91' title='bbox 321 1993 392 2045; x_wconf 87' lang='lat' dir='ltr'><strong>erat</strong></span> <span class='ocrx_word' id='word_1_92' title='bbox 408 1980 606 2079; x_wconf 74' lang='lat' dir='ltr'><strong>instructus,</strong></span> <span class='ocrx_word' id='word_1_93' title='bbox 624 2001 658 2046; x_wconf 89' lang='lat' dir='ltr'><strong>se</strong></span> <span class='ocrx_word' id='word_1_94' title='bbox 674 1976 715 2045; x_wconf 89' lang='lat' dir='ltr'><strong>ad</strong></span> <span class='ocrx_word' id='word_1_95' title='bbox 731 2003 788 2046; x_wconf 91' lang='lat' dir='ltr'><strong>sua</strong></span> <span class='ocrx_word' id='word_1_96' title='bbox 806 1992 910 2046; x_wconf 87' lang='lat' dir='ltr'><strong>castra</strong></span> <span class='ocrx_word' id='word_1_97' title='bbox 924 1978 1071 2070; x_wconf 87' lang='lat' dir='ltr'><strong>recepit,</strong></span> <span class='ocrx_word' id='word_1_98' title='bbox 1091 1979 1261 2047; x_wconf 88' lang='lat' dir='ltr'><strong>omnibus</strong></span> <span class='ocrx_word' id='word_1_99' title='bbox 1280 1978 1371 2044; x_wconf 90' lang='lat' dir='ltr'><strong>inco·</strong></span> 
     </span>
     <span class='ocr_line' id='line_1_15' title="bbox 319 2093 1372 2191; baseline -0.001 -30"><span class='ocrx_word' id='word_1_100' title='bbox 319 2093 490 2164; x_wconf 85' lang='lat' dir='ltr'><strong>lumihus:</strong></span> <span class='ocrx_word' id='word_1_101' title='bbox 512 2101 546 2165; x_wconf 91' lang='lat' dir='ltr'><strong>in</strong></span> <span class='ocrx_word' id='word_1_102' title='bbox 564 2121 631 2188; x_wconf 93' lang='lat' dir='ltr'><strong>quo</strong></span> <span class='ocrx_word' id='word_1_103' title='bbox 649 2095 765 2189; x_wconf 91' lang='lat' dir='ltr'><strong>proelio</strong></span> <span class='ocrx_word' id='word_1_104' title='bbox 781 2095 949 2183; x_wconf 89' lang='lat' dir='ltr'><strong>Pacidius,</strong></span> <span class='ocrx_word' id='word_1_105' title='bbox 970 2098 1114 2190; x_wconf 80' lang='lat' dir='ltr'><strong>graviter</strong></span> <span class='ocrx_word' id='word_1_106' title='bbox 1125 2096 1203 2190; x_wconf 86' lang='lat' dir='ltr'><strong>pilo</strong></span> <span class='ocrx_word' id='word_1_107' title='bbox 1222 2119 1290 2191; x_wconf 90' lang='lat' dir='ltr'><strong>per</strong></span> <span class='ocrx_word' id='word_1_108' title='bbox 1305 2117 1372 2162; x_wconf 86' lang='lat' dir='ltr'><strong>cas·</strong></span> 
     </span>
     <span class='ocr_line' id='line_1_16' title="bbox 321 2203 1369 2308; baseline -0.003 -27"><span class='ocrx_word' id='word_1_109' title='bbox 321 2212 423 2281; x_wconf 89' lang='lat' dir='ltr'><strong>sidem</strong></span> <span class='ocrx_word' id='word_1_110' title='bbox 444 2229 545 2307; x_wconf 78' lang='lat' dir='ltr'><strong>caput</strong></span> <span class='ocrx_word' id='word_1_111' title='bbox 565 2216 668 2301; x_wconf 89' lang='lat' dir='ltr'><strong>ictus,</strong></span> <span class='ocrx_word' id='word_1_112' title='bbox 688 2203 938 2308; x_wconf 89' lang='lat' dir='ltr'><strong>compluresque</strong></span> <span class='ocrx_word' id='word_1_113' title='bbox 965 2215 1081 2303; x_wconf 89' lang='lat' dir='ltr'><strong>duces,</strong></span> <span class='ocrx_word' id='word_1_114' title='bbox 1102 2239 1140 2284; x_wconf 87' lang='lat' dir='ltr'><strong>ae</strong></span> <span class='ocrx_word' id='word_1_115' title='bbox 1158 2216 1369 2286; x_wconf 84' lang='lat' dir='ltr'><strong>fortissimus</strong></span> 
     </span>
     <span class='ocr_line' id='line_1_17' title="bbox 320 2329 1022 2426; baseline 0.01 -29"><span class='ocrx_word' id='word_1_116' title='bbox 320 2333 480 2424; x_wconf 90' lang='lat' dir='ltr'><strong>quisque,</strong></span> <span class='ocrx_word' id='word_1_117' title='bbox 502 2331 664 2400; x_wconf 86' lang='lat' dir='ltr'><strong>interfecti</strong></span> <span class='ocrx_word' id='word_1_118' title='bbox 685 2329 913 2426; x_wconf 85' lang='lat' dir='ltr'><strong>vulneratique</strong></span> <span class='ocrx_word' id='word_1_119' title='bbox 935 2348 1022 2404; x_wconf 90' lang='lat' dir='ltr'><strong>sunt.</strong></span> 
     </span>
    </p>

    <p class='ocr_par' dir='ltr' id='par_1_5' title="bbox 319 2449 1367 4098">
     <span class='ocr_line' id='line_1_18' title="bbox 368 2449 1367 2548; baseline 0.001 -29"><span class='ocrx_word' id='word_1_120' title='bbox 368 2452 523 2519; x_wconf 84' lang='lat' dir='ltr'>LXXIX.</span> <span class='ocrx_word' id='word_1_121' title='bbox 543 2455 722 2542; x_wconf 86' lang='lat' dir='ltr'><strong>Postquam</strong></span> <span class='ocrx_word' id='word_1_122' title='bbox 742 2449 830 2520; x_wconf 91' lang='lat' dir='ltr'><strong>nulla</strong></span> <span class='ocrx_word' id='word_1_123' title='bbox 857 2453 1044 2522; x_wconf 88' lang='lat' dir='ltr'><strong>conditione</strong></span> <span class='ocrx_word' id='word_1_124' title='bbox 1064 2478 1181 2548; x_wconf 80' lang='lat' dir='ltr'><strong>cogere</strong></span> <span class='ocrx_word' id='word_1_125' title='bbox 1205 2453 1367 2524; x_wconf 77' lang='lat' dir='ltr'><strong>adversa-</strong></span> 
     </span>
     <span class='ocr_line' id='line_1_19' title="bbox 319 2570 1365 2664; baseline -0.002 -27"><span class='ocrx_word' id='word_1_126' title='bbox 319 2571 387 2638; x_wconf 84' lang='lat' dir='ltr'><strong>rios</strong></span> <span class='ocrx_word' id='word_1_127' title='bbox 402 2580 552 2662; x_wconf 87' lang='lat' dir='ltr'><strong>poterat,</strong></span> <span class='ocrx_word' id='word_1_128' title='bbox 582 2584 619 2638; x_wconf 92' lang='lat' dir='ltr'><strong>ut</strong></span> <span class='ocrx_word' id='word_1_129' title='bbox 639 2571 673 2637; x_wconf 87' lang='lat' dir='ltr'><strong>in</strong></span> <span class='ocrx_word' id='word_1_130' title='bbox 696 2594 826 2664; x_wconf 77' lang='lat' dir='ltr'><strong>equum</strong></span> <span class='ocrx_word' id='word_1_131' title='bbox 846 2570 955 2641; x_wconf 90' lang='lat' dir='ltr'><strong>locum</strong></span> <span class='ocrx_word' id='word_1_132' title='bbox 975 2571 1230 2664; x_wconf 88' lang='lat' dir='ltr'><strong>descenderent,</strong></span> <span class='ocrx_word' id='word_1_133' title='bbox 1261 2572 1365 2664; x_wconf 79' lang='lat' dir='ltr'><strong>legio·</strong></span> 
     </span>
     <span class='ocr_line' id='line_1_20' title="bbox 321 2686 1363 2786; baseline -0.005 -29"><span class='ocrx_word' id='word_1_134' title='bbox 321 2711 468 2782; x_wconf 90' lang='lat' dir='ltr'><strong>numque</strong></span> <span class='ocrx_word' id='word_1_135' title='bbox 484 2686 667 2783; x_wconf 84' lang='lat' dir='ltr'><strong>periculum</strong></span> <span class='ocrx_word' id='word_1_136' title='bbox 686 2688 850 2776; x_wconf 86' lang='lat' dir='ltr'><strong>facerent,</strong></span> <span class='ocrx_word' id='word_1_137' title='bbox 867 2715 973 2784; x_wconf 89' lang='lat' dir='ltr'><strong>neque</strong></span> <span class='ocrx_word' id='word_1_138' title='bbox 992 2694 1060 2786; x_wconf 90' lang='lat' dir='ltr'><strong>ipse</strong></span> <span class='ocrx_word' id='word_1_139' title='bbox 1073 2694 1210 2786; x_wconf 85' lang='lat' dir='ltr'><strong>propius</strong></span> <span class='ocrx_word' id='word_1_140' title='bbox 1229 2695 1363 2762; x_wconf 88' lang='lat' dir='ltr'><strong>hostem</strong></span> 
     </span>
     <span class='ocr_line' id='line_1_21' title="bbox 320 2805 1362 2904; baseline 0 -28"><span class='ocrx_word' id='word_1_141' title='bbox 320 2822 426 2877; x_wconf 89' lang='lat' dir='ltr'><strong>castra</strong></span> <span class='ocrx_word' id='word_1_142' title='bbox 447 2831 570 2902; x_wconf 90' lang='lat' dir='ltr'><strong>ponere</strong></span> <span class='ocrx_word' id='word_1_143' title='bbox 588 2822 725 2902; x_wconf 88' lang='lat' dir='ltr'><strong>propter</strong></span> <span class='ocrx_word' id='word_1_144' title='bbox 742 2832 835 2902; x_wconf 85' lang='lat' dir='ltr'><strong>aquae</strong></span> <span class='ocrx_word' id='word_1_145' title='bbox 851 2812 1023 2903; x_wconf 87' lang='lat' dir='ltr'><strong>penuriam</strong></span> <span class='ocrx_word' id='word_1_146' title='bbox 1042 2836 1076 2880; x_wconf 89' lang='lat' dir='ltr'><strong>se</strong></span> <span class='ocrx_word' id='word_1_147' title='bbox 1094 2836 1189 2904; x_wconf 88' lang='lat' dir='ltr'><strong>posse</strong></span> <span class='ocrx_word' id='word_1_148' title='bbox 1207 2805 1362 2882; x_wconf 88' lang='lat' dir='ltr'><strong>animad-</strong></span> 
     </span>
     <span class='ocr_line' id='line_1_22' title="bbox 321 2923 1359 3015; baseline 0.009 -21"><span class='ocrx_word' id='word_1_149' title='bbox 321 2928 488 3015; x_wconf 88' lang='lat' dir='ltr'><strong>vertebat,</strong></span> <span class='ocrx_word' id='word_1_150' title='bbox 509 2928 711 2997; x_wconf 87' lang='lat' dir='ltr'><strong>adversarios</strong></span> <span class='ocrx_word' id='word_1_151' title='bbox 728 2952 797 2996; x_wconf 90' lang='lat' dir='ltr'><strong>non</strong></span> <span class='ocrx_word' id='word_1_152' title='bbox 813 2953 928 2998; x_wconf 91' lang='lat' dir='ltr'><strong>eorum</strong></span> <span class='ocrx_word' id='word_1_153' title='bbox 948 2932 1071 3000; x_wconf 85' lang='lat' dir='ltr'><strong>virtute</strong></span> <span class='ocrx_word' id='word_1_154' title='bbox 1090 2931 1279 3015; x_wconf 85' lang='lat' dir='ltr'><strong>confidere,</strong></span> <span class='ocrx_word' id='word_1_155' title='bbox 1303 2923 1359 2995; x_wconf 71' lang='lat' dir='ltr'><strong>sed</strong></span> 
     </span>
     <span class='ocr_line' id='line_1_23' title="bbox 321 3043 1360 3146; baseline -0.003 -32"><span class='ocrx_word' id='word_1_156' title='bbox 321 3070 483 3138; x_wconf 90' lang='lat' dir='ltr'><strong>aquarum</strong></span> <span class='ocrx_word' id='word_1_157' title='bbox 515 3047 628 3140; x_wconf 87' lang='lat' dir='ltr'><strong>inopia</strong></span> <span class='ocrx_word' id='word_1_158' title='bbox 659 3045 760 3116; x_wconf 87' lang='lat' dir='ltr'><strong>fretos</strong></span> <span class='ocrx_word' id='word_1_159' title='bbox 786 3047 954 3142; x_wconf 88' lang='lat' dir='ltr'><strong>despicere</strong></span> <span class='ocrx_word' id='word_1_160' title='bbox 972 3075 1007 3119; x_wconf 94' lang='lat' dir='ltr'><strong>se</strong></span> <span class='ocrx_word' id='word_1_161' title='bbox 1026 3049 1185 3120; x_wconf 82' lang='lat' dir='ltr'><strong>intellexit</strong></span> <span class='ocrx_word' id='word_1_162' title='bbox 1212 3077 1221 3120; x_wconf 75' lang='grc' dir='ltr'><strong><em>ε</em></strong></span> <span class='ocrx_word' id='word_1_163' title='bbox 1250 3043 1360 3146; x_wconf 88' lang='lat' dir='ltr'><strong>pridie</strong></span> 
     </span>
     <span class='ocr_line' id='line_1_24' title="bbox 321 3162 1359 3263; baseline 0.004 -33"><span class='ocrx_word' id='word_1_164' title='bbox 321 3188 399 3231; x_wconf 88' lang='lat' dir='ltr'><strong>non.</strong></span> <span class='ocrx_word' id='word_1_165' title='bbox 415 3188 484 3257; x_wconf 85' lang='lat' dir='ltr'><strong>apr.</strong></span> <span class='ocrx_word' id='word_1_166' title='bbox 500 3166 597 3232; x_wconf 87' lang='lat' dir='ltr'><strong>tertia</strong></span> <span class='ocrx_word' id='word_1_167' title='bbox 614 3162 725 3259; x_wconf 85' lang='lat' dir='ltr'><strong>vigilia</strong></span> <span class='ocrx_word' id='word_1_168' title='bbox 741 3189 889 3259; x_wconf 84' lang='lat' dir='ltr'><strong>egressus</strong></span> <span class='ocrx_word' id='word_1_169' title='bbox 903 3169 944 3237; x_wconf 90' lang='lat' dir='ltr'><strong>ab</strong></span> <span class='ocrx_word' id='word_1_170' title='bbox 963 3171 1068 3263; x_wconf 81' lang='lat' dir='ltr'><strong>Agar,</strong></span> <span class='ocrx_word' id='word_1_171' title='bbox 1089 3193 1150 3239; x_wconf 85' lang='lat' dir='ltr'><strong>xm</strong></span> <span class='ocrx_word' id='word_1_172' title='bbox 1166 3169 1272 3240; x_wconf 89' lang='lat' dir='ltr'><strong>millia</strong></span> <span class='ocrx_word' id='word_1_173' title='bbox 1288 3187 1359 3262; x_wconf 82' lang='lat' dir='ltr'><strong>pas·</strong></span> 
     </span>
     <span class='ocr_line' id='line_1_25' title="bbox 321 3285 1358 3382; baseline 0.002 -33"><span class='ocrx_word' id='word_1_174' title='bbox 321 3305 416 3350; x_wconf 90' lang='lat' dir='ltr'><strong>suum</strong></span> <span class='ocrx_word' id='word_1_175' title='bbox 435 3295 531 3350; x_wconf 90' lang='lat' dir='ltr'><strong>nocte</strong></span> <span class='ocrx_word' id='word_1_176' title='bbox 545 3307 756 3376; x_wconf 85' lang='lat' dir='ltr'><strong>progressus,</strong></span> <span class='ocrx_word' id='word_1_177' title='bbox 776 3285 817 3353; x_wconf 92' lang='lat' dir='ltr'><strong>ad</strong></span> <span class='ocrx_word' id='word_1_178' title='bbox 832 3285 1019 3381; x_wconf 82' lang='lat' dir='ltr'><strong>Thapsum,</strong></span> <span class='ocrx_word' id='word_1_179' title='bbox 1034 3286 1090 3356; x_wconf 89' lang='lat' dir='ltr'><strong>ubi</strong></span> <span class='ocrx_word' id='word_1_180' title='bbox 1101 3287 1258 3382; x_wconf 81' lang='lat' dir='ltr'><strong>Virgilius</strong></span> <span class='ocrx_word' id='word_1_181' title='bbox 1279 3307 1358 3356; x_wconf 90' lang='lat' dir='ltr'><strong>cum</strong></span> 
     </span>
     <span class='ocr_line' id='line_1_26' title="bbox 321 3401 1358 3501; baseline 0.004 -32"><span class='ocrx_word' id='word_1_182' title='bbox 321 3401 439 3497; x_wconf 83' lang='lat' dir='ltr'><strong>grandi</strong></span> <span class='ocrx_word' id='word_1_183' title='bbox 459 3401 611 3496; x_wconf 80' lang='lat' dir='ltr'><strong>praesidio</strong></span> <span class='ocrx_word' id='word_1_184' title='bbox 628 3419 788 3497; x_wconf 83' lang='lat' dir='ltr'><strong>praeerat,</strong></span> <span class='ocrx_word' id='word_1_185' title='bbox 817 3421 922 3475; x_wconf 88' lang='lat' dir='ltr'><strong>castra</strong></span> <span class='ocrx_word' id='word_1_186' title='bbox 938 3409 1050 3500; x_wconf 89' lang='lat' dir='ltr'><strong>ponit,</strong></span> <span class='ocrx_word' id='word_1_187' title='bbox 1069 3406 1296 3501; x_wconf 87' lang='lat' dir='ltr'><strong>oppidumque</strong></span> <span class='ocrx_word' id='word_1_188' title='bbox 1317 3427 1358 3472; x_wconf 89' lang='lat' dir='ltr'><strong>eo</strong></span> 
     </span>
     <span class='ocr_line' id='line_1_27' title="bbox 321 3522 1358 3626; baseline -0.002 -36"><span class='ocrx_word' id='word_1_189' title='bbox 321 3522 375 3590; x_wconf 90' lang='lat' dir='ltr'><strong>die</strong></span> <span class='ocrx_word' id='word_1_190' title='bbox 392 3524 640 3626; x_wconf 37' lang='lat' dir='ltr'><strong>‘circumvenire</strong></span> <span class='ocrx_word' id='word_1_191' title='bbox 660 3526 774 3618; x_wconf 76' lang='lat' dir='ltr'><strong>coepit,</strong></span> <span class='ocrx_word' id='word_1_192' title='bbox 795 3525 932 3619; x_wconf 87' lang='lat' dir='ltr'><strong>locaque</strong></span> <span class='ocrx_word' id='word_1_193' title='bbox 956 3524 1072 3594; x_wconf 85' lang='lat' dir='ltr'><strong>idonea</strong></span> <span class='ocrx_word' id='word_1_194' title='bbox 1102 3537 1358 3618; x_wconf 89' lang='lat' dir='ltr'><strong>opportunaque</strong></span> 
     </span>
     <span class='ocr_line' id='line_1_28' title="bbox 321 3641 1354 3738; baseline -0.001 -27"><span class='ocrx_word' id='word_1_195' title='bbox 321 3641 491 3738; x_wconf 88' lang='lat' dir='ltr'><strong>complura</strong></span> <span class='ocrx_word' id='word_1_196' title='bbox 516 3641 672 3736; x_wconf 76' lang='lat' dir='ltr'><strong>presidiis</strong></span> <span class='ocrx_word' id='word_1_197' title='bbox 693 3667 874 3738; x_wconf 88' lang='lat' dir='ltr'><strong>occupare,</strong></span> <span class='ocrx_word' id='word_1_198' title='bbox 892 3642 1001 3711; x_wconf 85' lang='lat' dir='ltr'><strong>hostes</strong></span> <span class='ocrx_word' id='word_1_199' title='bbox 1023 3665 1065 3710; x_wconf 88' lang='lat' dir='ltr'><strong>ue</strong></span> <span class='ocrx_word' id='word_1_200' title='bbox 1089 3643 1214 3711; x_wconf 87' lang='lat' dir='ltr'><strong>intrare</strong></span> <span class='ocrx_word' id='word_1_201' title='bbox 1238 3641 1279 3712; x_wconf 87' lang='lat' dir='ltr'><strong>ad</strong></span> <span class='ocrx_word' id='word_1_202' title='bbox 1302 3665 1354 3726; x_wconf 87' lang='lat' dir='ltr'><strong>se,</strong></span> 
     </span>
     <span class='ocr_line' id='line_1_29' title="bbox 320 3760 1353 3858; baseline -0.002 -28"><span class='ocrx_word' id='word_1_203' title='bbox 320 3787 360 3831; x_wconf 92' lang='lat' dir='ltr'><strong>ac</strong></span> <span class='ocrx_word' id='word_1_204' title='bbox 377 3761 448 3832; x_wconf 92' lang='lat' dir='ltr'><strong>loca</strong></span> <span class='ocrx_word' id='word_1_205' title='bbox 466 3763 621 3832; x_wconf 77' lang='lat' dir='ltr'><strong>interiora</strong></span> <span class='ocrx_word' id='word_1_206' title='bbox 647 3787 762 3856; x_wconf 87' lang='lat' dir='ltr'><strong>capere</strong></span> <span class='ocrx_word' id='word_1_207' title='bbox 783 3767 925 3857; x_wconf 83' lang='lat' dir='ltr'><strong>possent</strong></span> <span class='ocrx_word' id='word_1_208' title='bbox 943 3761 1053 3855; x_wconf 90' lang='lat' dir='ltr'><strong>Scipio</strong></span> <span class='ocrx_word' id='word_1_209' title='bbox 1076 3761 1222 3846; x_wconf 88' lang='lat' dir='ltr'><strong>interim,</strong></span> <span class='ocrx_word' id='word_1_210' title='bbox 1238 3760 1353 3858; x_wconf 81' lang='lat' dir='ltr'><strong>cogni·</strong></span> 
     </span>
     <span class='ocr_line' id='line_1_30' title="bbox 320 3879 1353 3968; baseline 0.001 -20"><span class='ocrx_word' id='word_1_211' title='bbox 320 3882 363 3949; x_wconf 86' lang='lat' dir='ltr'><strong>tis</strong></span> <span class='ocrx_word' id='word_1_212' title='bbox 389 3883 526 3952; x_wconf 76' lang='lat' dir='ltr'><strong>Caesaris</strong></span> <span class='ocrx_word' id='word_1_213' title='bbox 553 3879 717 3968; x_wconf 85' lang='lat' dir='ltr'><strong>consiliis,</strong></span> <span class='ocrx_word' id='word_1_214' title='bbox 746 3880 788 3949; x_wconf 91' lang='lat' dir='ltr'><strong>ad</strong></span> <span class='ocrx_word' id='word_1_215' title='bbox 811 3879 1038 3950; x_wconf 83' lang='lat' dir='ltr'><strong>necessitatem</strong></span> <span class='ocrx_word' id='word_1_216' title='bbox 1069 3881 1229 3954; x_wconf 90' lang='lat' dir='ltr'><strong>adductus</strong></span> <span class='ocrx_word' id='word_1_217' title='bbox 1258 3881 1353 3952; x_wconf 84' lang='lat' dir='ltr'><strong>‹limi-</strong></span> 
     </span>
     <span class='ocr_line' id='line_1_31' title="bbox 321 3999 1349 4098; baseline -0.001 -30"><span class='ocrx_word' id='word_1_218' title='bbox 321 4000 435 4088; x_wconf 84' lang='lat' dir='ltr'><strong>candi,</strong></span> <span class='ocrx_word' id='word_1_219' title='bbox 465 4027 506 4072; x_wconf 92' lang='lat' dir='ltr'><strong>ne</strong></span> <span class='ocrx_word' id='word_1_220' title='bbox 526 4027 585 4098; x_wconf 89' lang='lat' dir='ltr'><strong>per</strong></span> <span class='ocrx_word' id='word_1_221' title='bbox 611 4014 773 4072; x_wconf 91' lang='lat' dir='ltr'><strong>summum</strong></span> <span class='ocrx_word' id='word_1_222' title='bbox 804 3999 947 4071; x_wconf 87' lang='lat' dir='ltr'><strong>dedecus</strong></span> <span class='ocrx_word' id='word_1_223' title='bbox 970 4001 1145 4074; x_wconf 81' lang='lat' dir='ltr'><strong>fidissimos</strong></span> <span class='ocrx_word' id='word_1_224' title='bbox 1166 4005 1234 4075; x_wconf 89' lang='lat' dir='ltr'><strong>suis</strong></span> <span class='ocrx_word' id='word_1_225' title='bbox 1255 4003 1349 4074; x_wconf 86' lang='lat' dir='ltr'><strong>rebus</strong></span> 
     </span>
    </p>
   </div>
   <div class='ocr_carea' id='block_1_5' title="bbox 0 0 1512 4780">
    <p class='ocr_par' dir='ltr' id='par_1_6' title="bbox 0 0 1512 4780">
     <span class='ocr_line' id='line_1_32' title="bbox 0 0 1512 4780; baseline 0 0"><span class='ocrx_word' id='word_1_226' title='bbox 0 0 1512 4780; x_wconf 95' lang='lat' dir='ltr'><strong> </strong></span> 
     </span>
    </p>
   </div>
  </div>
 </body>
</html>
