<?xml version="1.0" encoding="UTF-8"?>
<!DOCTYPE html PUBLIC "-//W3C//DTD XHTML 1.0 Transitional//EN"
    "http://www.w3.org/TR/xhtml1/DTD/xhtml1-transitional.dtd">
<html xmlns="http://www.w3.org/1999/xhtml" xml:lang="en" lang="en">
 <head>
  <title>
</title>
<meta http-equiv="Content-Type" content="text/html;charset=utf-8" />
  <meta name='ocr-system' content='tesseract 3.04.00' />
  <meta name='ocr-capabilities' content='ocr_page ocr_carea ocr_par ocr_line ocrx_word'/>
</head>
<body>
  <div class='ocr_page' id='page_1' title='image "./cjcaesarisopera00caesgoog_0163.png"; bbox 0 0 3026 4768; ppageno 0'>
   <div class='ocr_carea' id='block_1_1' title="bbox 367 362 1241 436">
    <p class='ocr_par' dir='ltr' id='par_1_1' title="bbox 367 362 1241 436">
     <span class='ocr_line' id='line_1_1' title="bbox 367 362 1241 436; baseline -0.001 -13"><span class='ocrx_word' id='word_1_1' title='bbox 367 397 371 404; x_wconf 92' lang='lat'>·</span> <span class='ocrx_word' id='word_1_2' title='bbox 448 367 500 423; x_wconf 85' lang='lat' dir='ltr'><strong>&#39;DE</strong></span> <span class='ocrx_word' id='word_1_3' title='bbox 520 367 644 423; x_wconf 85' lang='lat' dir='ltr'><strong>BELLO</strong></span> <span class='ocrx_word' id='word_1_4' title='bbox 666 367 834 426; x_wconf 81' lang='lat' dir='ltr'>GALLICO</span> <span class='ocrx_word' id='word_1_5' title='bbox 856 367 926 424; x_wconf 89' lang='lat' dir='ltr'><strong>LIB.</strong></span> <span class='ocrx_word' id='word_1_6' title='bbox 944 362 993 426; x_wconf 76' lang='lat' dir='ltr'><strong>Vl.</strong></span> <span class='ocrx_word' id='word_1_7' title='bbox 1187 372 1241 436; x_wconf 67' lang='lat' dir='ltr'><strong>att</strong></span> 
     </span>
    </p>
   </div>
   <div class='ocr_carea' id='block_1_2' title="bbox 196 476 1351 2395">
    <p class='ocr_par' dir='ltr' id='par_1_2' title="bbox 196 476 1244 827">
     <span class='ocr_line' id='line_1_2' title="bbox 200 476 1243 590; baseline 0.002 -29"><span class='ocrx_word' id='word_1_8' title='bbox 200 496 291 590; x_wconf 86' lang='lat' dir='ltr'><strong>gnita</strong></span> <span class='ocrx_word' id='word_1_9' title='bbox 306 495 416 563; x_wconf 80' lang='lat' dir='ltr'><strong>Caesar</strong></span> <span class='ocrx_word' id='word_1_10' title='bbox 431 517 532 560; x_wconf 90' lang='lat' dir='ltr'><strong>causa</strong></span> <span class='ocrx_word' id='word_1_11' title='bbox 549 476 688 586; x_wconf 82' lang='lat' dir='ltr'><strong>reperit,</strong></span> <span class='ocrx_word' id='word_1_12' title='bbox 705 494 747 562; x_wconf 87' lang='lat' dir='ltr'><strong>ab</strong></span> <span class='ocrx_word' id='word_1_13' title='bbox 766 494 883 562; x_wconf 86' lang='lat' dir='ltr'><strong>Suevis</strong></span> <span class='ocrx_word' id='word_1_14' title='bbox 899 491 1021 563; x_wconf 82' lang='lat' dir='ltr'><strong>auxilia</strong></span> <span class='ocrx_word' id='word_1_15' title='bbox 1042 491 1141 560; x_wconf 89' lang='lat' dir='ltr'><strong>missa</strong></span> <span class='ocrx_word' id='word_1_16' title='bbox 1158 517 1243 578; x_wconf 88' lang='lat' dir='ltr'><strong>esse,</strong></span> 
     </span>
     <span class='ocr_line' id='line_1_3' title="bbox 197 611 1244 708; baseline 0 -28"><span class='ocrx_word' id='word_1_17' title='bbox 197 611 365 680; x_wconf 81' lang='lat' dir='ltr'><strong>Ubiorum</strong></span> <span class='ocrx_word' id='word_1_18' title='bbox 382 611 640 681; x_wconf 81' lang='lat' dir='ltr'><strong>satisfactionem</strong></span> <span class='ocrx_word' id='word_1_19' title='bbox 658 615 800 708; x_wconf 85' lang='lat' dir='ltr'><strong>accepit,</strong></span> <span class='ocrx_word' id='word_1_20' title='bbox 823 612 932 681; x_wconf 87' lang='lat' dir='ltr'><strong>aditus</strong></span> <span class='ocrx_word' id='word_1_21' title='bbox 951 613 1088 705; x_wconf 87' lang='lat' dir='ltr'><strong>viasque</strong></span> <span class='ocrx_word' id='word_1_22' title='bbox 1105 616 1140 680; x_wconf 92' lang='lat' dir='ltr'><strong>in</strong></span> <span class='ocrx_word' id='word_1_23' title='bbox 1162 615 1244 682; x_wconf 91' lang='lat' dir='ltr'><strong>Sue-</strong></span> 
     </span>
     <span class='ocr_line' id='line_1_4' title="bbox 196 732 497 827; baseline 0.003 -28"><span class='ocrx_word' id='word_1_24' title='bbox 196 754 255 800; x_wconf 85' lang='lat' dir='ltr'><strong>vos</strong></span> <span class='ocrx_word' id='word_1_25' title='bbox 277 732 452 827; x_wconf 75' lang='lat' dir='ltr'><strong>perquirit.</strong></span> <span class='ocrx_word' id='word_1_26' title='bbox 495 755 497 758; x_wconf 89' lang='grc'><strong><em>·</em></strong></span> 
     </span>
    </p>

    <p class='ocr_par' dir='ltr' id='par_1_3' title="bbox 196 852 1351 2395">
     <span class='ocr_line' id='line_1_5' title="bbox 229 852 1244 947; baseline 0.003 -26"><span class='ocrx_word' id='word_1_27' title='bbox 229 856 289 921; x_wconf 68' lang='lat' dir='ltr'><strong>tt.</strong></span> <span class='ocrx_word' id='word_1_28' title='bbox 316 853 457 921; x_wconf 84' lang='lat' dir='ltr'><strong>Interim</strong></span> <span class='ocrx_word' id='word_1_29' title='bbox 481 853 594 947; x_wconf 87' lang='lat' dir='ltr'><strong>paucis</strong></span> <span class='ocrx_word' id='word_1_30' title='bbox 613 867 701 945; x_wconf 77' lang='lat' dir='ltr'><strong>post</strong></span> <span class='ocrx_word' id='word_1_31' title='bbox 723 852 839 922; x_wconf 90' lang='lat' dir='ltr'><strong>diebus</strong></span> <span class='ocrx_word' id='word_1_32' title='bbox 860 854 900 924; x_wconf 89' lang='lat' dir='ltr'><strong>fit</strong></span> <span class='ocrx_word' id='word_1_33' title='bbox 925 854 966 922; x_wconf 91' lang='lat' dir='ltr'><strong>ab</strong></span> <span class='ocrx_word' id='word_1_34' title='bbox 987 853 1083 922; x_wconf 90' lang='lat' dir='ltr'><strong>Ubiis</strong></span> <span class='ocrx_word' id='word_1_35' title='bbox 1107 856 1244 941; x_wconf 89' lang='lat' dir='ltr'><strong>certior,</strong></span> 
     </span>
     <span class='ocr_line' id='line_1_6' title="bbox 196 972 1245 1069; baseline 0.002 -27"><span class='ocrx_word' id='word_1_36' title='bbox 196 973 324 1042; x_wconf 88' lang='lat' dir='ltr'><strong>Suevos</strong></span> <span class='ocrx_word' id='word_1_37' title='bbox 346 997 461 1042; x_wconf 90' lang='lat' dir='ltr'><strong>omnes</strong></span> <span class='ocrx_word' id='word_1_38' title='bbox 479 997 585 1042; x_wconf 90' lang='lat' dir='ltr'><strong>unum</strong></span> <span class='ocrx_word' id='word_1_39' title='bbox 606 975 641 1041; x_wconf 93' lang='lat' dir='ltr'><strong>in</strong></span> <span class='ocrx_word' id='word_1_40' title='bbox 662 972 773 1044; x_wconf 84' lang='lat' dir='ltr'><strong>loctun</strong></span> <span class='ocrx_word' id='word_1_41' title='bbox 793 975 904 1069; x_wconf 89' lang='lat' dir='ltr'><strong>copias</strong></span> <span class='ocrx_word' id='word_1_42' title='bbox 926 990 1184 1069; x_wconf 88' lang='lat' dir='ltr'><strong>cogere,-atque</strong></span> <span class='ocrx_word' id='word_1_43' title='bbox 1205 977 1245 1044; x_wconf 88' lang='lat' dir='ltr'><strong>iis</strong></span> 
     </span>
     <span class='ocr_line' id='line_1_7' title="bbox 197 1093 1246 1188; baseline 0.003 -27"><span class='ocrx_word' id='word_1_44' title='bbox 197 1093 411 1181; x_wconf 88' lang='lat' dir='ltr'><strong>nationibus,</strong></span> <span class='ocrx_word' id='word_1_45' title='bbox 438 1119 512 1186; x_wconf 82' lang='lat' dir='ltr'><strong>quae</strong></span> <span class='ocrx_word' id='word_1_46' title='bbox 534 1095 595 1162; x_wconf 92' lang='lat' dir='ltr'><strong>sub</strong></span> <span class='ocrx_word' id='word_1_47' title='bbox 619 1119 736 1163; x_wconf 90' lang='lat' dir='ltr'><strong>eorum</strong></span> <span class='ocrx_word' id='word_1_48' title='bbox 759 1094 826 1163; x_wconf 91' lang='lat' dir='ltr'><strong>sint</strong></span> <span class='ocrx_word' id='word_1_49' title='bbox 853 1095 1010 1188; x_wconf 90' lang='lat' dir='ltr'><strong>imperio,</strong></span> <span class='ocrx_word' id='word_1_50' title='bbox 1032 1094 1246 1182; x_wconf 87' lang='lat' dir='ltr'><strong>denuntiare,</strong></span> 
     </span>
     <span class='ocr_line' id='line_1_8' title="bbox 197 1212 1245 1310; baseline 0.002 -28"><span class='ocrx_word' id='word_1_51' title='bbox 197 1215 248 1283; x_wconf 89' lang='lat' dir='ltr'><strong>uti</strong></span> <span class='ocrx_word' id='word_1_52' title='bbox 266 1212 388 1285; x_wconf 84' lang='lat' dir='ltr'><strong>auxilia</strong></span> <span class='ocrx_word' id='word_1_53' title='bbox 410 1214 577 1308; x_wconf 80' lang='lat' dir='ltr'><strong>peditatus</strong></span> <span class='ocrx_word' id='word_1_54' title='bbox 596 1217 830 1309; x_wconf 87' lang='lat' dir='ltr'><strong>equitatusque</strong></span> <span class='ocrx_word' id='word_1_55' title='bbox 853 1217 998 1285; x_wconf 89' lang='lat' dir='ltr'><strong>mittant.</strong></span> <span class='ocrx_word' id='word_1_56' title='bbox 1019 1217 1079 1285; x_wconf 90' lang='lat' dir='ltr'><strong>His</strong></span> <span class='ocrx_word' id='word_1_57' title='bbox 1101 1217 1245 1310; x_wconf 88' lang='lat' dir='ltr'><strong>cognitis</strong></span> 
     </span>
     <span class='ocr_line' id='line_1_9' title="bbox 197 1335 1245 1430; baseline 0 -24"><span class='ocrx_word' id='word_1_58' title='bbox 197 1337 314 1422; x_wconf 91' lang='lat' dir='ltr'><strong>rebus,</strong></span> <span class='ocrx_word' id='word_1_59' title='bbox 332 1360 401 1404; x_wconf 90' lang='lat' dir='ltr'><strong>rem</strong></span> <span class='ocrx_word' id='word_1_60' title='bbox 421 1335 676 1404; x_wconf 90' lang='lat' dir='ltr'><strong>frumentariam</strong></span> <span class='ocrx_word' id='word_1_61' title='bbox 692 1335 864 1430; x_wconf 85' lang='lat' dir='ltr'><strong>providet,</strong></span> <span class='ocrx_word' id='word_1_62' title='bbox 882 1337 998 1405; x_wconf 91' lang='lat' dir='ltr'><strong>castris</strong></span> <span class='ocrx_word' id='word_1_63' title='bbox 1014 1336 1173 1408; x_wconf 89' lang='lat' dir='ltr'><strong>idoneum</strong></span> <span class='ocrx_word' id='word_1_64' title='bbox 1194 1335 1245 1406; x_wconf 89' lang='lat' dir='ltr'><strong>lo-</strong></span> 
     </span>
     <span class='ocr_line' id='line_1_10' title="bbox 199 1455 1246 1552; baseline 0.002 -26"><span class='ocrx_word' id='word_1_65' title='bbox 199 1482 276 1526; x_wconf 90' lang='lat' dir='ltr'><strong>cum</strong></span> <span class='ocrx_word' id='word_1_66' title='bbox 289 1455 424 1552; x_wconf 92' lang='lat' dir='ltr'><strong>deligit,</strong></span> <span class='ocrx_word' id='word_1_67' title='bbox 439 1457 537 1526; x_wconf 91' lang='lat' dir='ltr'><strong>Ubiis</strong></span> <span class='ocrx_word' id='word_1_68' title='bbox 551 1457 709 1550; x_wconf 88' lang='lat' dir='ltr'><strong>imperat,</strong></span> <span class='ocrx_word' id='word_1_69' title='bbox 724 1470 762 1525; x_wconf 94' lang='lat' dir='ltr'><strong>ut</strong></span> <span class='ocrx_word' id='word_1_70' title='bbox 776 1482 896 1551; x_wconf 89' lang='lat' dir='ltr'><strong>pecora</strong></span> <span class='ocrx_word' id='word_1_71' title='bbox 914 1456 1099 1545; x_wconf 91' lang='lat' dir='ltr'><strong>deducant,</strong></span> <span class='ocrx_word' id='word_1_72' title='bbox 1121 1483 1246 1552; x_wconf 87' lang='lat' dir='ltr'><strong>suaque</strong></span> 
     </span>
     <span class='ocr_line' id='line_1_11' title="bbox 200 1575 1246 1677; baseline 0.001 -30"><span class='ocrx_word' id='word_1_73' title='bbox 200 1579 312 1648; x_wconf 88' lang='lat' dir='ltr'><strong>omnia</strong></span> <span class='ocrx_word' id='word_1_74' title='bbox 331 1603 372 1646; x_wconf 79' lang='lat' dir='ltr'><strong>ex</strong></span> <span class='ocrx_word' id='word_1_75' title='bbox 391 1578 478 1671; x_wconf 89' lang='lat' dir='ltr'><strong>agris</strong></span> <span class='ocrx_word' id='word_1_76' title='bbox 499 1578 533 1645; x_wconf 92' lang='lat' dir='ltr'><strong>in</strong></span> <span class='ocrx_word' id='word_1_77' title='bbox 552 1575 675 1671; x_wconf 90' lang='lat' dir='ltr'><strong>oppida</strong></span> <span class='ocrx_word' id='word_1_78' title='bbox 694 1576 886 1677; x_wconf 80' lang='lat' dir='ltr'><strong>conserant,</strong></span> <span class='ocrx_word' id='word_1_79' title='bbox 908 1603 1064 1671; x_wconf 87' lang='lat' dir='ltr'><strong>sperans,</strong></span> <span class='ocrx_word' id='word_1_80' title='bbox 1086 1580 1246 1648; x_wconf 84' lang='lat' dir='ltr'><strong>barbaros</strong></span> 
     </span>
     <span class='ocr_line' id='line_1_12' title="bbox 199 1697 1245 1792; baseline -0.002 -24"><span class='ocrx_word' id='word_1_81' title='bbox 199 1714 298 1792; x_wconf 86' lang='lat' dir='ltr'><strong>atque</strong></span> <span class='ocrx_word' id='word_1_82' title='bbox 323 1699 497 1791; x_wconf 88' lang='lat' dir='ltr'><strong>imperitos</strong></span> <span class='ocrx_word' id='word_1_83' title='bbox 520 1697 693 1784; x_wconf 90' lang='lat' dir='ltr'><strong>homines,</strong></span> <span class='ocrx_word' id='word_1_84' title='bbox 719 1697 831 1790; x_wconf 83' lang='lat' dir='ltr'><strong>inopia</strong></span> <span class='ocrx_word' id='word_1_85' title='bbox 859 1698 1060 1767; x_wconf 80' lang='lat' dir='ltr'><strong>cibariorum</strong></span> <span class='ocrx_word' id='word_1_86' title='bbox 1084 1697 1245 1785; x_wconf 88' lang='lat' dir='ltr'><strong>afflictos,</strong></span> 
     </span>
     <span class='ocr_line' id='line_1_13' title="bbox 199 1815 1246 1920; baseline -0.004 -31"><span class='ocrx_word' id='word_1_87' title='bbox 199 1819 241 1889; x_wconf 87' lang='lat' dir='ltr'><strong>ad</strong></span> <span class='ocrx_word' id='word_1_88' title='bbox 260 1821 409 1914; x_wconf 86' lang='lat' dir='ltr'><strong>iniquam</strong></span> <span class='ocrx_word' id='word_1_89' title='bbox 429 1817 602 1912; x_wconf 88' lang='lat' dir='ltr'><strong>pugnandi</strong></span> <span class='ocrx_word' id='word_1_90' title='bbox 619 1815 846 1920; x_wconf 80' lang='lat' dir='ltr'><strong>conditionem</strong></span> <span class='ocrx_word' id='word_1_91' title='bbox 865 1843 963 1912; x_wconf 91' lang='lat' dir='ltr'><strong>posse</strong></span> <span class='ocrx_word' id='word_1_92' title='bbox 983 1817 1102 1886; x_wconf 89' lang='lat' dir='ltr'><strong>deduci</strong></span> <span class='ocrx_word' id='word_1_93' title='bbox 1121 1844 1129 1884; x_wconf 93' lang='lat'><strong>:</strong></span> <span class='ocrx_word' id='word_1_94' title='bbox 1149 1843 1246 1886; x_wconf 87' lang='lat' dir='ltr'><strong>man-</strong></span> 
     </span>
     <span class='ocr_line' id='line_1_14' title="bbox 199 1934 1301 2032; baseline 0 -24"><span class='ocrx_word' id='word_1_95' title='bbox 199 1939 271 2028; x_wconf 83' lang='lat' dir='ltr'><strong>dat,</strong></span> <span class='ocrx_word' id='word_1_96' title='bbox 284 1953 322 2007; x_wconf 89' lang='lat' dir='ltr'><strong>ut</strong></span> <span class='ocrx_word' id='word_1_97' title='bbox 341 1938 474 2007; x_wconf 91' lang='lat' dir='ltr'><strong>crebros</strong></span> <span class='ocrx_word' id='word_1_98' title='bbox 490 1934 717 2031; x_wconf 80' lang='lat' dir='ltr'><strong>exploratores</strong></span> <span class='ocrx_word' id='word_1_99' title='bbox 735 1938 770 2004; x_wconf 91' lang='lat' dir='ltr'><strong>in</strong></span> <span class='ocrx_word' id='word_1_100' title='bbox 790 1939 916 2006; x_wconf 88' lang='lat' dir='ltr'><strong>Suevos</strong></span> <span class='ocrx_word' id='word_1_101' title='bbox 933 1937 1089 2025; x_wconf 87' lang='lat' dir='ltr'><strong>mittant,</strong></span> <span class='ocrx_word' id='word_1_102' title='bbox 1107 1960 1246 2032; x_wconf 85' lang='lat' dir='ltr'><strong>quaeque</strong></span> <span class='ocrx_word' id='word_1_103' title='bbox 1296 1989 1301 1996; x_wconf 89' lang='lat'><em>-</em></span> 
     </span>
     <span class='ocr_line' id='line_1_15' title="bbox 198 2055 1351 2155; baseline 0.001 -26"><span class='ocrx_word' id='word_1_104' title='bbox 198 2059 287 2155; x_wconf 90' lang='lat' dir='ltr'><strong>apud</strong></span> <span class='ocrx_word' id='word_1_105' title='bbox 301 2083 357 2128; x_wconf 90' lang='lat' dir='ltr'><strong>eos</strong></span> <span class='ocrx_word' id='word_1_106' title='bbox 373 2072 549 2152; x_wconf 87' lang='lat' dir='ltr'><strong>gerantur,</strong></span> <span class='ocrx_word' id='word_1_107' title='bbox 570 2071 782 2150; x_wconf 87' lang='lat' dir='ltr'><strong>cognoscant.</strong></span> <span class='ocrx_word' id='word_1_108' title='bbox 799 2055 854 2126; x_wconf 88' lang='lat' dir='ltr'><strong>llli</strong></span> <span class='ocrx_word' id='word_1_109' title='bbox 871 2058 1034 2151; x_wconf 87' lang='lat' dir='ltr'><strong>imperata</strong></span> <span class='ocrx_word' id='word_1_110' title='bbox 1051 2058 1195 2148; x_wconf 79' lang='lat' dir='ltr'><strong>faciunt,</strong></span> <span class='ocrx_word' id='word_1_111' title='bbox 1211 2074 1247 2130; x_wconf 92' lang='lat' dir='ltr'><strong>et</strong></span> <span class='ocrx_word' id='word_1_112' title='bbox 1344 2059 1351 2073; x_wconf 85' lang='lat'>&#39;</span> 
     </span>
     <span class='ocr_line' id='line_1_16' title="bbox 199 2176 1243 2276; baseline 0.002 -28"><span class='ocrx_word' id='word_1_113' title='bbox 199 2181 311 2276; x_wconf 82' lang='lat' dir='ltr'><strong>paucis</strong></span> <span class='ocrx_word' id='word_1_114' title='bbox 331 2177 447 2248; x_wconf 88' lang='lat' dir='ltr'><strong>diebus</strong></span> <span class='ocrx_word' id='word_1_115' title='bbox 469 2178 666 2247; x_wconf 91' lang='lat' dir='ltr'><strong>intermissis</strong></span> <span class='ocrx_word' id='word_1_116' title='bbox 685 2176 855 2267; x_wconf 81' lang='lat' dir='ltr'><strong>referunt,</strong></span> <span class='ocrx_word' id='word_1_117' title='bbox 880 2180 1005 2247; x_wconf 89' lang='lat' dir='ltr'><strong>Suevos</strong></span> <span class='ocrx_word' id='word_1_118' title='bbox 1022 2205 1152 2269; x_wconf 90' lang='lat' dir='ltr'><strong>omnes,</strong></span> <span class='ocrx_word' id='word_1_119' title='bbox 1170 2206 1243 2275; x_wconf 93' lang='lat' dir='ltr'><strong>pos·</strong></span> 
     </span>
     <span class='ocr_line' id='line_1_17' title="bbox 198 2288 1249 2395; baseline 0 -25"><span class='ocrx_word' id='word_1_120' title='bbox 198 2316 355 2395; x_wconf 85' lang='lat' dir='ltr'><strong>teaquam</strong></span> <span class='ocrx_word' id='word_1_121' title='bbox 370 2301 530 2369; x_wconf 85' lang='lat' dir='ltr'><strong>certiores</strong></span> <span class='ocrx_word' id='word_1_122' title='bbox 545 2299 658 2367; x_wconf 90' lang='lat' dir='ltr'><strong>nuntii</strong></span> <span class='ocrx_word' id='word_1_123' title='bbox 675 2288 716 2367; x_wconf 85' lang='lat' dir='ltr'><strong>de</strong></span> <span class='ocrx_word' id='word_1_124' title='bbox 733 2299 883 2368; x_wconf 87' lang='lat' dir='ltr'><strong>exercitu·</strong></span> <span class='ocrx_word' id='word_1_125' title='bbox 895 2303 1126 2380; x_wconf 83' lang='lat' dir='ltr'><strong>Romanorum</strong></span> <span class='ocrx_word' id='word_1_126' title='bbox 1148 2326 1249 2370; x_wconf 90' lang='lat' dir='ltr'><strong>vene·</strong></span> 
     </span>
    </p>
   </div>
   <div class='ocr_carea' id='block_1_3' title="bbox 198 2421 1249 2516">
    <p class='ocr_par' dir='ltr' id='par_1_4' title="bbox 198 2421 1249 2516">
     <span class='ocr_line' id='line_1_18' title="bbox 198 2421 1249 2516; baseline 0.002 -26"><span class='ocrx_word' id='word_1_127' title='bbox 198 2423 281 2507; x_wconf 89' lang='lat' dir='ltr'><strong>rint,</strong></span> <span class='ocrx_word' id='word_1_128' title='bbox 300 2445 377 2490; x_wconf 91' lang='lat' dir='ltr'><strong>cum</strong></span> <span class='ocrx_word' id='word_1_129' title='bbox 397 2421 553 2490; x_wconf 90' lang='lat' dir='ltr'><strong>omnibus</strong></span> <span class='ocrx_word' id='word_1_130' title='bbox 574 2421 642 2488; x_wconf 89' lang='lat' dir='ltr'><strong>suis</strong></span> <span class='ocrx_word' id='word_1_131' title='bbox 668 2421 901 2514; x_wconf 90' lang='lat' dir='ltr'><strong>sociorumque</strong></span> <span class='ocrx_word' id='word_1_132' title='bbox 926 2422 1046 2514; x_wconf 88' lang='lat' dir='ltr'><strong>copiis,</strong></span> <span class='ocrx_word' id='word_1_133' title='bbox 1066 2447 1148 2516; x_wconf 84' lang='lat' dir='ltr'><strong>quas</strong></span> <span class='ocrx_word' id='word_1_134' title='bbox 1173 2447 1249 2492; x_wconf 86' lang='lat' dir='ltr'><strong>coe·</strong></span> 
     </span>
    </p>
   </div>
   <div class='ocr_carea' id='block_1_4' title="bbox 196 2531 1298 4082">
    <p class='ocr_par' dir='ltr' id='par_1_5' title="bbox 196 2531 1298 4082">
     <span class='ocr_line' id='line_1_19' title="bbox 198 2531 1243 2636; baseline -0.008 -26"><span class='ocrx_word' id='word_1_135' title='bbox 198 2543 340 2636; x_wconf 88' lang='lat' dir='ltr'><strong>gissent,</strong></span> <span class='ocrx_word' id='word_1_136' title='bbox 354 2542 489 2634; x_wconf 87' lang='lat' dir='ltr'><strong>penitus</strong></span> <span class='ocrx_word' id='word_1_137' title='bbox 502 2538 545 2607; x_wconf 90' lang='lat' dir='ltr'><strong>ad</strong></span> <span class='ocrx_word' id='word_1_138' title='bbox 560 2531 728 2608; x_wconf 78' lang='lat' dir='ltr'><strong>extremos</strong></span> <span class='ocrx_word' id='word_1_139' title='bbox 742 2539 824 2609; x_wconf 89' lang='lat' dir='ltr'><strong>fines</strong></span> <span class='ocrx_word' id='word_1_140' title='bbox 839 2565 908 2609; x_wconf 89' lang='lat' dir='ltr'><strong>sese</strong></span> <span class='ocrx_word' id='word_1_141' title='bbox 925 2544 1089 2636; x_wconf 84' lang='lat' dir='ltr'><strong>recepisse</strong></span> <span class='ocrx_word' id='word_1_142' title='bbox 1106 2567 1114 2607; x_wconf 91' lang='lat'>:</span> <span class='ocrx_word' id='word_1_143' title='bbox 1129 2539 1243 2608; x_wconf 76' lang='lat' dir='ltr'><strong>silvam</strong></span> 
     </span>
     <span class='ocr_line' id='line_1_20' title="bbox 198 2659 1247 2755; baseline -0.005 -23"><span class='ocrx_word' id='word_1_144' title='bbox 198 2687 269 2732; x_wconf 87' lang='lat' dir='ltr'><strong>esse</strong></span> <span class='ocrx_word' id='word_1_145' title='bbox 291 2661 337 2730; x_wconf 93' lang='lat' dir='ltr'><strong>ibi</strong></span> <span class='ocrx_word' id='word_1_146' title='bbox 357 2660 489 2729; x_wconf 89' lang='lat' dir='ltr'><strong>infinita</strong></span> <span class='ocrx_word' id='word_1_147' title='bbox 509 2659 761 2755; x_wconf 82' lang='lat' dir='ltr'><strong>magnitudine,</strong></span> <span class='ocrx_word' id='word_1_148' title='bbox 782 2685 855 2753; x_wconf 75' lang='lat' dir='ltr'><strong>quae</strong></span> <span class='ocrx_word' id='word_1_149' title='bbox 877 2659 1067 2755; x_wconf 88' lang='lat' dir='ltr'><strong>appellatur</strong></span> <span class='ocrx_word' id='word_1_150' title='bbox 1088 2659 1247 2728; x_wconf 86' lang='lat' dir='ltr'><strong>Bacenis:</strong></span> 
     </span>
     <span class='ocr_line' id='line_1_21' title="bbox 198 2778 1249 2876; baseline -0.003 -24"><span class='ocrx_word' id='word_1_151' title='bbox 198 2783 286 2852; x_wconf 89' lang='lat' dir='ltr'><strong>hanc</strong></span> <span class='ocrx_word' id='word_1_152' title='bbox 302 2781 401 2876; x_wconf 92' lang='lat' dir='ltr'><strong>longe</strong></span> <span class='ocrx_word' id='word_1_153' title='bbox 421 2784 585 2850; x_wconf 86' lang='lat' dir='ltr'><strong>introrsus</strong></span> <span class='ocrx_word' id='word_1_154' title='bbox 605 2782 787 2874; x_wconf 88' lang='lat' dir='ltr'><strong>pertinere,</strong></span> <span class='ocrx_word' id='word_1_155' title='bbox 809 2796 843 2848; x_wconf 86' lang='lat' dir='ltr'><strong>et</strong></span> <span class='ocrx_word' id='word_1_156' title='bbox 859 2805 921 2874; x_wconf 90' lang='lat' dir='ltr'><strong>pro</strong></span> <span class='ocrx_word' id='word_1_157' title='bbox 941 2783 1055 2848; x_wconf 90' lang='lat' dir='ltr'><strong>nativo</strong></span> <span class='ocrx_word' id='word_1_158' title='bbox 1074 2803 1172 2848; x_wconf 92' lang='lat' dir='ltr'><strong>muro</strong></span> <span class='ocrx_word' id='word_1_159' title='bbox 1189 2778 1249 2849; x_wconf 92' lang='lat' dir='ltr'><strong>ob·</strong></span> 
     </span>
     <span class='ocr_line' id='line_1_22' title="bbox 196 2901 1251 2998; baseline -0.003 -25"><span class='ocrx_word' id='word_1_160' title='bbox 196 2905 339 2998; x_wconf 87' lang='lat' dir='ltr'><strong>jectam,</strong></span> <span class='ocrx_word' id='word_1_161' title='bbox 360 2902 548 2973; x_wconf 88' lang='lat' dir='ltr'><strong>Cheruscos</strong></span> <span class='ocrx_word' id='word_1_162' title='bbox 567 2901 609 2968; x_wconf 87' lang='lat' dir='ltr'><strong>ab</strong></span> <span class='ocrx_word' id='word_1_163' title='bbox 627 2903 759 2987; x_wconf 82' lang='lat' dir='ltr'><strong>Suavis,</strong></span> <span class='ocrx_word' id='word_1_164' title='bbox 778 2903 904 2969; x_wconf 89' lang='lat' dir='ltr'><strong>Suevos</strong></span> <span class='ocrx_word' id='word_1_165' title='bbox 922 2901 964 2968; x_wconf 86' lang='lat' dir='ltr'><strong>ab</strong></span> <span class='ocrx_word' id='word_1_166' title='bbox 984 2901 1178 2986; x_wconf 85' lang='lat' dir='ltr'><strong>Cheruscis,</strong></span> <span class='ocrx_word' id='word_1_167' title='bbox 1199 2902 1251 2970; x_wconf 70' lang='lat' dir='ltr'><strong>in-</strong></span> 
     </span>
     <span class='ocr_line' id='line_1_23' title="bbox 196 3003 1298 3117; baseline 0.001 -25"><span class='ocrx_word' id='word_1_168' title='bbox 196 3025 294 3117; x_wconf 87' lang='lat' dir='ltr'><strong>juriis</strong></span> <span class='ocrx_word' id='word_1_169' title='bbox 306 3023 619 3115; x_wconf 87' lang='lat' dir='ltr'><strong>incursionibusque</strong></span> <span class='ocrx_word' id='word_1_170' title='bbox 632 3022 808 3116; x_wconf 89' lang='lat' dir='ltr'><strong>prohibere</strong></span> <span class='ocrx_word' id='word_1_171' title='bbox 828 3047 835 3088; x_wconf 92' lang='lat'><strong>:</strong></span> <span class='ocrx_word' id='word_1_172' title='bbox 854 3019 896 3090; x_wconf 90' lang='lat' dir='ltr'><strong>ad</strong></span> <span class='ocrx_word' id='word_1_173' title='bbox 914 3022 985 3114; x_wconf 89' lang='lat' dir='ltr'><strong>ejus</strong></span> <span class='ocrx_word' id='word_1_174' title='bbox 1002 3021 1136 3090; x_wconf 90' lang='lat' dir='ltr'><strong>initium</strong></span> <span class='ocrx_word' id='word_1_175' title='bbox 1157 3020 1248 3094; x_wconf 77' lang='lat' dir='ltr'><strong>silvae</strong></span> <span class='ocrx_word' id='word_1_176' title='bbox 1290 3003 1298 3012; x_wconf 66' lang='lat'><em>,</em></span> 
     </span>
     <span class='ocr_line' id='line_1_24' title="bbox 198 3141 1251 3236; baseline -0.004 -22"><span class='ocrx_word' id='word_1_177' title='bbox 198 3145 325 3214; x_wconf 88' lang='lat' dir='ltr'><strong>Suevos</strong></span> <span class='ocrx_word' id='word_1_178' title='bbox 341 3141 524 3212; x_wconf 87' lang='lat' dir='ltr'><strong>adventum</strong></span> <span class='ocrx_word' id='word_1_179' title='bbox 541 3147 771 3212; x_wconf 87' lang='lat' dir='ltr'><strong>Romanorum</strong></span> <span class='ocrx_word' id='word_1_180' title='bbox 788 3155 979 3236; x_wconf 83' lang='lat' dir='ltr'><strong>exspectare</strong></span> <span class='ocrx_word' id='word_1_181' title='bbox 997 3144 1251 3212; x_wconf 71' lang='lat' dir='ltr'><strong>constituisse.»</strong></span> 
     </span>
     <span class='ocr_line' id='line_1_25' title="bbox 249 3262 1252 3357; baseline -0.001 -23"><span class='ocrx_word' id='word_1_182' title='bbox 249 3267 309 3334; x_wconf 86' lang='lat' dir='ltr'><strong>xt.</strong></span> <span class='ocrx_word' id='word_1_183' title='bbox 325 3264 496 3352; x_wconf 88' lang='lat' dir='ltr'><strong>Quoniam</strong></span> <span class='ocrx_word' id='word_1_184' title='bbox 512 3263 660 3332; x_wconf 87' lang='lat' dir='ltr'><strong>adhunc</strong></span> <span class='ocrx_word' id='word_1_185' title='bbox 676 3262 788 3331; x_wconf 86' lang='lat' dir='ltr'><strong>iocum</strong></span> <span class='ocrx_word' id='word_1_186' title='bbox 799 3277 998 3357; x_wconf 81' lang='lat' dir='ltr'><strong>perventum</strong></span> <span class='ocrx_word' id='word_1_187' title='bbox 1012 3278 1077 3352; x_wconf 86' lang='lat' dir='ltr'><strong>est,</strong></span> <span class='ocrx_word' id='word_1_188' title='bbox 1092 3288 1161 3333; x_wconf 93' lang='lat' dir='ltr'><strong>non</strong></span> <span class='ocrx_word' id='word_1_189' title='bbox 1176 3263 1252 3333; x_wconf 87' lang='lat' dir='ltr'><strong>ulie-</strong></span> 
     </span>
     <span class='ocr_line' id='line_1_26' title="bbox 198 3381 1252 3481; baseline 0.001 -25"><span class='ocrx_word' id='word_1_190' title='bbox 198 3412 281 3456; x_wconf 90' lang='lat' dir='ltr'><strong>num</strong></span> <span class='ocrx_word' id='word_1_191' title='bbox 302 3409 374 3456; x_wconf 87' lang='lat' dir='ltr'><strong>esse</strong></span> <span class='ocrx_word' id='word_1_192' title='bbox 395 3385 543 3471; x_wconf 89' lang='lat' dir='ltr'><strong>videtur,</strong></span> <span class='ocrx_word' id='word_1_193' title='bbox 562 3384 603 3453; x_wconf 92' lang='lat' dir='ltr'><strong>de</strong></span> <span class='ocrx_word' id='word_1_194' title='bbox 620 3381 743 3454; x_wconf 71' lang='lat' dir='ltr'><strong>Gallim</strong></span> <span class='ocrx_word' id='word_1_195' title='bbox 757 3387 1015 3481; x_wconf 73' lang='lat' dir='ltr'><strong>Germaniaque</strong></span> <span class='ocrx_word' id='word_1_196' title='bbox 1034 3387 1201 3476; x_wconf 91' lang='lat' dir='ltr'><strong>moribus,</strong></span> <span class='ocrx_word' id='word_1_197' title='bbox 1218 3403 1252 3457; x_wconf 90' lang='lat' dir='ltr'><strong>et</strong></span> 
     </span>
     <span class='ocr_line' id='line_1_27' title="bbox 199 3505 1252 3601; baseline 0 -25"><span class='ocrx_word' id='word_1_198' title='bbox 199 3530 268 3601; x_wconf 90' lang='lat' dir='ltr'><strong>quo</strong></span> <span class='ocrx_word' id='word_1_199' title='bbox 284 3505 440 3576; x_wconf 86' lang='lat' dir='ltr'><strong>differant</strong></span> <span class='ocrx_word' id='word_1_200' title='bbox 458 3529 503 3573; x_wconf 82' lang='lat' dir='ltr'><strong>eae</strong></span> <span class='ocrx_word' id='word_1_201' title='bbox 520 3505 672 3572; x_wconf 87' lang='lat' dir='ltr'><strong>nationes</strong></span> <span class='ocrx_word' id='word_1_202' title='bbox 689 3506 777 3574; x_wconf 91' lang='lat' dir='ltr'><strong>inter</strong></span> <span class='ocrx_word' id='word_1_203' title='bbox 794 3529 880 3592; x_wconf 90' lang='lat' dir='ltr'><strong>sese,</strong></span> <span class='ocrx_word' id='word_1_204' title='bbox 894 3531 1095 3601; x_wconf 87' lang='lat' dir='ltr'><strong>proponere.</strong></span> <span class='ocrx_word' id='word_1_205' title='bbox 1113 3510 1153 3577; x_wconf 93' lang='lat' dir='ltr'><strong>In</strong></span> <span class='ocrx_word' id='word_1_206' title='bbox 1170 3507 1252 3578; x_wconf 89' lang='lat' dir='ltr'><strong>Gal-</strong></span> 
     </span>
     <span class='ocr_line' id='line_1_28' title="bbox 200 3623 1251 3719; baseline 0.001 -25"><span class='ocrx_word' id='word_1_207' title='bbox 200 3625 260 3714; x_wconf 88' lang='lat' dir='ltr'><strong>lia,</strong></span> <span class='ocrx_word' id='word_1_208' title='bbox 273 3650 342 3695; x_wconf 92' lang='lat' dir='ltr'><strong>non</strong></span> <span class='ocrx_word' id='word_1_209' title='bbox 364 3623 473 3694; x_wconf 90' lang='lat' dir='ltr'><strong>solum</strong></span> <span class='ocrx_word' id='word_1_210' title='bbox 493 3625 528 3692; x_wconf 92' lang='lat' dir='ltr'><strong>in</strong></span> <span class='ocrx_word' id='word_1_211' title='bbox 542 3625 698 3694; x_wconf 87' lang='lat' dir='ltr'><strong>omnibus</strong></span> <span class='ocrx_word' id='word_1_212' title='bbox 713 3625 919 3716; x_wconf 85' lang='lat' dir='ltr'><strong>civitatibus,</strong></span> <span class='ocrx_word' id='word_1_213' title='bbox 930 3642 1033 3719; x_wconf 84' lang='lat' dir='ltr'><strong>atque</strong></span> <span class='ocrx_word' id='word_1_214' title='bbox 1047 3628 1081 3694; x_wconf 95' lang='lat' dir='ltr'><strong>in</strong></span> <span class='ocrx_word' id='word_1_215' title='bbox 1094 3627 1251 3696; x_wconf 90' lang='lat' dir='ltr'><strong>omnibus</strong></span> 
     </span>
     <span class='ocr_line' id='line_1_29' title="bbox 201 3745 1252 3843; baseline 0 -27"><span class='ocrx_word' id='word_1_216' title='bbox 201 3749 293 3843; x_wconf 84' lang='lat' dir='ltr'><strong>pagis</strong></span> <span class='ocrx_word' id='word_1_217' title='bbox 314 3747 545 3843; x_wconf 87' lang='lat' dir='ltr'><strong>partibusque,</strong></span> <span class='ocrx_word' id='word_1_218' title='bbox 570 3745 628 3816; x_wconf 88' lang='lat' dir='ltr'><strong>sed</strong></span> <span class='ocrx_word' id='word_1_219' title='bbox 647 3771 741 3840; x_wconf 75' lang='lat' dir='ltr'><strong>paene</strong></span> <span class='ocrx_word' id='word_1_220' title='bbox 760 3747 861 3816; x_wconf 85' lang='lat' dir='ltr'><strong>etiam</strong></span> <span class='ocrx_word' id='word_1_221' title='bbox 880 3747 914 3813; x_wconf 92' lang='lat' dir='ltr'><strong>in</strong></span> <span class='ocrx_word' id='word_1_222' title='bbox 938 3745 1078 3843; x_wconf 89' lang='lat' dir='ltr'><strong>singulis</strong></span> <span class='ocrx_word' id='word_1_223' title='bbox 1099 3747 1252 3816; x_wconf 88' lang='lat' dir='ltr'><strong>domibus</strong></span> 
     </span>
     <span class='ocr_line' id='line_1_30' title="bbox 200 3866 1249 3962; baseline 0.001 -27"><span class='ocrx_word' id='word_1_224' title='bbox 200 3867 361 3938; x_wconf 82' lang='lat' dir='ltr'><strong>factiones</strong></span> <span class='ocrx_word' id='word_1_225' title='bbox 380 3883 458 3938; x_wconf 92' lang='lat' dir='ltr'><strong>sunt</strong></span> <span class='ocrx_word' id='word_1_226' title='bbox 476 3895 484 3937; x_wconf 92' lang='lat'><strong>:</strong></span> <span class='ocrx_word' id='word_1_227' title='bbox 504 3889 687 3960; x_wconf 89' lang='lat' dir='ltr'><strong>earumque</strong></span> <span class='ocrx_word' id='word_1_228' title='bbox 699 3866 885 3936; x_wconf 86' lang='lat' dir='ltr'><strong>factionum</strong></span> <span class='ocrx_word' id='word_1_229' title='bbox 898 3867 1066 3962; x_wconf 85' lang='lat' dir='ltr'><strong>principes</strong></span> <span class='ocrx_word' id='word_1_230' title='bbox 1082 3877 1177 3956; x_wconf 85' lang='lat' dir='ltr'><strong>sunt,</strong></span> <span class='ocrx_word' id='word_1_231' title='bbox 1193 3870 1249 3962; x_wconf 92' lang='lat' dir='ltr'><strong>qui</strong></span> 
     </span>
     <span class='ocr_line' id='line_1_31' title="bbox 200 3987 1250 4082; baseline 0.001 -25"><span class='ocrx_word' id='word_1_232' title='bbox 200 4012 366 4058; x_wconf 90' lang='lat' dir='ltr'><strong>summam</strong></span> <span class='ocrx_word' id='word_1_233' title='bbox 386 3989 620 4058; x_wconf 87' lang='lat' dir='ltr'><strong>auctoritatem</strong></span> <span class='ocrx_word' id='word_1_234' title='bbox 639 4011 754 4056; x_wconf 87' lang='lat' dir='ltr'><strong>eorum</strong></span> <span class='ocrx_word' id='word_1_235' title='bbox 771 3987 900 4082; x_wconf 89' lang='lat' dir='ltr'><strong>judicio</strong></span> <span class='ocrx_word' id='word_1_236' title='bbox 917 3987 1041 4057; x_wconf 89' lang='lat' dir='ltr'><strong>habere</strong></span> <span class='ocrx_word' id='word_1_237' title='bbox 1057 3989 1250 4058; x_wconf 79' lang='lat' dir='ltr'><strong>existiman·</strong></span> 
     </span>
    </p>
   </div>
   <div class='ocr_carea' id='block_1_5' title="bbox 0 0 1523 4768">
    <p class='ocr_par' dir='ltr' id='par_1_6' title="bbox 0 0 1523 4768">
     <span class='ocr_line' id='line_1_32' title="bbox 0 0 1523 4768; baseline 0 0"><span class='ocrx_word' id='word_1_238' title='bbox 0 0 1523 4768; x_wconf 95' lang='lat' dir='ltr'><strong> </strong></span> 
     </span>
    </p>
   </div>
  </div>
 </body>
</html>
