3020 4768
458 372 653 429 COMMENT.
672 375 724 430 DE
743 376 863 432 uuum
883 379 1056 433 GALLICO.
1225 380 1279 449 267

233 483 347 556 sagitta,
356 483 458 540 eodem
468 485 706 558 sensulormatur,
715 489 897 546 sicutnomen
907 491 1004 548 Sancti
1013 492 1166 562 Quintinia
1178 491 1280 552 κόνιος.

233 577 336 649 Apollo
355 573 567 652 Βιλισιχαρὴς,
583 580 628 635 vel
641 581 749 655 sagittis
774 582 912 656 gaudens,
931 583 1085 640 dicebattu.
1110 587 1181 643 Vide
1200 598 1282 644 notas

233 668 418 744 Amhmrigtlr,
430 669 479 726 lib.
498 688 700 744 v,cap.xx1v,
714 683 741 727 et
758 692 819 742 vu,
834 672 885 744 75,
898 677 1063 732 Lemovices.

273 795 336 848 Car.
352 795 432 850 XXI.
457 797 558 851 Parcas
576 796 730 852 rhenonum
749 799 915 873 tegrinentir.
938 803 1142 876 Interpretatur
1155 805 1281 877 pellibus

233 901 388 943 merorum
395 929 404 957 ,
416 888 447 943 id
457 900 498 944 est
505 908 607 963 pecua
616 891 771 959 dereunes,
785 893 820 946 D.
830 893 967 949 Lemaire.
983 921 996 944 α
1005 896 1124 952 Minime
1139 896 1215 951 euim
1229 896 1281 951 du-

233 979 323 1048 bium,
337 980 443 1054 inquit,
456 981 526 1035 mihi
540 981 652 1037 videtur
665 983 733 1056 quin
746 983 848 1054 rheno,
864 985 963 1059 gallice
977 989 1004 1042 le
1016 1005 1115 1056 renue,
1131 988 1166 1043 sit
1175 1006 1280 1043 nomen

233 1071 360 1128 animalis
369 1114 377 1141 ,
386 1091 445 1128 non
454 1074 589 1142 vestis,ut
598 1074 722 1144 isidoro,
736 1075 829 1151 Oraga,
847 1095 895 1151 19,
906 1075 995 1145 23‚et
1002 1078 1101 1134 Servio
1110 1079 1147 1134 ad
1160 1081 1281 1152 Georg.,

234 1182 289 1231 ιιι,
303 1161 355 1218 183
364 1206 372 1233 ,
381 1166 495 1238 placuit.
506 1167 582 1222 Male
591 1166 640 1240 qui
652 1168 750 1241 legunt
763 1167 930 1236 ritmorum,
947 1169 1027 1243 pejus
1041 1171 1090 1244 qui
1105 1173 1202 1244 legunt
1218 1171 1282 1225 rhe-

232 1273 308 1310 num.
326 1258 423 1313 Lectio
436 1257 550 1313 Caesaris
566 1258 675 1316 sincera
691 1259 819 1329 videtur;
836 1272 933 1316 noster
949 1272 1043 1318 tamen
1059 1262 1164 1333 codex,
1176 1263 1281 1334 5,764,

232 1348 381 1405 rhenomm
401 1373 438 1405 a:
460 1351 519 1405 haec
537 1350 594 1406 ille.
610 1351 668 1406 Sed
687 1351 792 1408 animal
811 1351 886 1408 istud
903 1353 990 1409 hodie
1006 1354 1037 1408 in
1054 1355 1206 1412 Germania
1219 1373 1280 1410 nou

232 1443 1082 1515 reperitur3etvoccmrhenonesmihivideturderivatamesse
1092 1466 1107 1502 a
1117 1465 1209 1521 graeco
1226 1443 1280 1524 ῥὴν,

232 1529 320 1607 ῥινὸς,
333 1537 408 1606 ovis,
421 1547 452 1591 ut
462 1529 574 1604 dictata,
588 1537 684 1591 ovium
693 1536 795 1610 pelles,
809 1546 837 1590 ct
846 1555 905 1592 esse
922 1537 1047 1609 ejusdem
1056 1538 1278 1612 significationis.

271 1665 335 1720 car.
348 1659 454 1718 XXIV.
475 1661 648 1735 Hercyniam
662 1663 769 1732 sylvam
770 1702 816 1716 .....
826 1681 913 1740 quam
927 1664 973 1717 itti
984 1661 1109 1740 (Graeci)
1127 1665 1279 1734 Orcyniam

232 1757 392 1831 appellant.
404 1757 467 1812 «lta
476 1753 559 1809 codd.
570 1763 598 1808 et
607 1753 672 1808 edd.
683 1762 764 1823 vett,
773 1754 812 1809 ait
821 1754 1002 1825 D.Lemaire;
1011 1756 1050 1811 ita
1060 1772 1172 1828 quoque
1181 1756 1280 1812 Ptole-

231 1866 315 1903 maeus
328 1857 356 1902 et
374 1864 479 1921 grecus
495 1844 651 1918 interpres:
662 1844 762 1900 eadem
771 1855 812 1900 est
825 1844 975 1926 (Omnia)
985 1865 1018 1902 ac
1031 1847 1172 1917 Hercynia
1190 1850 1278 1918 sylva.

231 1940 332 1996 Ortum
339 1938 1279 2006 hocuomenabHartz,Hamaald.»EcontrarioHartzvelHorta·

231 2033 309 2086 wald
321 2031 392 2086 mihi
408 2032 520 2087 videtur
535 2049 552 2087 a
569 2031 730 2105 gennanico
748 2031 865 2086 nomine
883 2030 941 2102 ejus
961 2031 1103 2087 hodierno
1123 2031 1278 2102 Schwartz,

233 2125 278 2180 vcl
295 2122 1057 2199 Schwartawaldconuptum,quodsignificatNigra,
1076 2125 1167 2199 Nigra
1179 2128 1275 2198 sylva,

234 2217 264 2272 id
277 2229 318 2273 est
332 2216 468 2288 defhrrna's
481 2217 574 2286 terra's,
589 2234 695 2290 aspera
705 2217 791 2282 coelo,
806 2216 891 2271 ιηἐιιζι
899 2217 953 2272 sita
965 2219 1108 2290 cultuque,
1120 2226 1150 2271 ut
1163 2217 1202 2271 ait
1217 2220 1276 2274 Ta-

234 2309 466 2382 citus3Hercyuia
478 2328 562 2379 vero,
575 2327 636 2384 qua
652 2301 790 2380 'Epatiacus
807 2303 928 2380 dpvpeir,
946 2309 1060 2364 Juliano
1079 2318 1134 2378 est,
1154 2327 1170 2363 a
1186 2327 1278 2382 graeco

233 2397 330 2480 ipnicvn
339 2404 386 2459 vel
399 2394 489 2475 ipre,
505 2393 608 2476 ipsese,
621 2411 746 2476 septum,
761 2419 853 2475 sepes,
863 2411 891 2456 et
908 2402 1030 2472 urania
1039 2401 1076 2457 ab
1085 2397 1198 2472 ὅμέινη,
1208 2420 1278 2457 voce

232 2495 356 2568 ejusdem
365 2494 593 2570 significationis,
603 2494 680 2549 oriri.
691 2495 761 2549 Fere
771 2493 870 2550 eadem
879 2493 965 2567 igitur
973 2493 1133 2550 differentia
1147 2504 1188 2558 est
1204 2493 1279 2549 inter

232 2590 371 2662 Hercynia
385 2599 413 2644 et
432 2589 570 2660 Orcyma,
589 2606 621 2643 ac
636 2587 710 2642 inter
726 2578 823 2658 ἔρκαὲνιι
841 2598 869 2642 et
884 2582 992 2658 ipsave.
1003 2587 1074 2642 lude
1084 2587 1203 2641 varietas
1220 2605 1277 2640 uo-

232 2681 332 2752 minis,
342 2682 496 2755 eademque
505 2678 681 2754 significatio.
692 2680 857 2754 Respondet
866 2679 952 2752 igitur
960 2679 1025 2734 voci
1034 2679 1140 2751 gallicae
1150 2681 1180 2732 la
1189 2677 1275 2750 haye,

232 2773 240 2842 s
248 2775 395 2830 l’euceiute
412 2793 450 2829 ou
465 2773 539 2828 lbret
556 2771 680 2849 sacrae),
699 2792 733 2828 ex
751 2775 849 2846 quala
868 2774 951 2846 Haye
966 2772 997 2826 in
1015 2770 1180 2839 Hollandia,
1201 2781 1230 2824 et
1247 2770 1277 2824 in

231 2866 348 2922 Francia
367 2865 548 2920 St-Germain
563 2883 598 2919 en
615 2867 706 2936 laye,
722 2868 870 2939 procula
887 2863 973 2935 haye,
992 2874 1019 2919 et
1035 2873 1077 2916 tot
1093 2862 1211 2918 nomina
1229 2864 1277 2918 lo-

232 2975 343 3026 corum,
359 2956 466 3013 ducunt
482 2956 630 3031 originem.

271 3085 335 3140 en.
345 3084 462 3139 xxvn.
470 3085 565 3138 Alces.
575 3108 588 3134 α
599 3063 752 3151 Nonnulli,
763 3083 802 3138 ait
814 3084 848 3138 D.
865 3082 1079 3155 Lemaire,post
1095 3081 1277 3150 Oberlinum,

230 3177 330 3232 volunt
343 3193 449 3232 nomen
462 3179 539 3232 alces
552 3194 569 3232 a
582 3193 673 3250 graeco
689 3175 812 3230 derivari
828 3171 917 3244 arai,
934 3175 1032 3230 robur.
1048 3175 1084 3229 Et
1098 3173 1192 3248 reipsa
1203 3177 1276 3230 Pau-

230 3269 339 3339 sanias,
355 3270 374 3323 l.
394 3287 441 3338 tx,
457 3288 481 3323 c.
499 3268 681 3337 21‚dealce
698 3267 839 3340 loquitur,
857 3286 941 3342 quem
958 3277 1042 3324 vocat
1061 3263 1153 3326 icaria
1172 3284 1277 3341 perpe-

229 3380 306 3416 ram:
321 3381 387 3418 nam
407 3361 511 3417 Graecis
528 3371 593 3416 ante
609 3360 774 3416 Pausaniam
795 3360 970 3433 incognitum
986 3361 1091 3416 animal
1109 3359 1184 3416 istud
1202 3367 1276 3424 crat,

230 3464 258 3508 et
276 3472 382 3510 nomen
399 3449 473 3510 aurit
490 3453 587 3508 datum
603 3469 621 3508 a
640 3452 792 3522 Pausania,
808 3463 849 3508 est
871 3451 994 3509 effictum
1014 3471 1050 3509 ex
1066 3450 1184 3507 nomine
1208 3450 1276 3506 alcia

230 3564 365 3614 camera
383 3557 518 3619 praeterea
538 3561 642 3618 graecus
658 3544 797 3618 interpres
817 3545 901 3600 vertit
920 3565 954 3600 ex
972 3562 1052 3600 more
1068 3543 1156 3600 latino
1171 3543 1276 3611 aeres,

230 3655 289 3692 non
303 3655 431 3695 armore
446 3655 537 3712 graeco
553 3635 660 3707 ἀλκαὶ,
678 3637 755 3693 unde
776 3637 916 3710 conjicere
933 3638 999 3692 licet
1015 3653 1121 3690 nornen
1138 3653 1198 3690 esse
1213 3635 1273 3690 cel·=

231 3729 315 3784 ticum
329 3731 392 3784 elch
405 3730 464 3787 sive
483 3733 543 3806 elg,
561 3731 605 3786 cui
622 3730 712 3786 simile
728 3733 768 3796 el,
783 3733 852 3806 aelg
863 3740 891 3785 et
904 3731 984 3804 σείς,
1002 3728 1155 3783 etiamntnn
1168 3727 1199 3780 in
1212 3744 1275 3800 sep-

232 3821 444 3878 tentrionalium
472 3842 666 3897 europaeorum
693 3842 823 3879 sermone
848 3831 942 3878 restat.
967 3818 1134 3875 Gemanice
1159 3829 1276 3888 vocatur

230 3917 283 3970 dar
299 3915 466 3983 elendtlrier,
485 3916 584 3990 gallice
603 3919 698 3971 l'elan.
713 3917 820 3973 Plinius
837 3916 914 3971 idem
933 3913 1036 3968 unitual
1052 3920 1135 3966 vocat
1150 3910 1276 3965 mahtin

232 4007 330 4062 vitiose
343 4025 396 4079 pro
412 4008 501 4077 aelaiz,
520 4007 615 4063 addita
636 4009 727 4065 littera
740 4030 769 4063 m
781 4029 816 4064 ex
834 4027 904 4064 voce
920 4004 1106 4082 precedenti,
1123 4001 1225 4058 iactum
1242 4021 1276 4056 ex
