3050 4772
449 278 500 332 m:
523 277 643 333 anuo
664 277 827 334 simeo
847 276 917 332 ms.
931 277 997 336 vn.
1192 245 1244 358 tol

203 417 270 470 tate
290 401 403 497 gloriae
418 402 581 472 adductus
601 404 635 470 in
652 401 837 496 periculum
855 401 986 471 deduxi.
1004 407 1089 490 Vos,
1111 403 1186 472 data
1203 405 1248 474 fa·

204 520 344 611 cultata,
363 523 458 592 vobis
478 522 648 591 consulite.
669 520 811 592 »Simul
831 523 867 589 in
888 521 1014 592 medios
1033 524 1144 594 hostes
1164 527 1248 594 irru-

204 644 272 736 pit,
302 643 499 737 duobusque
531 641 728 727 intersectis,
759 642 906 738 reliquos
939 669 957 712 a
988 660 1083 738 porta
1111 644 1247 740 paulum

204 764 383 833 submovit.
408 764 614 835 Conantibus
635 763 786 834 auxiliari
810 765 895 852 suis,
920 768 1101 850 «Frustra,
1123 767 1247 860 inquit,

205 891 287 951 n'reae
302 885 379 952 vitas
396 884 573 952 subvenire
593 886 778 971 conamini,
795 908 895 978 quem
908 885 978 977 jam
995 887 1129 979 sanguis
1147 886 1249 954 vires·

205 1029 270 1096 que
290 1003 458 1072 deliciunt.
471 1004 616 1073 Proinde
629 1005 708 1074 hinc
724 1005 826 1091 abite,
842 1004 920 1072 dum
938 1019 987 1074 est
1002 1004 1158 1092 facultas,
1176 1030 1249 1074 vos·

206 1147 271 1215 que
295 1123 337 1192 ad
364 1123 529 1218 legionem
554 1126 740 1219 recipite.»
768 1129 818 1194 lta
843 1149 995 1219 pugnans
1015 1139 1090 1219 post
1111 1124 1249 1220 paulum

210 1243 371 1331 concidit,
389 1269 427 1314 ac
445 1246 513 1313 suis
530 1243 629 1316 saluti
645 1245 719 1315 suit.
818 1256 821 1262 '

256 1367 311 1433 LI.
338 1365 469 1451 Nostri,
487 1389 592 1458 quum
609 1362 756 1459 undique
771 1383 1012 1461 premerentur,
1034 1390 1113 1436 xnvr
1131 1381 1248 1435 centu-

207 1486 358 1554 rionibus
381 1486 528 1572 amissis,
555 1485 674 1579 dejecti
704 1503 781 1556 sunt
810 1486 893 1556 loco.
920 1488 983 1558 Sed
1017 1484 1249 1556 intolerantius

208 1603 323 1675 Gallos
344 1607 552 1698 insequentes
577 1605 663 1698 legio
689 1631 712 1674 x
739 1607 900 1694 tardavit,
923 1633 996 1701 quae
1020 1632 1082 1700 pro
1104 1605 1250 1674 subsidio

208 1724 308 1820 paulo
327 1728 471 1824 aequiore
491 1723 564 1794 loco
588 1727 790 1796 constiterat.
810 1731 905 1796 Hanc
924 1749 1038 1794 rursus
1060 1750 1123 1795 xm
1148 1723 1251 1819 legio·

208 1847 260 1913 nis
285 1845 439 1914 cohortes
472 1857 694 1938 exceperunt,
724 1871 816 1939 quae,
846 1871 885 1916 ex
919 1847 1034 1916 castris
1065 1845 1251 1913 minoribus

209 1964 352 2052 eductae,
373 1969 505 2044 cumT.
529 1967 640 2036 Sextio
660 1964 770 2061 legato
790 1982 946 2060 ceperant
967 1965 1078 2035 locum
1102 1968 1251 2060 superio·

209 2109 290 2154 rom.
307 2085 487 2179 Legiones,
505 2086 560 2153 ubi
582 2087 728 2179 primum
746 2084 917 2179 planitiem
937 2087 1133 2181 attigerunt,
1152 2085 1252 2154 infes-

210 2205 253 2274 tis
275 2220 392 2275 contra
417 2205 529 2274 hostes
554 2206 657 2300 signis
679 2207 911 2274 constiterunt.
932 2207 1188 2299 Vercingetorix
1211 2204 1252 2272 ab

211 2325 377 2395 radicibus
398 2325 497 2406 collis,
516 2351 593 2396 suos
619 2328 707 2394 intra
733 2325 936 2395 munitiones
960 2325 1102 2396 reduxit.
1123 2329 1172 2396 Eo
1198 2324 1252 2392 die

211 2445 332 2516 milites
351 2462 431 2516 sunt
448 2445 548 2540 paulo
565 2448 675 2516 minus
695 2469 761 2516 nec
776 2446 962 2514 desiderati.

260 2569 333 2634 Lll.
360 2569 498 2635 Postero
517 2567 569 2635 die
582 2569 708 2654 Caesar,
726 2567 884 2635 concione
897 2565 1070 2651 advocata,
1087 2565 1254 2644 temerita-

213 2703 280 2756 tem
303 2684 585 2779 cupiditatemque
609 2685 753 2755 militum
782 2686 1014 2779 reprehendit,
1038 2716 1055 2750 ει
1075 2685 1165 2778 quod
1192 2685 1253 2751 sibi

214 2808 278 2901 ipsi
298 2804 539 2900 judicavissent
561 2833 628 2900 quo
646 2805 893 2900 procedendum
912 2820 970 2874 aut
991 2804 1071 2898 quid
1088 2804 1253 2899 agendum

213 2927 398 3014 rideretur,
415 2950 523 3019 neque
538 2927 633 3019 signo
647 2925 830 3018 recipiendi
848 2925 926 2996 dato
943 2927 1184 3008 constitissent,
1197 2950 1255 2993 ne·

214 3071 279 3140 que
296 3072 316 3115 a
331 3047 476 3116 tribunis
500 3045 644 3114 militum
663 3043 844 3139 legatisque
862 3046 999 3113 retineri
1018 3047 1255 3139 potuissent3n

215 3165 497 3260 exposito,equid
510 3167 668 3258 iniquitas
685 3163 748 3233 loci
766 3181 894 3259 posset,
911 3165 991 3258 quid
1006 3167 1075 3259 ipse
1087 3165 1130 3231 ad
1140 3166 1257 3234 Avari-

216 3311 292 3356 cum
309 3288 479 3374 sensisset,
500 3311 604 3380 quum
615 3287 711 3373 ,sine
728 3284 812 3352 duce
833 3299 866 3352 et
884 3287 956 3354 sine
972 3286 1121 3378 equitatu
1141 3283 1256 3376 depre-

215 3406 326 3476 hensis
336 3407 499 3491 hostibus,
513 3404 720 3499 exploratam
735 3406 908 3473 victoriam
924 3404 1113 3488 dimisisset,
1128 3427 1170 3469 ne
1186 3427 1258 3495 par·

215 3553 294 3597 vum
316 3527 417 3597 modo
437 3525 675 3594 detrimentum
693 3526 727 3592 in
745 3525 960 3592 contentione
977 3536 1113 3617 propter
1134 3522 1257 3613 iniqui-

216 3664 320 3718 tatem
340 3646 403 3716 loci
418 3646 592 3716 accideret„
602 3647 822 3740 Quantopere
837 3669 953 3713 eorum
969 3644 1071 3712 animi
1091 3642 1258 3736 magnitu-

216 3768 328 3838 dinem
357 3767 594 3853 admiraretur,
623 3789 705 3858 quos
735 3789 802 3834 non
827 3777 1010 3832 castrorum
1039 3761 1257 3847 munitiones,

217 3913 284 3958 non
301 3887 443 3958 altitudo
460 3887 604 3972 montis,
625 3909 694 3954 non
714 3909 829 3954 murus
848 3880 963 3976 oppidi
986 3881 1117 3950 tardare
1134 3880 1259 3974 potuis·

365 4031 388 4077 1.
1075 3997 1115 4067 13
