3026 4768
243 354 298 413 138
407 357 437 411 C.
460 357 559 412 JULlI
580 353 743 412 CAESARIS
764 353 1139 414 counmttrfflonunr

250 479 406 567 consilio,
429 483 531 550 totius
551 482 715 551 exercitus
736 480 977 575 impedimenta
993 481 1034 550 ad
1054 482 1236 552 Labienum
1255 475 1289 544 in

249 603 404 670 Treviros
423 603 545 685 mittit,
567 600 715 696 duasque
732 601 880 696 legiones
896 603 939 672 ad
960 627 1036 673 eum
1059 601 1224 697 proficisci
1244 601 1298 694 ju·

249 721 307 790 bet
323 750 332 791 :
350 723 421 817 ipse
440 748 518 791 cum
534 721 720 818 legionibus
735 723 894 818 expeditis
908 725 1057 818 quinque
1072 725 1108 793 in
1125 721 1298 814 Menapios

250 843 483 939 proficiscitur.
498 841 568 931 Illi,
586 842 678 913 nulla
693 857 807 913 coacta
820 869 938 933 manu,
957 844 1022 914 loci
1041 843 1193 938 praesidio
1209 842 1298 928 freti,

251 965 287 1033 in
312 961 411 1033 silvas
445 962 649 1058 paludesque
681 963 894 1059 confugiunt,
925 989 1050 1059 suaque
1077 965 1195 1034 eodem
1223 987 1301 1033 con·

251 1083 375 1154 ferunt.

304 1207 359 1274 VI.
388 1207 512 1290 Caesar,
534 1207 666 1299 partitis
693 1207 799 1300 copiis
829 1231 903 1274 curn
935 1209 973 1274 C.
1003 1205 1107 1276 Fabio
1132 1205 1242 1300 legato
1267 1220 1301 1273 et

250 1327 299 1394 Μ.
320 1326 443 1394 Crasso
462 1339 640 1418 quaestore,
661 1324 879 1419 celeriterque
893 1325 1020 1395 effectis
1040 1326 1215 1421 pontibus,
1231 1324 1301 1394 adit

252 1447 438 1542 tripartito,
458 1447 598 1516 aedificia
613 1447 769 1542 vicosque
785 1447 948 1536 incendit,
966 1472 1088 1542 magno
1108 1449 1238 1542 pecoris
1251 1461 1302 1515 at-

253 1591 318 1661 que
337 1568 511 1636 hominurn
529 1591 670 1637 numero
690 1569 828 1662 potitur.
843 1569 977 1657 Quibus
996 1569 1097 1639 rebus
1107 1569 1212 1637 coacti
1229 1571 1303 1636 Me·

253 1687 361 1782 napii,
378 1684 505 1783 legatos
522 1687 565 1756 ad
580 1712 658 1756 eum
670 1687 763 1780 pacis
780 1687 931 1782 petendae
948 1713 1048 1758 causa
1060 1691 1211 1758 mittunt.
1225 1686 1301 1774 Ille,

252 1807 425 1878 obsidibus
445 1809 606 1902 acceptis,
623 1808 769 1876 hostium
787 1833 822 1877 se
842 1808 1036 1878 habitururn
1059 1833 1201 1878 numero
1223 1833 1303 1878 con·

252 1929 377 2016 firmat,
397 1929 424 1998 si
444 1942 501 1997 aut
515 1929 758 2022 Ambiorigem,
776 1943 834 1997 aut
850 1930 921 2022 ejus
938 1927 1079 2024 legatos,
1098 1929 1219 1997 finibus
1236 1929 1303 1997 suis

253 2049 463 2140 recepissent
482 2048 542 2116 His
555 2048 760 2122 confirmatis
774 2048 889 2135 rebus,
900 2050 1093 2117 Commium
1111 2049 1301 2118 Atrebatem

254 2192 332 2236 cum
350 2168 517 2260 equitatu,
533 2167 680 2237 custodis
698 2166 786 2254 loco,
804 2169 837 2235 in
859 2169 1024 2262 Menapiis
1038 2165 1215 2261 relinquit;
1233 2168 1304 2260 ipse

257 2291 292 2356 in
304 2289 459 2357 Treviros
474 2287 706 2382 proficiscitur.

302 2410 378 2476 VII.
404 2411 494 2477 Dum
520 2408 590 2478 haec
612 2433 631 2476 a
651 2410 779 2478 Caesare
799 2422 978 2503 geruntur,
1002 2409 1148 2496 Treviri,
1173 2407 1304 2500 magnis

256 2529 378 2598 coactis
392 2527 560 2623 peditatus
572 2530 805 2623 equitatusque
815 2529 936 2625 copiis,
946 2529 1133 2622 Labienum
1146 2551 1224 2596 cum
1237 2551 1306 2595 una

255 2650 402 2746 legione,
418 2675 492 2745 qnae
516 2652 551 2718 in
570 2675 685 2720 eorum
710 2651 832 2720 finibus
852 2652 1035 2739 hiemabat,
1058 2651 1183 2720 adoriri
1209 2673 1304 2744 para·

257 2773 356 2840 hant:
368 2769 505 2866 jamque
519 2772 560 2840 ab
574 2797 615 2841 eo
628 2797 696 2841 non
710 2770 842 2866 longius
858 2772 953 2841 bidui
966 2773 1019 2841 via
1034 2771 1186 2858 aberant,
1199 2794 1304 2863 quum

256 2890 339 2960 duas
356 2893 487 2962 venisse
509 2889 656 2986 legiones
670 2894 774 2961 missu
795 2895 933 2964 Caesaris
950 2907 1167 2991 cognoscunt
1185 2892 1305 2962 Positis

257 3012 374 3081 castris
401 3037 421 3081 a
449 3011 596 3082 millibus
623 3038 779 3108 passuum
810 3038 867 3101 xe,
899 3014 1022 3084 auxilia
1057 3017 1305 3084 Germanorum

258 3144 449 3224 exspectare
468 3135 688 3203 constituunt.
710 3133 892 3220 Labienus,
910 3135 1056 3204 hostium
1073 3137 1208 3229 cognito
1227 3157 1306 3202 con·

258 3249 350 3334 silio,
368 3275 517 3344 sperans,
534 3255 719 3322 temeritate
740 3245 856 3323 eorum
875 3253 945 3322 sore
961 3253 1106 3348 aliquam
1124 3253 1305 3322 dimicandi

257 3369 467 3457 facultatem,
490 3372 642 3466 praesidio
662 3374 852 3442 cohortium
868 3398 890 3440 v
905 3373 1152 3467 impedimentis
1170 3372 1304 3458 relicto,

258 3516 335 3561 curn
352 3515 423 3560 xxv
437 3491 630 3560 cohortibus
651 3517 840 3588 magnoque
860 3494 1011 3588 equitatu
1036 3507 1152 3562 contre
1174 3494 1305 3562 hostem

259 3613 497 3708 proficiscitur,
524 3626 558 3680 et
586 3635 616 3682 nr
643 3638 799 3707 passuum
829 3614 1017 3683 intermisso
1041 3614 1164 3707 spatio,
1197 3630 1305 3682 castra

258 3735 450 3806 communit.
472 3737 553 3803 Erat
576 3734 664 3802 inter
687 3734 873 3803 Labienum
900 3748 1001 3828 atque
1024 3733 1153 3803 hostem
1178 3733 1304 3803 difficili

259 3856 401 3926 transitu
427 3853 569 3942 fiumen,
599 3853 746 3949 ripisque
774 3855 950 3949 praeruptis
979 3883 987 3922 ι
1012 3854 1077 3922 boc
1101 3878 1209 3947 neque
1235 3855 1306 3947 ipse

260 3976 400 4044 transire
412 3972 556 4044 habebat
572 3975 607 4043 in
621 3973 748 4062 animo,
764 3998 871 4069 neque
884 3974 995 4045 hostes
1011 3975 1208 4044 transituros
1222 3975 1306 4042 exis-
