3014 4780
498 417 548 472 DE
568 417 687 472 BELLO
707 417 947 472 Hlsrsutnnst.
1179 416 1232 472 303

200 527 246 610 et
263 543 379 632 saepius
391 538 558 627 attulistis3
574 555 606 606 et
621 539 692 608 luce
709 538 796 608 clara
817 541 965 609 Cassium
983 543 1016 607 in
1037 540 1144 607 medio
1163 540 1234 607 loro

215 660 336 728 nefarie
357 659 538 727 interlicere
556 657 712 727 voluistis.
730 661 800 726 Vos
823 660 866 726 ita
885 683 993 751 pacem
1019 683 1145 754 semper
1165 658 1235 727 odi-

215 780 286 864 stis,
309 793 345 845 ut
361 775 450 845 nullo
469 792 614 872 tempore
636 775 778 872 legiones
799 777 908 846 desitae
925 777 1037 870 populi
1056 779 1182 846 romoni
1203 780 1236 846 in

214 897 276 964 hae
287 899 454 989 provincia
470 897 593 964 haberi.
608 896 705 989 Apud
725 921 781 965 vos
798 897 951 964 beneficia
970 921 1031 989 pro
1050 894 1235 981 maleficiis,

216 1013 373 1084 maleficis
393 1039 453 1108 pro
474 1014 638 1084 beneficiis
654 1015 889 1083 habentur.1ta
907 1039 1013 1107 neque
1023 1017 1056 1082 in
1071 1016 1140 1083 otio
1156 1039 1236 1082 con·

214 1132 374 1220 cordiam,
395 1158 500 1226 nequo
515 1136 549 1201 in
564 1131 649 1201 bello
669 1135 821 1201 virtutem
844 1131 912 1202 ullo
930 1149 1075 1226 ternpore
1093 1135 1235 1202 retinere

215 1252 376 1346 potuistis.
396 1254 546 1321 Privatus
571 1277 609 1319 ex
630 1251 705 1345 fuga
725 1254 786 1320 Cn.
808 1252 984 1345 Pompeius
1010 1250 1196 1320 adolescens
1217 1277 1236 1319 a

213 1373 306 1438 vobis
319 1385 484 1464 receptus,
501 1370 601 1439 sesses
612 1371 850 1463 imperiumque
869 1350 928 1438 sibi
943 1373 1081 1463 arripuit
1097 1396 1106 1439 ε
1124 1369 1234 1439 multis

214 1489 391 1572 intersectis
415 1490 560 1578 civibus,
591 1487 709 1557 auxilia
733 1503 846 1556 eontra
878 1487 1038 1583 populum
1062 1513 1235 1558 romanum

213 1610 414 1700 comparavit
433 1633 441 1677 :
459 1632 553 1702 agros
572 1609 835 1700 provinciamque
852 1621 960 1702 vestro
978 1605 1121 1701 impulsu
1138 1609 1236 1702 depo·

214 1725 348 1818 pulavit.
367 1730 406 1794 In
424 1751 491 1818 qno
512 1751 570 1795 vos
590 1728 727 1794 victores
752 1726 1003 1795 existimabatis?
1028 1729 1080 1794 An
1105 1750 1158 1799 me
1182 1727 1236 1794 de·

215 1841 296 1929 leto,
320 1869 385 1911 non
402 1843 722 1928 animadvertebatis,
743 1844 855 1912 decern
875 1843 996 1912 babere
1015 1843 1155 1938 legiones
1173 1869 1234 1937 po-

214 1959 327 2054 pulum
353 1985 540 2050 romanum,
560 1987 630 2055 quae
656 1986 723 2030 non
741 1960 846 2030 solum
869 1963 960 2030 vobis
980 1963 1150 2049 obsistere,
1178 1963 1234 2030 sed

215 2079 311 2146 etium
330 2078 447 2148 coelum
464 2079 592 2149 diruere
614 2079 766 2176 possent?
790 2105 929 2172 quarum
955 2079 1106 2151 laudibus
1119 2096 1153 2150 et
1171 2082 1235 2148 vir-

215 2214 284 2268 tute
285 2249 410 2267 .......
421 2227 438 2262 r
