3042 4772
501 409 552 464 ΒΕ
576 407 698 464 BELLO
717 405 922 464 Armenoc.
1171 429 1226 480 ²¹7

193 542 255 610 diis
274 536 451 632 impositis,
470 535 604 627 nequis
622 529 715 601 miles
738 533 772 600 iu
796 529 955 627 oppidum
983 533 1149 622 introiret,
1171 550 1229 604 aut

194 660 346 754 injuriam
364 655 486 724 faceret
504 653 646 748 cuipiam
667 649 799 738 incolae,
826 676 893 721 non
917 651 1014 747 longe
1037 653 1079 723 ab
1104 653 1227 749 oppido

193 777 372 848 secundum
393 773 470 844 litus
491 773 569 844 lacit
598 787 714 842 castra.
737 772 868 843 Eodem'
886 797 983 842 naves
1012 775 1171 843 onerariae
1194 789 1228 844 et

194 897 299 992 lougae
311 893 477 965 nonnullae
489 916 566 963 casu
581 892 804 984 advenerunt,
818 892 968 987 reliquae,
982 907 1021 961 ut
1032 907 1082 962 est
1095 894 1126 962 ei
1142 917 1228 963 nun-
1257 985 1261 992 ἱ

194 1019 329 1103 tiatum,
358 1016 491 1084 incerte
517 1010 682 1100 locorum,
712 1012 841 1082 Uticam
868 1036 982 1081 versus
1010 1027 1122 1105 petere
1150 1013 1227 1082 visae

194 1151 280 1205 sunt.
294 1135 433 1205 Interim
446 1135 557 1204 Cesar
572 1158 591 1202 a
608 1133 691 1200 mari
707 1155 774 1200 non
791 1125 933 1226 digredi,
950 1155 1058 1225 neque
1073 1130 1227 1202 mediter·

194 1281 292 1324 ranea
312 1269 424 1349 petere
441 1267 579 1349 propter
595 1252 728 1322 navium
744 1275 908 1338 errorem,
926 1252 1175 1346 equitatumque
1191 1254 1225 1322 in

194 1375 334 1445 navibus
350 1399 482 1444 omnem
494 1373 678 1456 continere,
692 1384 730 1440 ut
744 1371 902 1459 arbitror,
915 1395 956 1442 ne
975 1373 1046 1466 agri
1061 1387 1227 1442 vastaren-

195 1512 269 1583 tur,
289 1519 408 1590 aquam
429 1495 462 1563 in
481 1517 579 1562 naves
605 1490 698 1585 jubet
718 1491 930 1584 comportari.
960 1492 1112 1585 Remiges
1142 1491 1228 1560 inte-

194 1618 278 1699 rim,
298 1617 355 1708 qui
381 1629 540 1708 aquatum
568 1637 587 1680 e
618 1610 756 1680 navibus
783 1611 944 1696 exierant,
972 1611 1082 1679 subito
1104 1611 1229 1703 equites

196 1737 325 1820 Mauri,
352 1757 459 1826 neque
481 1729 694 1826 opinantibus
720 1729 928 1807 (mserianis,
954 1728 1080 1814 adorti,
1107 1729 1228 1799 multos

193 1853 310 1947 jaculis
329 1850 668 1936 convulneraverunt,
688 1847 866 1918 nonnullos
886 1841 1120 1918 interfecerunt
1145 1875 1154 1916 :
1183 1847 1227 1918 la·

197 1987 266 2042 tent
282 1974 370 2042 enim
388 1973 422 2040 in
437 1969 563 2039 insidiis
578 1993 654 2039 cum
668 1970 762 2063 equis
776 1970 861 2037 inter
872 1966 1051 2056 convalles,
1069 1983 1102 2038 et
1118 1968 1228 2038 subito

195 2094 373 2180 exsistunt,
394 2115 460 2160 non
479 2091 567 2160 utin
587 2113 703 2182 cumpo
720 2089 869 2158 cominus
885 2087 1087 2184 depugnent.

245 2213 335 2281 VIII.
352 2215 460 2282 Caesar
473 2211 605 2279 interim
618 2211 652 2278 in
666 2208 852 2280 Sardiniam
864 2208 998 2278 nuntios
1009 2233 1085 2278 cum
1097 2207 1226 2296 litteris,
1302 2275 1314 2304 ⁸

195 2333 269 2400 etin
281 2329 424 2424 reliquas
435 2329 619 2424 provincias
633 2327 789 2397 finitimas
802 2325 943 2416 dimisit,
958 2342 997 2396 ut
1008 2327 1068 2396 sibi
1079 2327 1226 2412 auxilia,

194 2465 414 2538 commeatus,
433 2449 660 2536 frumentum,
678 2445 775 2516 simul
794 2461 893 2542 atque
910 2445 1034 2517 litteras
1052 2447 1226 2543 legissent,

193 2570 352 2640 mittenda
366 2585 522 2639 curarent
537 2595 545 2637 :
558 2568 807 2658 exoneratisquc
820 2566 939 2659 partim
951 2567 1088 2636 navibus
1100 2565 1227 2662 longis,

193 2691 366 2760 Rabirium
382 2691 577 2758 Postumum
594 2688 628 2754 iu
646 2685 789 2754 Siciliam
808 2685 850 2754 ad
868 2684 1048 2754 secundum
1065 2711 1228 2756 commes-

193 2826 264 2878 tum
285 2807 513 2878 arcessendum
539 2806 651 2874 mittit.
670 2807 806 2874 Interim
824 2831 898 2874 cum
918 2829 941 2872 x
960 2806 1098 2874 navibus
1117 2803 1224 2900 longis

195 2927 237 2997 ad
253 2927 397 3021 reliquas
415 2949 514 2994 naves
532 2925 699 2995 onerarias
717 2923 975 3019 conquirendas,
992 2949 1066 3018 quae
1082 2925 1224 2996 deerras-

196 3063 292 3134 sent,
311 3060 343 3115 et
361 3041 458 3114 simul
476 3069 566 3114 mare
584 3043 742 3115 tuendum
760 3045 801 3113 ab
821 3044 988 3130 hostibus,
1008 3045 1103 3138 jubet
1125 3046 1228 3138 pruli-

157 3199 161 3216 ·
195 3166 285 3235 cisci.
305 3169 387 3235 Item
408 3167 446 3234 C.
470 3163 660 3234 Sallustium
681 3166 834 3258 Crispum
857 3175 1030 3259 praetorem
1050 3164 1093 3233 ad
1115 3166 1227 3235 Cerci·

195 3309 273 3353 nam
304 3282 444 3355 insulam
471 3308 601 3368 versus,
625 3306 724 3377 quam
750 3282 928 3352 adversarii
956 3286 1126 3372 tenebant,
1151 3309 1227 3354 cum

196 3421 288 3498 parte
304 3406 438 3474 navium
452 3405 499 3474 ire
509 3403 621 3496 jubet;
636 3402 726 3496 quod
740 3403 784 3470 ibi
801 3427 958 3497 magnum
972 3429 1146 3474 numerum
1161 3405 1229 3473 fru-

198 3526 300 3594 menti
322 3548 392 3594 esse
409 3523 573 3594 audiebat.
593 3527 670 3592 Hoec
690 3523 735 3592 ita
757 3523 958 3617 imperabat,
986 3525 1031 3593 ita
1051 3525 1229 3616 unicuique

198 3645 426 3740 precipiebat,
448 3659 500 3733 ut,
521 3645 548 3713 si
566 3643 636 3712 fieri
654 3657 778 3738 posset,
798 3667 916 3731 necne,
936 3641 1045 3712 locum
1064 3643 1230 3712 excusatio

197 3761 324 3830 nullum
338 3762 491 3852 baberet,
511 3789 571 3834 nec
588 3788 715 3834 moram
733 3763 972 3857 tergiversatio.
992 3766 1068 3857 lpse
1086 3764 1228 3842 interea,

197 3905 237 3948 ex
253 3881 395 3975 perfugis
410 3897 442 3952 et
458 3882 570 3952 incolis
583 3883 725 3978 cognitis
739 3883 984 3953 conditionibus
999 3883 1182 3978 Scipionis,
1196 3897 1231 3951 et

197 4000 344 4092 quicum
356 4021 395 4067 eo
411 4015 527 4070 contra
540 4025 574 4070 se
588 3999 710 4070 bellum
727 4003 903 4095 gerebant,
921 4003 1067 4072 miserari
1081 3999 1230 4096 (regium
