3068 4772
295 412 348 471 sta
465 414 495 471 ss
511 415 608 474 tutu
629 413 792 472 CAESAIIlS
811 410 1010 474 coumau'r.
1031 417 1143 475 Ltuaa

293 539 392 632 primi
403 553 511 609 tamen
529 539 743 612 editissimum
758 537 867 610 locum
885 553 1067 611 castromm
1083 554 1261 635 caperent:
1279 567 1320 612 ex

292 679 361 749 quo
377 655 587 728 decurrentes
602 681 754 753 magnam
777 655 1021 728 multitudinem
1041 659 1186 730 hostiurn
1206 661 1240 728 in
1263 683 1320 730 ca-

292 777 369 845 stris
382 776 627 846 interfecerunt.
646 776 747 866 Quod
755 775 936 872 periculum
949 775 1096 872 plerique
1107 776 1319 849 dlexandriui

231 905 233 907 ’
291 895 476 990 fugientes,
497 895 672 965 acervatim
684 921 718 964 se
734 895 776 965 de
791 893 880 967 uallo
896 897 1182 990 praecipitaverunt
1195 897 1230 966 in
1245 921 1318 968 eam

156 1017 180 1030 ''
291 1029 441 1108 partem,
462 1003 535 1108 qum
559 1012 686 1084 llumini
705 1021 786 1084 'erat
811 1013 974 1108 adjuncta.
992 1017 1120 1084 Horum
1142 1015 1257 1108 primis
1283 1017 1318 1086 in

288 1135 365 1227 ipsa
380 1133 465 1202 fossa
483 1134 675 1203 munitionis
694 1155 813 1228 magna
834 1134 930 1204 ruina
953 1133 1135 1228 oppressis,
1156 1135 1254 1204 ceteri
1271 1133 1318 1204 fa·

292 1248 440 1320 ciliorem
473 1251 583 1346 fugam
612 1252 809 1322 habueruut.
835 1255 972 1324 Constat
1004 1251 1125 1348 fugisse
1138 1275 1179 1323 ex
1203 1255 1317 1324 castris

291 1393 407 1464 regem
422 1371 550 1464 ipsum,
570 1385 802 1466 receptumque
828 1371 862 1440 in
889 1393 1020 1459 navem,
1037 1368 1248 1440 multitudiue
1262 1396 1317 1441 eo·

292 1509 388 1576 rum,
403 1488 462 1582 qui
481 1487 524 1558 ad
544 1491 710 1583 proximas
732 1487 1066 1578 perendinabant,
1087 1488 1234 1560 demerso
1257 1514 1316 1559 na·

292 1607 399 1702 vigio,
418 1610 561 1702 periisse.
746 1657 750 1664 -

342 1729 482 1798 XXXII.
516 1731 566 1798 Re
597 1725 779 1800 felicissime
808 1726 1039 1822 celerrimeque
1066 1741 1175 1822 gesta,
1207 1731 1318 1798 Ceasar

293 1870 421 1940 maguae
438 1847 579 1916 victoriae
590 1845 725 1933 fiducia,
739 1847 889 1942 proximo
899 1847 1044 1916 terrestri
1055 1846 1171 1916 itinere
1185 1843 1319 1918 Alexan·

294 1962 400 2031 driarn
422 1988 499 2032 eum
527 1965 692 2059 equitibus
711 1963 894 2049 coutendit3
917 1978 1014 2057 atque
1036 1989 1074 2033 ea
1091 1971 1185 2059 parte
1203 1963 1318 2058 oppidi

292 2082 399 2150 victor
420 2081 561 2169 introiit,
583 2106 656 2176 quae
671 2081 822 2177 praesidio
839 2083 981 2152 hostium
999 2082 1181 2153 tenebatur.
1201 2085 1318 2177 Neque

294 2222 369 2267 eum
387 2197 562 2278 consilium
579 2225 675 2270 suum
692 2198 817 2286 fefellit,
836 2201 916 2293 quin
929 2201 1054 2289 hostes,
1072 2225 1112 2270 eo
1130 2199 1247 2294 proelio
1258 2225 1318 2271 au·

293 2316 378 2405 dito,
393 2318 475 2388 uilril
488 2320 556 2413 jam
575 2320 616 2389 de
634 2319 719 2390 bello
740 2331 846 2389 essent
861 2321 1046 2414 cogitaturi.
1058 2323 1207 2414 Dignum
1221 2317 1318 2389 adve-

295 2438 690 2510 uieus'sructumvirtutis
711 2454 743 2508 et
760 2441 860 2509 animi
879 2438 1113 2538 magnitudinis
1124 2438 1200 2510 tulit
1219 2465 1228 2510 a
1245 2464 1318 2509 om·

294 2558 345 2626 nis
363 2558 451 2626 enim
469 2556 647 2628 multitudo
662 2556 920 2652 oppidanorum,
938 2559 1037 2628 armis
1053 2557 1221 2652 projectis,
1244 2583 1318 2628 mu·

226 2708 228 2714 ·
293 2676 539 2770 uitionibusque
549 2679 616 2746 suis
628 2675 864 2765 relictis,veste
874 2701 911 2746 ea
924 2665 1320 2771 sumpta,qua‘supplices

294 2794 501 2866 dominantes
519 2795 686 2891 deprecari
707 2787 967 2881 consueverunt,
987 2797 1151 2888 sacrisque
1168 2795 1320 2865 omnibus

293 2913 455 3009 prelatis,
481 2937 622 3009 quorum
649 2913 805 3010 religione
827 2917 953 3010 precari
985 2912 1126 2984 offensos
1154 2915 1320 3007 iratosque

272 3059 274 3070 ¹
294 3037 422 3104 animos
442 3057 556 3127 regum
576 3048 670 3103 erant
691 3033 799 3120 soliti,
822 3034 1007 3104 advenienti
1028 3035 1147 3104 Caesari
1168 3057 1320 3104 oneum

294 3167 388 3238 runt,
403 3175 503 3246 seque
515 3153 545 3221 ei
563 3151 766 3222 dediderunt,
780 3156 888 3223 Gaesar
907 3155 941 3222 in
960 3150 1056 3221 fidem
1075 3167 1223 3247 receptos
1240 3175 1320 3222 con-

295 3269 436 3356 solatus,
454 3295 512 3366 per
527 3273 672 3342 hostium
692 3273 888 3342 munitiones
906 3275 940 3340 in
958 3295 1049 3340 suern
1066 3287 1192 3366 partem
1207 3272 1320 3366 oppidi

295 3413 415 3485 magna
430 3388 649 3486 gratulatione
667 3393 755 3462 venit
770 3415 904 3461 suorum
923 3415 932 3458 a
950 3391 1088 3483 quinon
1104 3404 1233 3460 tantum
1248 3389 1318 3460 bel·

296 3507 365 3578 lum
383 3511 488 3604 ipsum
506 3535 544 3580 ac
563 3511 822 3598 dimicationem,
839 3507 895 3580 sed
913 3511 1011 3578 etiam
1027 3505 1125 3578 talem
1144 3505 1321 3578 adventum

296 3627 367 3720 ejus
379 3627 507 3698 felicem
524 3629 622 3699 luisse
640 3628 844 3700 laetabantur.

345 3751 503 3816 XXXIII.
531 3751 655 3835 Caesar,
675 3751 813 3843 AEgypto
842 3758 939 3836 atque
964 3741 1158 3812 Alexandria
1177 3745 1323 3837 potitus,

297 3891 387 3962 reges
405 3869 592 3956 constituit,
608 3893 693 3961 quoa
709 3863 900 3936 Ptolemaeus
919 3877 1114 3934 testamento
1128 3865 1321 3958 scripserat,

297 4002 393 4080 atque
412 3987 593 4056 obtestatus
612 4001 682 4056 erat
704 3983 861 4080 populum
883 4007 1074 4071 romanum,
1096 4009 1137 4054 ne
1160 3998 1323 4054 mutaren-
