3020 4768
265 289 301 350 aa
379 248 385 260 ’
417 282 447 338 e.
467 281 565 337 suun
587 279 750 336 cnsants
771 279 1139 336 constaturamonun

266 409 330 475 rias
346 430 463 491 naves,
481 429 563 498 quas
582 404 704 495 ubique
730 415 885 494 possunt,
903 399 1174 495 deprehendunt,
1191 416 1291 495 atque

265 528 300 593 in
324 538 458 618 portum
483 521 650 590 deducunt
669 546 677 589 τ
699 544 815 614 parum
834 518 933 588 clavis
953 535 1011 590 aut
1039 522 1175 590 materia
1192 535 1290 615 atque

264 641 474 712 armamentis
491 641 658 711 instructis
675 639 717 709 ad
734 637 877 732 reliquas
894 638 1067 708 mmaudas
1083 639 1290 710 reficiendas·

264 784 327 854 que
344 774 503 830 utuntur:
519 759 676 828 bumenti
692 757 782 852 quod
798 760 967 828 inventum
983 773 1047 848 est,
1066 761 1100 828 in
1119 758 1288 854 publicum

263 880 440 949 conferunt
463 903 471 946 ε
497 877 639 971 reliquas
664 901 787 946 merces
807 891 1074 971 commeatusque
1091 877 1133 946 ad
1150 878 1290 948 obsidio·

262 1024 338 1068 nem
352 999 459 1086 urbis,
474 998 501 1067 si
513 997 656 1084 accidat,
675 1009 850 1065 reservant.
867 994 997 1084 Quibus
1013 997 1142 1089 injuriis
1157 1021 1288 1091 permo-

262 1133 332 1206 tus,
351 1122 461 1188 Caesar
488 1115 630 1211 legiones
656 1130 725 1184 tres
746 1113 926 1184 Massiliam
946 1113 1097 1202 adducit;
1116 1131 1223 1187 turres
1242 1119 1289 1188 vi·
1334 1153 1342 1172 ·

263 1258 406 1328 neasque
433 1234 475 1304 ad
499 1235 781 1329 oppugnationem
806 1233 897 1301 urbis
917 1257 1031 1328 agere,
1057 1257 1155 1304 naves
1174 1234 1288 1331 longas

262 1352 391 1456 Arelate
416 1378 554 1422 numero
571 1377 621 1421 ιιι
643 1353 750 1422 facere
768 1351 919 1421 instituit
942 1353 1071 1440 Quibus
1092 1353 1216 1423 effectis
1236 1379 1288 1424 an·

263 1473 424 1564 motisque
448 1471 562 1540 diebus
585 1471 741 1566 triginta,
762 1496 780 1539 a
801 1469 939 1563 quadie
967 1475 1104 1540 materia
1123 1497 1204 1543 caesa
1217 1488 1287 1564 est,

261 1591 475 1684 adductisque
483 1589 680 1676 Massiliam,
690 1591 742 1658 his
756 1593 800 1660 D.
820 1594 960 1659 Brutum
973 1590 1112 1685 preficit
1127 1619 1135 1660 τ
1153 1597 1191 1663 C.
1208 1596 1288 1662 Tne·

262 1710 402 1780 bonium
424 1710 566 1804 legatum
588 1709 630 1778 ad
646 1710 927 1804 oppugnationem
946 1709 1099 1778 Massiliae
1117 1709 1284 1804 relinquit.

309 1832 483 1901 XXXVII.
502 1833 592 1900 Dum
612 1831 681 1898 haec
696 1843 790 1923 parat
814 1842 914 1920 atque
930 1828 1154 1917 administrat,
1172 1833 1212 1900 C.
1226 1835 1287 1900 Fa·

261 1949 352 2016 bium
385 1945 530 2040 legatum
555 1972 631 2016 cum
665 1945 851 2042 legionibus
876 1948 999 2036 tribus,
1024 1973 1106 2042 quas
1131 1935 1288 2021 Narbone

262 2070 452 2158 circumque
465 2091 502 2134 ea
524 2065 596 2134 loca
614 2065 897 2136 hiemandi-causa
912 2065 1134 2161 disposuerat,
1155 2071 1189 2137 in
1210 2069 1287 2138 liis·

228 2240 230 2246 .
261 2185 394 2279 panium
417 2185 606 2277 praemittit,
630 2183 845 2278 celeriterque
863 2189 1035 2279 Pyrenaeos
1061 2184 1163 2256 saltus
1187 2213 1285 2259 occu·

263 2305 332 2397 pari
340 2304 449 2398 jubet,
466 2305 524 2397 qui
537 2329 576 2372 eo
589 2318 738 2399 tempore
753 2305 793 2373 ab
806 2307 844 2374 L.
857 2304 993 2374 Afranio
1004 2304 1112 2400 legato
1129 2308 1287 2401 presidiis

202 2432 206 2440 ’
262 2424 482 2493 tenebantur:
499 2421 640 2514 reliquas
658 2421 818 2518 legiones,
833 2448 906 2517 quae
928 2421 1059 2520 longius
1077 2427 1284 2516 hiemabant,

262 2544 415 2636 subsequi
439 2542 542 2634 jubet.
571 2540 707 2632 Fabius,
734 2558 772 2611 ut
799 2557 869 2612 erat
896 2546 1113 2638 imperatum,
1140 2547 1286 2617 adhibita

262 2661 444 2744 celeritate,
459 2660 647 2755 praesidium
660 2687 700 2730 ex
712 2661 795 2732 saltu
809 2663 943 2757 dejecit,
957 2665 1149 2759 magnisque
1161 2667 1285 2734 itineri·

243 2778 322 2852 'bns
339 2782 381 2852 ad
396 2783 576 2854 exercitum
592 2781 718 2852 Afranii
738 2782 918 2853 contendit.

308 2903 497 2972 xxxvtn.
524 2899 675 2970 Adventu
701 2899 951 2990 VibulliiRufi,
970 2929 1106 2998 querna
1127 2907 1285 3000 Pompeio

261 3025 396 3092 missum
424 3020 669 3114 inHispaniam
692 3017 951 3091 demonstratum
981 3039 1049 3112 est,
1070 3027 1226 3098 Ascanius
1253 3042 1285 3097 et

261 3141 409 3211 Petreius
423 3153 456 3242 et
468 3143 593 3224 Varro,
612 3138 710 3234 legati
728 3142 876 3234 Pompeii
898 3142 1056 3234 (quorum
1078 3169 1165 3216 unus
1182 3147 1286 3218 tribus

262 3257 449 3352 legionibus
466 3259 658 3351 Hispaniam
673 3260 877 3348 citeriorem,
895 3259 977 3328 alter
1000 3259 1117 3328 asaltu
1131 3263 1284 3332 Castulo-

262 3379 355 3452 nensi
373 3376 415 3445 ad
434 3379 540 3446 Mam
562 3374 690 3446 duabus
703 3376 907 3472 legionibus,
926 3380 1040 3448 tertius
1056 3379 1098 3447 ab
1116 3384 1190 3448 Ana
1206 3383 1285 3448 Vet-

262 3513 377 3567 tonum
405 3520 521 3592 agrum
548 3497 818 3590 Lusitaniamque
849 3501 921 3591 pari
951 3522 1088 3566 numero
1116 3496 1284 3593 legionum

261 3615 470 3709 obtinebat),
497 3613 605 3684 officia
625 3617 711 3684 inter
727 3639 761 3684 se
785 3617 987 3709 partiuntur,
1010 3618 1058 3686 uti
1075 3619 1224 3687 Petreius
1242 3641 1280 3687 ex

260 3737 432 3806 Lusitania
445 3758 505 3828 per
517 3737 677 3804 Vettones
691 3757 766 3800 cum
778 3733 932 3804 omnibus
942 3735 1045 3829 copiis
1058 3736 1100 3806 ad
1109 3735 1283 3807 Alianium

262 3851 497 3946 proficiscatur,
514 3855 622 3922 Varro
639 3874 714 3918 cum
728 3851 784 3939 iis,
798 3875 880 3944 quas
896 3853 1057 3944 habebat,
1080 3854 1283 3952 legionibus,
