3062 4766
510 787 704 874 LIBER
746 785 1060 875 OCTAVUS.

263 1579 291 1644 I.
313 1519 450 1653 Oura
482 1577 591 1649 Gallia
618 1578 767 1667 devicta,
791 1583 900 1650 Caesar
924 1601 1029 1672 quum
1056 1565 1228 1672 superiore
1251 1601 1309 1676 tes·

264 1711 332 1766 tate
358 1695 490 1767 nullum
513 1697 660 1770 bellandi
688 1715 819 1793 tempus
848 1700 1094 1787 intermisisset,
1120 1694 1309 1792 militesque

264 1818 483 1889 hibernorum
497 1821 607 1914 quiete
621 1819 753 1890 reficere
769 1821 900 1889 atantis
912 1817 1082 1890 laboribus
1094 1817 1207 1904 vellet,
1221 1843 1308 1886 com·

264 1933 377 2031 plures
399 1939 517 2008 eodem
537 1955 687 2033 tempore
709 1941 858 2010 civitates
883 1964 1044 2008 renovare
1069 1937 1147 2006 belli
1171 1936 1309 2006 consilia

265 2059 522 2147 nuntiabantur,
540 2061 849 2154 conjurationesque
868 2060 984 2129 facere.
1003 2060 1109 2152 Cujus
1128 2059 1176 2126 rei
1196 2058 1308 2128 verisi-

265 2174 353 2244 milis
374 2202 472 2247 causa
491 2179 706 2267 afferebatur,
725 2179 816 2273 quod
834 2179 941 2250 Gallis
958 2178 1113 2247 omnibus
1135 2178 1307 2270 cognitum

266 2311 352 2366 esset
387 2321 495 2391 neque
518 2297 587 2368 ulla
616 2299 830 2370 multitudine
859 2301 893 2368 in
924 2323 1029 2367 unum
1058 2295 1167 2365 locum
1194 2311 1308 2365 coacta

266 2418 374 2485 resisti
397 2442 493 2512 posse
516 2422 697 2509 Romanis,
719 2445 795 2508 nec,
818 2421 843 2488 si
863 2419 990 2487 diversa
1013 2413 1099 2485 bella
1118 2413 1307 2509 complures

266 2535 382 2605 eodem
408 2552 557 2634 tempore
576 2541 714 2609 inissent
732 2539 897 2626 civitates,
917 2539 994 2606 satis
1020 2533 1133 2603 auxilii
1155 2550 1215 2603 aut
1231 2559 1306 2628 spa·

267 2657 304 2724 tii
327 2673 385 2728 aut
405 2659 577 2752 copiarum
602 2659 794 2728 habiturum
819 2658 1001 2727 exercitum
1023 2653 1138 2750 populi
1180 2655 1306 2722 romani

265 2778 440 2848 adomnia
465 2780 714 2874 persequenda,
739 2804 807 2848 non
832 2802 901 2847 esse
924 2793 1036 2846 autem
1057 2774 1156 2844 alicui
1180 2773 1306 2842 civitati

266 2914 388 2968 sortem
419 2900 621 2969 incommodi
650 2899 887 2986 recusandam,
912 2899 939 2967 si
966 2896 1025 2966 tali
1053 2921 1147 2966 mora
1171 2893 1305 2986 reliquae

257 3034 401 3110 ¹possent
419 3044 453 3087 se
472 3020 640 3090 vindicare
658 3021 694 3087 in
712 3018 909 3088 libertatem.

313 3137 355 3205 ΙΙ.
381 3141 467 3228 Quae
494 3165 536 3208 ne
561 3141 674 3234 opinio
695 3137 871 3210 Gallorum
900 3137 1170 3224 confirmaretur,
1197 3139 1306 3205 Caesar

266 3259 313 3325 M.
341 3259 528 3326 Antonium
557 3273 754 3353 quaestorem
780 3259 846 3326 suis
875 3233 1020 3350 praefecit
1043 3256 1210 3340 hibernis;
1236 3255 1306 3348 ipsc

266 3401 342 3445 eum
359 3379 525 3471 equitatus
542 3377 694 3472 praesidio
718 3377 825 3471 pridie
843 3375 906 3446 kal.
927 3377 1095 3470 januarias
1116 3376 1157 3442 ab
1179 3374 1305 3467 oppido

238 3509 240 3516 “
266 3500 418 3569 bibracte
435 3499 655 3594 proficiscitur
670 3498 712 3568 ad
727 3497 890 3592 legionem
907 3521 987 3584 xru,
1006 3520 1105 3589 quam
1124 3521 1190 3562 non
1207 3493 1305 3587 longe

266 3643 285 3688 a
310 3619 431 3690 finibus
455 3617 638 3689 AEduorum
658 3616 878 3688 collocaverat
896 3619 930 3685 in
951 3617 1074 3686 finibus
1096 3616 1304 3709 Biturigum,

266 3741 362 3833 eique
379 3739 532 3834 adjungit
551 3736 716 3834 legionem
735 3761 788 3826 x1,
809 3763 882 3831 quae
905 3737 1057 3830 proxima
1076 3722 1192 3804 fuerat.
1214 3735 1305 3802 Binis

266 3859 458 3927 cohortibus
485 3859 528 3928 ad
553 3858 787 3954 impedimenta
817 3857 939 3926 tuenda
970 3853 1114 3941 relictis,
1141 3853 1305 3948 reliquum

267 3980 446 4048 exereitum
460 3980 494 4049 in
509 3980 752 4074 copiosissimos
766 4003 861 4072 agros
875 3978 1061 4072 Biturigum
1076 3974 1217 4062 inducit,
1234 3975 1307 4067 qni,
