3042 4772
281 389 334 464 ilo
432 399 462 454 C.
482 399 578 454 JULII
598 399 762 454 CAESARIS
784 398 1148 455 consummatorum

278 549 335 591 nes
350 538 408 591 aut
424 523 464 591 de
482 524 663 593 honoribus
679 524 766 610 suis,
783 537 840 592 aut
857 523 898 591 de
913 525 1055 617 praemiis
1072 527 1234 618 pecuuiae,
1248 545 1307 598 aut

277 641 319 710 da
342 643 575 736 persequendis
597 625 776 710 inimicitiis
794 641 954 736 agebant3
973 667 1050 730 nec,
1066 643 1307 736 quibus'ratio·

278 762 374 832 uibus
388 786 542 856 superare
564 776 716 854 possent,
739 760 816 847 sed,
832 760 1180 855 quemadmodum'uti
1203 767 1305 835 victo-

276 881 324 948 ria
341 879 517 965 deberent,
534 879 731 973 cogitabant.

324 1003 508 1070 LXXXIV.
527 1003 576 1070 Re
596 999 811 1069 frumentaria
833 1017 1015 1097 praeparata
1035 1004 1299 1098 confirmatisque

276 1117 458 1205 militibus,
478 1133 510 1187 et
532 1121 608 1188 satis
629 1117 729 1213 longo
752 1098 856 1214 spatio
880 1123 1035 1215 temporis
1056 1147 1075 1193 a
1098 1124 1300 1216 dyrracliinis

276 1237 397 1332 proeliis
408 1239 610 1322 intermisso,
619 1238 708 1330 quod
719 1241 797 1308 sutis
808 1254 1011 1333 perspectum
1025 1242 1146 1311 habere
1162 1242 1300 1313 militum

276 1357 423 1428 animum
440 1357 616 1443 videretur,
634 1357 826 1426 tentandum
842 1361 952 1456 Caesar
972 1361 1184 1448 existimavit,
1206 1363 1301 1456 quid·

275 1502 352 1546 nam
371 1479 547 1571 Pompeius
569 1478 730 1572 propositi
749 1493 807 1546 aut
823 1475 1002 1546 voluntatis
1021 1478 1061 1547 ad
1083 1479 1302 1552 dimicandum

274 1597 421 1668 liaberet.
435 1601 550 1691 Itaque
562 1621 602 1666 ex
614 1598 729 1667 castris
744 1598 921 1666 exercitum
932 1597 1061 1686 eduxit,
1077 1599 1244 1692 aciemque
1257 1603 1303 1670 in·

274 1719 412 1804 struxit,
430 1719 573 1812 primum
600 1718 666 1786 suis
687 1714 789 1804 locis,
809 1716 973 1811 pauloque
990 1742 1010 1785 a
1027 1721 1139 1788 castris
1155 1723 1301 1814 Pompeii

275 1836 422 1933 longius3
441 1839 685 1908 continentibus
709 1861 786 1906 vero
803 1837 936 1922 diebus,
955 1852 992 1908 ut
1015 1837 1265 1931 progrederetur
1282 1867 1302 1908 a

276 1959 389 2026 castris
416 1961 503 2044 suis,
527 1956 730 2048 collibusque
752 1959 957 2050 Pompeianis
983 1958 1086 2028 aciem
1116 1960 1299 2051 subjiceret.

275 2075 359 2162 Quae
372 2099 421 2143 res
434 2077 467 2143 in
481 2075 549 2143 dies
562 2074 838 2144 confirmatiorem
852 2075 923 2168 ejus
935 2077 1112 2146 exercitum
1128 2079 1299 2148 efficiebat.

274 2196 430 2286 Superius
454 2208 563 2263 umen
586 2195 772 2263 institutum
797 2197 830 2262 iu
855 2196 1037 2288 equitibus5
1052 2196 1141 2289 quod
1164 2198 1299 2267 demon·

275 2315 462 2397 stravimus,
473 2314 637 2400 servabat,
648 2327 700 2399 ut,
711 2315 865 2410 quoniam
879 2339 1017 2383 numero
1028 2314 1138 2384 multis
1151 2318 1301 2410 partibus
1340 2352 1345 2370 ·

276 2449 358 2528 esset
374 2433 520 2520 inferior,
537 2431 757 2502 adolescentes
774 2449 872 2526 atque
886 2433 1053 2528 expeditos
1067 2459 1104 2502 ex
1117 2437 1301 2530 antesigna-

275 2554 325 2622 nis
340 2550 460 2622 electos
480 2553 600 2622 milites
618 2553 660 2621 ad
676 2555 925 2648 pernicitatem,
945 2557 1043 2623 armis
1065 2539 1150 2622 inter
1174 2557 1299 2647 equites

274 2673 416 2768 proeliari
425 2675 574 2767 juberet,
587 2675 643 2766 qui
654 2674 845 2767 quotidiana
858 2676 1097 2743 consuetudine
1111 2699 1206 2744 usum
1220 2701 1300 2768 quo·

275 2819 339 2888 que
362 2795 432 2898 ejus
452 2795 578 2888 generis
595 2791 785 2887 proeliorum
803 2796 1018 2888 perciperent.
1040 2797 1099 2864 llis
1118 2810 1190 2864 erat
1206 2797 1301 2866 rebus

181 2959 187 2966 -
275 2914 445 2999 ellectum,
462 2929 500 2982 ut
517 2915 665 3006 equitum
688 2912 777 2981 mille
796 2915 1012 3006 apertioribus
1033 2917 1132 2983 etiam
1155 2914 1233 2984 locis
1250 2939 1300 2984 vu

274 3031 414 3105 millium
436 3035 708 3127 Pompeianorum
732 3034 907 3127 impetum,
931 3059 1032 3127 quum
1055 3035 1183 3104 adesset
1207 3060 1302 3120 usus,

274 3154 433 3224 sustinere
462 3150 642 3238 auderent,
667 3175 775 3244 noque
793 3177 993 3246 magnopere
1016 3177 1131 3224 eorum
1156 3155 1304 3225 multitu-

275 3273 353 3340 dine
372 3286 582 3340 terrerentur.
607 3274 761 3364 Namque
782 3275 879 3340 etiam
903 3297 962 3365 per
982 3297 1036 3341 eos
1059 3273 1128 3342 dies
1151 3276 1301 3367 proelium

276 3389 455 3460 secundum
481 3405 632 3483 equestre
654 3391 749 3476 fecit,
770 3405 869 3483 atque
892 3393 1008 3485 AEgum
1035 3391 1244 3486 Allobrogem
1263 3419 1304 3460 ex

276 3511 419 3599 duobus,
436 3535 519 3603 quos
532 3511 712 3606 perfugisse
728 3511 768 3582 ad
783 3511 974 3604 Pompeium
997 3535 1095 3603 supra
1115 3511 1303 3598 docuimus,

275 3625 350 3700 cum
365 3629 561 3723 quibusdam
581 3629 753 3700 interiecit.

215 3795 221 3807 ·
324 3753 491 3826 LXXXV.
521 3749 715 3844 Pompeius,
740 3750 816 3842 quia
842 3762 946 3818 castra
971 3753 1004 3817 in
1033 3749 1117 3818 collc
1144 3751 1306 3838 habebat,

277 3871 317 3940 ad
337 3871 466 3940 infimas
482 3870 607 3940 radices
626 3870 746 3938 montis
766 3870 868 3937 aciem
886 3871 1092 3954 instruebat;
1110 3897 1251 3967 semper,
1271 3887 1309 3942 ut

276 3991 460 4080 videbatur,
478 4007 647 4086 spectans,
662 3990 688 4059 si
704 3991 825 4084 iniquis
839 3988 923 4060 locis
940 3995 1049 4062 Caesar
1068 4017 1101 4062 sc
1120 3994 1306 4088 subjiceret.
