3014 4780
522 401 571 456 DE
591 400 711 454 RELLO
731 398 977 456 HISPANIENSI.
1202 401 1256 470 317

272 521 335 574 Car.
352 518 491 573 LXXXV.
508 517 653 571 Neminem
666 533 727 570 esse
745 515 786 569 abi
794 514 942 589 proesidtir.
958 513 1101 587 Siquidem
1116 515 1259 585 Afranius,
1287 483 1310 546 ’θ-

234 610 344 684 Scipio,
357 609 496 683 ceterique
515 609 599 664 duces
618 607 794 681 aufugerint,
812 618 843 662 ut
860 618 937 680 patet
954 627 970 663 e
985 625 1045 680 unp.
1060 627 1095 680 91
1113 619 1140 662 et
1154 609 1201 682 96.

272 704 335 759 car.
350 703 509 758 LXXXVI.
527 701 624 756 Coesar
637 701 716 756 traieci
734 701 834 755 castris
845 702 959 773 potc'tua
979 703 1075 756 Castra
1094 700 1163 756 dicit
1178 703 1258 757 atra-

234 792 290 862 nii,
308 793 399 862 Juboe,
413 792 561 866 Scipionis.
942 803 948 813 “

273 887 336 942 en».
359 886 526 940 LXXXVII.
548 887 669 958 Propter
686 884 846 957 beneficium
870 885 941 958 legia
965 885 1059 940 Inlita.
1080 886 1141 954 Qua
1160 887 1259 960 populi

235 976 317 1032 liberi
339 978 423 1050 plane
451 986 479 1031 at
498 994 564 1032 vere
586 987 665 1032 erant
689 976 785 1044 liberi,
805 986 874 1031 teate
891 976 955 1050 ipso
973 975 1082 1045 Tullio,
1099 978 1128 1031 in
1145 978 1240 1033 Prion.
1248 1019 1257 1045 ,

234 1087 293 1143 cap.
315 1070 359 1124 16.

274 1163 338 1218 ca».
354 1163 538 1219 LXXXVIII.
559 1163 621 1218 Una
639 1183 700 1218 cum
718 1181 769 1218 ccc
797 1162 878 1218 Civea
894 1161 1020 1235 intellige
1041 1178 1190 1234 romanos,
1211 1163 1259 1235 qui

235 1265 416 1310 mercaturam
434 1255 463 1310 in
481 1255 575 1310 Africa
594 1255 745 1328 gerebant,
756 1265 784 1310 et
802 1272 922 1328 quorum
943 1271 1028 1327 opera
1043 1255 1112 1309 Cato
1122 1253 1258 1310 utebatur.

235 1347 277 1400 De
294 1345 395 1418 quibua
404 1346 492 1415 infra,
505 1364 565 1418 cap.
580 1364 627 1420 9⁰·
644 1347 685 1403 Cf.
700 1347 785 1402 etin'ru
797 1349 974 1414 Piranum,
994 1346 1071 1413 Cat,
1088 1345 1124 1421 59
1138 1357 1166 1402 et
1179 1347 1224 1402 61.

272 1439 304 1492 1.
321 1438 435 1494 Coesurr'.
449 1441 479 1497 Ia
499 1439 576 1494 Julio
594 1440 709 1508 Curari,
726 1449 820 1513 partes
832 1438 1014 1512 Pompeianae
1028 1440 1166 1512 amplexo.
1186 1437 1260 1495 Vide

235 1531 307 1585 Beli
325 1530 395 1598 Cin,
407 1532 455 1587 lib.
471 1550 497 1600 1,
514 1549 574 1604 cap.
595 1531 621 1586 8.
671 1603 675 1608 Ι

275 1622 338 1676 Car.
360 1623 518 1679 LXXXIX.
534 1624 567 1693 Q.
584 1624 709 1697 Ligurio.
727 1625 818 1693 Quem
834 1622 932 1679 Cicero
950 1622 1054 1696 insigni
1073 1623 1259 1679 oratiouede-
1337 1693 1342 1706 ι

237 1711 340 1780 tendit,
352 1713 434 1784 hnjna
455 1713 560 1786 Ligarii
579 1715 711 1783 fratrent,
729 1715 838 1789 dequo
858 1731 957 1789 supra,
973 1732 1033 1787 cap.
1049 1712 1094 1781 54.

275 1803 339 1859 car.
355 1803 457 1859 XCIII.
478 1805 655 1880 Donu'tir'que.
673 1807 716 1861 De
741 1824 797 1878 quo
812 1805 878 1862 vide
900 1824 998 1879 supra,
1015 1823 1074 1878 cap.
1099 1803 1260 1861 tto-Co-

231 1895 346 1968 piasob
365 1895 435 1950 Sin'o
451 1915 513 1952 esse
533 1898 652 1952 deletas.
665 1899 705 1953 Ut
720 1915 804 1972 aupra
823 1898 958 1966 vidimus,
977 1915 1037 1971 cap.
1053 1895 1108 1966 36,
1127 1895 1172 1963 48.

275 1987 339 2042 car.
353 1987 441 2043 XCV.
455 1989 560 2044 Incidit
573 1989 601 2043 in
614 1991 756 2060 Faustum.
771 1992 804 2045 L.
819 1990 982 2046 Cornelium
998 1989 1104 2045 Sullam
1114 1989 1261 2059 Faustum,

236 2078 342 2152 dequo
360 2079 468 2134 mentio
486 2080 550 2150 fnit,
570 2083 643 2136 Bell.
663 2081 738 2150 Cin,
757 2082 807 2138 lib.
822 2102 847 2152 1,
869 2101 929 2156 cap.
945 2100 972 2156 9.
986 2083 1080 2138 Gener
1098 2091 1190 2138 autem
1203 2093 1261 2137 erat
1303 2129 1307 2139 .

236 2169 363 2244 Pompeii
377 2172 489 2244 Magni,
507 2169 635 2246 filiusque
652 2173 734 2230 Salia
752 2173 905 2231 dictatoria.

274 2262 338 2317 Car.
355 2263 454 2320 XCVI.
474 2265 565 2334 Quum
583 2265 756 2339 Hispaniam
773 2278 908 2340 peterent.
926 2267 1006 2321 Tunc
1029 2264 1104 2321 enim
1125 2267 1261 2340 temporis

236 2355 266 2407 iu
289 2353 423 2428 Hispania
448 2357 574 2430 Pompeii
595 2354 669 2413 filius
686 2367 758 2428 erat,
784 2358 832 2431 qui
855 2357 951 2431 copias
975 2357 1108 2413 adversus
1128 2357 1260 2413 &aurern

236 2446 387 2520 colligeret.

275 2541 339 2597 Car.
355 2541 481 2598 XCVIII.
495 2543 545 2597 Ad
560 2542 653 2596 urbem
673 2540 790 2593 Romam
815 2539 901 2594 venit.
920 2538 1052 2612 Quinque
1070 2557 1179 2596 menses
1196 2540 1259 2595 bel-

236 2633 293 2687 lum
314 2633 462 2689 duraverat
481 2632 653 2687 Africanum.
672 2631 778 2697 Caeaar,
793 2631 912 2686 Romam
926 2649 1066 2699 reversus,
1084 2642 1202 2704 quatuor
1219 2631 1260 2686 ibi

235 2722 392 2794 triumphos
408 2723 482 2794 egit,
502 2722 538 2777 de
562 2722 665 2789 Gallia,
683 2721 842 2789 Pharnace,
868 2723 1006 2795 AEgypto,
1031 2722 1158 2796 Juhaque
1185 2741 1259 2796 rege.

238 2813 308 2868 Huic
321 2823 413 2869 autern
432 2831 507 2868 anno
526 2812 711 2868 adscribenda
727 2823 784 2884 est,
802 2831 884 2886 quam
898 2797 985 2883 iecit,
998 2813 1160 2868 calendarii
1167 2814 1259 2869 refor-

236 2906 330 2962 matio.
349 2907 410 2975 Qua
430 2905 543 2980 quidem
557 2916 584 2962 et
598 2905 659 2960 aliia
671 2905 702 2960 in
719 2905 962 2961 administratione
975 2904 1108 2960 coniectis
1125 2905 1260 2960 mutatio-

238 2997 336 3068 nibus,
354 2998 427 3070 ipae,
445 3015 521 3053 nnnc
538 2997 678 3072 sequenti,
699 2997 728 3052 iu
745 2995 910 3070 Hispaniam
925 2993 1125 3071 proficiscitur,
1136 2996 1261 3071 Pompeii

236 3087 309 3146 filioa
327 3089 522 3146 debellaturus.

276 3453 325 3523 IN
345 3452 678 3522 ΟΟΜΜΕΝΤΑΒΙΑ
698 3454 757 3521 DE
773 3453 918 3520 BELLO
935 3449 1217 3518 HISPANIENSI.

274 3705 316 3760 De
336 3702 418 3776 hujua
445 3704 512 3761 libri
539 3714 651 3760 auctore
673 3702 769 3757 videas
792 3720 853 3774 quae
872 3700 1025 3757 dixerimus
1051 3699 1080 3754 in
1106 3708 1200 3754 noatra
1226 3697 1261 3754 de

238 3795 320 3851 Bello
338 3796 474 3868 Asn'cano
495 3796 686 3852 adnotatione.
704 3796 801 3864 Quum
817 3812 886 3850 vero
901 3795 996 3867 plures
1013 3793 1042 3847 in
1057 3792 1144 3846 hocce
1162 3791 1262 3846 ultimo

237 3886 312 3941 libro
329 3887 434 3942 lacuna
452 3905 510 3942 ease
526 3887 688 3957 videantur,
705 3887 871 3960 aeriptores,
889 3903 960 3959 quoa
977 3903 1011 3940 eo
1025 3883 1150 3939 debello
1163 3882 1261 3938 conie-

237 3993 298 4045 ras‚
314 3977 418 4034 noatria
432 3977 617 4034 indicabimus
637 3979 751 4034 notniia.
