3068 4772
490 383 541 438 DE
561 382 681 438 BELLO
701 383 989 442 ammomum
1202 385 1253 442 163

224 508 426 594 acutissimi,
452 529 561 600 quaa
582 505 676 577 nobis
695 505 763 576 lieri
791 505 960 588 viderant,
977 531 1015 576 ea
1038 504 1169 578 solertia
1187 507 1255 576 effi-

224 630 375 712 ciebant,
395 639 433 695 ut
452 626 557 695 nostri
579 623 711 696 illorum
732 649 831 720 opera
852 626 974 696 imitari
995 623 1202 714 viderentur,
1221 641 1255 695 et

223 771 282 816 sua
308 757 427 838 sponte
447 742 551 812 multa
569 744 797 837 reperiebant,
815 768 948 838 unoque
972 758 1118 840 tempore
1144 758 1177 813 et
1193 770 1254 813 no·

222 877 305 932 stms
318 861 520 930 munitiones
536 860 747 947 infestabant,
760 876 794 930 et
810 885 885 931 suas
895 861 1114 932 defendebant
1133 889 1140 932 ε
1156 878 1255 956 atquc

222 983 291 1050 hnc
319 980 485 1074 principes
515 980 550 1048 in
577 979 725 1049 conciliis
753 981 1032 1076 concionibusquc
1064 982 1253 1078 agitabant,

223 1095 412 1192 «populum
430 1121 604 1168 romanum
617 1096 776 1193 paulatim
794 1101 827 1166 in
839 1099 1110 1172 consuetudinem
1122 1102 1192 1194 ejus
1204 1127 1254 1172 re·

222 1217 278 1311 gni
291 1215 473 1310 occupandi
487 1217 599 1284 venire
614 1241 622 1284 ε
637 1217 749 1310 paucis
761 1218 855 1286 annis
871 1232 967 1290 nntea
983 1218 1162 1288 Gabinium
1179 1242 1252 1287 cum

222 1336 367 1404 exercitu
390 1335 488 1404 fuisse
501 1335 535 1405 in
550 1337 709 1430 AEgypto;
723 1338 916 1427 Pompeium
937 1359 972 1406 se
989 1361 1030 1406 ex
1049 1336 1125 1432 fuga
1139 1337 1253 1406 eodem

223 1455 403 1548 recepisse;
429 1457 591 1524 Caesarem
616 1455 744 1523 venisse
768 1478 843 1522 cum
865 1455 988 1549 copiis;
1013 1480 1121 1550 neque
1148 1471 1254 1526 morte

221 1572 369 1667 Pompeii
390 1571 571 1667 quidquam
591 1571 798 1666 profectum,
820 1597 886 1665 quo
908 1575 1144 1660 minus'Caesar
1163 1574 1253 1668 apud

222 1714 256 1760 se
273 1705 537 1760 commoraretur
553 1717 561 1758 ε
575 1714 671 1783 quem
690 1692 716 1758 si
735 1715 802 1760 non
819 1690 1037 1784 expulissent,
1056 1692 1202 1760 futuram
1214 1715 1252 1760 ex

221 1833 325 1904 regno
353 1809 558 1903 provinciam
582 1833 591 1876 ε
618 1808 716 1902 idque
740 1809 902 1903 agendum
927 1825 1087 1878 mature:
1112 1833 1253 1904 namque

222 1951 317 2015 eum,
345 1924 560 1996 interclusum
581 1929 830 2022 tempestatibus
850 1943 985 2024 propter
1004 1930 1081 1996 anni
1107 1943 1251 2023 tempus,

222 2047 366 2140 recipere
385 2045 604 2115 transmarina
622 2045 743 2114 auxilia
760 2070 826 2115 non
846 2071 977 2142 posse.»

270 2169 330 2234 IV.
349 2163 487 2236 Interim
504 2165 704 2236 dissensione
720 2183 791 2236 orta
808 2169 894 2236 inter
903 2165 1082 2254 Achillam,
1098 2171 1154 2262 qui
1170 2183 1253 2238 vate·

222 2309 305 2354 rano
322 2285 480 2354 exercitui
500 2299 655 2380 preerat,
671 2299 703 2354 et
717 2288 894 2368 Arsinoen,
914 2288 1000 2380 regis
1013 2285 1177 2356 Ptolemaei
1194 2289 1253 2356 mi·

222 2427 336 2472 norem
350 2402 468 2492 liliam,
483 2416 630 2498 utsupra
646 2404 907 2474 demonstratum
919 2421 983 2490 cst,
997 2430 1098 2498 quum
1114 2421 1253 2499 uterque

222 2523 356 2617 utrique
380 2523 604 2608 insidiaretur,
624 2538 658 2590 ct
679 2547 839 2592 summam
866 2524 993 2617 imperii
1012 2525 1081 2618 ipse
1104 2525 1253 2593 obtinere

224 2640 341 2730 vellet,
356 2655 566 2736 praeoccupat
585 2642 723 2710 Arsinoe
740 2665 799 2732 per
812 2640 1035 2733 Ganymedem
1050 2643 1252 2730 eunuchum,

148 2801 151 2807 ·
223 2761 402 2829 nutricium
420 2783 539 2844 suum,
558 2773 657 2852 atquc
676 2757 839 2856 Achillam
855 2759 1019 2827 interficit.
1037 2761 1109 2830 Hoc
1128 2763 1251 2848 occiso,

223 2881 292 2975 ipsa
312 2881 382 2948 sine
404 2876 473 2946 ullo
497 2878 586 2946 socio
608 2892 641 2946 et
665 2876 801 2946 custode
818 2901 915 2946 omne
935 2878 1106 2972 imperium
1126 2879 1253 2949 obtine·
1280 2937 1283 2944 .

224 2997 278 3064 bat
289 3021 299 3082 ς
312 2997 474 3064 exercitus
486 2994 674 3088 Ganymedi
691 2995 890 3065 transditur:
905 2998 951 3082 is,
963 3011 1115 3090 suscepto
1126 2996 1252 3085 officio,

223 3112 432 3208 largitionem
448 3114 483 3182 in
504 3110 624 3182 milites
643 3129 759 3208 auget,
780 3112 906 3208 reliqua
918 3116 990 3209 pari
1007 3113 1176 3209 diligentia
1195 3117 1252 3186 ad·

221 3233 396 3302 ministrat.

270 3356 312 3422 V.
329 3350 528 3422 Alexandria
545 3367 593 3420 est
612 3351 679 3421 lere
694 3365 765 3422 tota
781 3351 940 3441 aulicam,
959 3377 1139 3448 specusque
1155 3354 1252 3424 habet

222 3469 264 3540 ad
281 3468 394 3542 Nilum
420 3471 639 3566 pertinentes,
663 3470 783 3565 quibus
808 3494 893 3565 aqna
912 3473 947 3539 in
968 3475 1112 3568 privatas
1136 3473 1252 3542 domos

222 3589 402 3678 inducitur,
430 3615 502 3684 quse
527 3589 685 3686 paulatim
715 3591 822 3682 spatio
850 3591 1007 3681 temporis
1036 3588 1186 3684 liquescit
1214 3615 1252 3660 ac

222 3708 372 3778 subsidit
394 3711 465 3778 Hac
486 3710 533 3778 uti
557 3708 683 3778 domini
700 3707 914 3778 edificiorum
939 3721 1038 3802 atque
1065 3732 1179 3778 eorum
1203 3709 1251 3776 t'a·

222 3824 320 3894 miliae
333 3843 574 3912 consueverunt
588 3852 596 3896 t
610 3851 685 3898 nam
705 3853 778 3922 quae
790 3827 925 3896 flumine
943 3824 1021 3896 Nilo
1041 3825 1155 3914 fertur,
1170 3825 1252 3895 adeo

224 3957 275 4012 est
294 3942 408 4014 limosa
431 3961 530 4040 atquc
551 3946 701 4032 turbida,
725 3963 760 4018 ut
783 3946 904 4016 multos
927 3947 1101 4040 ramosque
1120 3946 1251 4014 morbos

1054 4089 1066 4134 1
1078 4089 1106 4133 1.
