3060 4768
296 405 352 465 sae
471 407 501 462 C
519 407 618 464 sunu
637 405 800 464 CAESARIS
822 407 1021 465 domur.
1043 409 1155 468 LIBER

294 533 394 602 stium
414 529 508 600 nullo
527 533 659 626 negotio
686 531 759 602 looo
784 532 895 628 pulsa,
912 547 944 602 et
962 532 1087 627 dejecta
1111 547 1160 604 eat
1177 534 1220 603 de
1236 533 1330 606 nolle.

296 652 411 741 Quum
427 652 497 744 jam
520 655 631 722 Ceasar
649 655 864 724 existimasset
876 654 986 723 hostes
1007 652 1120 747 pulsos
1140 652 1331 724 deterritor-

295 796 360 867 que
382 770 480 841 finem
503 770 683 844 lacessendi
705 773 870 859 facturos,
889 787 922 842 et
942 774 1005 842 iter
1029 785 1173 867 coeptnm
1195 797 1333 869 pergem

294 894 459 986 coepisset,
471 893 588 962 iterum
602 892 751 962 celeriter
762 917 803 961 ex
812 894 971 986 proximis
985 891 1125 964 collibus
1133 907 1332 986 erumpunt,

295 1027 394 1107 atque
410 1012 525 1082 eadem
553 1013 698 1098 ratione,
718 1035 784 1106 qua
813 1027 889 1082 ante
905 1010 993 1099 dixi,
1013 1012 1048 1081 iu
1074 1012 1211 1082 Caesaris
1229 1010 1333 1108 legio·

294 1136 405 1202 uarios
415 1135 577 1228 impeturn
588 1133 714 1202 faciunt
726 1131 879 1205 Numida
896 1129 1042 1226 levisque
1055 1145 1247 1218 moraturae,
1264 1134 1331 1200 mi·

294 1251 392 1322 rabili
417 1251 590 1322 velocitate
610 1251 755 1347 prediti,
777 1253 835 1346 qui
864 1253 953 1322 inter
971 1253 1097 1346 equites
1120 1251 1332 1346 pugnabant,

293 1387 328 1442 et
344 1397 410 1441 una
430 1375 619 1466 pariterque
639 1397 714 1444 cnm
739 1372 903 1467 equitibus
928 1396 1102 1442 accurrere
1126 1386 1160 1442 et
1179 1370 1332 1468 refugere

294 1507 544 1562 consueverant.
564 1493 679 1580 Quum
701 1493 766 1562 hoc
794 1493 910 1588 saepius
927 1489 1073 1562 fecerent
1086 1507 1152 1581 ,et
1180 1489 1331 1562 Iulianos

222 1689 224 1694 ,
295 1612 538 1707 proficiscentes
556 1614 819 1707 insequerentur,
838 1625 871 1682 et
889 1611 1096 1707 refugerent,
1115 1625 1238 1681 stantes
1253 1635 1332 1706 pro·

292 1735 368 1829 pius
381 1757 450 1802 non
467 1731 675 1820 accederent,
694 1747 729 1805 et
746 1731 905 1828 singulari
924 1755 1044 1828 genere
1064 1755 1183 1826 pugna
1195 1746 1331 1802 uteren-

295 1869 362 1940 tur,
379 1877 501 1948 ensque
515 1851 634 1947 jaculis
652 1850 888 1922 convulnerare
906 1853 983 1922 sads
998 1876 1068 1922 esse
1086 1853 1328 1940 existimarent,

294 1977 403 2046 Caesar
420 1971 592 2058 intellexit,
613 1970 696 2041 nihil
716 1969 806 2045 aliud
825 1971 898 2042 illos
915 1973 1047 2059 conari,
1071 1972 1132 2042 nisi
1152 1986 1191 2040 ut
1210 1995 1244 2042 se
1270 1995 1327 2042 co·

162 2121 166 2130 ·
293 2107 425 2188 gerent,
441 2107 547 2163 eastra
563 2094 599 2161 in
619 2117 659 2162 eo
680 2091 753 2164 loco
772 2117 910 2186 ponere,
930 2093 987 2177 ubi
1006 2092 1142 2161 omnino
1163 2115 1257 2186 aquae
1274 2093 1328 2160 ui·

167 2221 170 2233 '
292 2211 340 2282 hil
356 2227 456 2302 esset3
475 2227 511 2281 ut
529 2214 694 2284 exercitus
712 2212 784 2305 ejus
798 2213 947 2306 jejunus,
967 2213 1024 2305 qni
1043 2235 1063 2281 a
1080 2226 1198 2306 quarta
1216 2209 1330 2306 vigilia

293 2355 398 2426 usque
415 2331 458 2402 ad
475 2333 592 2402 horam
611 2357 634 2402 x
653 2331 718 2402 diei
737 2330 821 2405 nihil
844 2347 1019 2427 gustasset,
1048 2357 1088 2402 ac
1102 2333 1252 2426 jumenta
1274 2331 1330 2401 siti

292 2455 448 2548 perirent
1045 2471 1047 2478 ·

340 2577 443 2644 LXX.
459 2575 574 2664 Quum
592 2575 660 2668 jam
679 2574 721 2646 ad
739 2573 817 2644 solis
835 2599 989 2644 occasum
1016 2590 1118 2660 emet,
1135 2589 1169 2643 et
1186 2599 1256 2646 non
1280 2589 1330 2646 to-

291 2709 343 2765 tot
363 2709 496 2764 centum
520 2719 634 2789 passm
663 2697 698 2764 in
730 2694 847 2764 horam
876 2709 959 2764 esset
994 2719 1206 2790 progressus,
1235 2697 1328 2790 equi·

291 2829 362 2884 tatu
378 2839 439 2884 sno
455 2829 592 2910 propter
611 2832 772 2910 equorum
789 2817 959 2884 interitum
976 2829 1124 2885 extremo
1135 2817 1266 2909 agmine
1279 2839 1330 2884 re·

290 2949 405 3024 moto,
425 2931 571 3030 legiones
590 2936 730 3004 invicem
746 2934 789 3005 ad
807 2949 988 3004 extremum
1017 2959 1134 3032 agmen
1160 2935 1326 3005 evocabat.

238 3101 241 3107 ι
289 3057 341 3124 Ita
361 3056 429 3124 vim
448 3054 610 3143 hostium,
629 3053 759 3148 placide
777 3053 958 3149 leniterque
978 3054 1179 3149 procedens,
1203 3079 1262 3149 per
1280 3053 1330 3123 le-

288 3175 478 3269 gionarium
494 3170 633 3244 militem
650 3174 855 3245 commodius
872 3175 1062 3245 sustinebat.
1078 3177 1216 3245 Interim
1235 3173 1328 3270 equi·

291 3308 363 3364 tum
376 3291 597 3364 Numidarum
609 3295 712 3388 copiae
721 3292 836 3364 dextra
849 3295 1046 3388 sinistraque
1061 3319 1121 3391 per
1135 3295 1234 3366 colles
1248 3319 1331 3389 pras-

290 3409 440 3499 currera,
457 3436 654 3507 coronaque
671 3414 706 3484 in
724 3414 860 3486 modum
878 3415 1011 3510 cingere
1038 3413 1249 3486 multitudine
1267 3439 1330 3485 sua

290 3536 428 3606 Caseris
448 3538 573 3630 copias;
593 3559 670 3631 pars
689 3560 805 3632 agmen
821 3549 1005 3606 extremum
1025 3535 1165 3630 insequi.
1189 3537 1330 3607 Casaris

288 3670 484 3726 autemnon
504 3653 646 3751 amplius
663 3669 730 3725 tres
745 3670 806 3726 aut
825 3669 968 3749 quatuor
988 3653 1109 3726 milites
1134 3658 1280 3726 veterani
1301 3659 1330 3725 si

288 3799 323 3846 se
342 3776 599 3861 convertissent,
619 3789 652 3845 et
679 3774 746 3870 pila
767 3775 893 3845 viribus
922 3789 1076 3847 contorta
1103 3778 1138 3846 iu
1164 3774 1331 3849 'Numidas

289 3893 426 3964 infestos
444 3895 678 3989 conjecissent,
709 3893 849 3988 amplius
881 3919 909 3966 11
943 3895 1083 3972 millium
1113 3919 1254 3968 numero
1286 3896 1331 3965 ad

290 4037 393 4088 unum
406 4025 501 4110 terga
520 4015 710 4102 vertebant,
728 4039 767 4085 ac
784 4041 899 4087 rursus
914 4017 958 4088 ad
975 4019 1077 4088 aciem
1095 4019 1235 4112 passim,
1254 4041 1333 4088 con·
