3026 4768
264 361 319 400 rao
430 344 461 402 C.
483 345 580 400 suut
601 345 766 402 CAESARIS
783 343 1143 402 conmmu'rtmouuu

262 467 345 555 lent,
355 493 416 538 nec
428 469 545 538 virtuti
554 467 648 539 locus
662 469 929 564 relinquebatur,
944 493 1053 562 neque
1062 469 1104 537 ab
1117 481 1210 535 tauta
1219 454 1302 533 mul-

263 587 408 656 titudine
422 589 574 681 conjecta
587 587 653 658 tela
664 588 805 658 conferti
814 589 919 658 vitare
934 601 1099 682 poterant.
1113 589 1239 654 Tamen
1254 597 1306 651 tot

263 707 480 776 incommodis
496 707 693 794 conflictati,
703 706 816 778 multis
824 706 1019 776 vulneribus
1035 699 1193 798 acceptis,
1210 704 1307 771 rcsis·

263 827 391 913 tebant,
403 841 435 894 et
445 851 566 922 magna
575 843 671 921 parte
680 826 746 896 diei
754 841 969 920 consumpta,
979 849 1108 918 quuma
1119 821 1308 918 primalucc

262 943 305 1014 ad
317 945 434 1015 boram
451 961 602 1016 octavam
617 963 837 1042 pugnaretur,
851 946 934 1016 nihil
941 997 949 1033 ,
962 945 1054 1040 quod
1069 945 1147 1039 ipsis
1157 944 1309 1012 essetin·

264 1066 424 1161 dignum,
437 1068 702 1138 committebant.
718 1071 805 1137 Tum
818 1071 855 1138 T.
866 1065 1054 1151 Balventio,
1068 1065 1127 1158 qui
1137 1064 1310 1158 superiore

264 1210 354 1254 anno
372 1187 518 1278 primum
535 1185 641 1284 pilum
661 1187 822 1275 duxerat,
842 1188 916 1256 viro
936 1185 1014 1254 sorti
1035 1199 1068 1252 et
1090 1207 1217 1278 magnae
1233 1206 1311 1250 auc·

265 1307 426 1396 toritatis,
448 1321 628 1401 utrumque
644 1307 753 1376 femur
772 1303 904 1401 tragula
921 1304 1124 1398 transjicitur
1147 1327 1154 1370 :
1175 1303 1219 1390 Q.
1239 1303 1310 1371 Lu-

265 1427 397 1516 canius,
418 1426 570 1520 ejusdem
590 1427 734 1514 ordinis,
754 1426 931 1495 fortissime
952 1447 1120 1518 pugnans,
1143 1421 1223 1490 dum
1247 1421 1312 1488 cir·

265 1561 445 1617 cumvento
461 1546 531 1617 filio
552 1549 721 1634 subvenit,
741 1545 967 1620 interficitur:
985 1547 1023 1614 L.
1042 1547 1156 1630 Cotta,
1170 1541 1312 1638 legatus,

266 1692 382 1736 omnes
406 1667 560 1737 cobortes
579 1665 778 1760 ordinesque
801 1664 997 1752 adhortans,
1019 1664 1054 1732 in
1077 1663 1252 1732 adversum
1274 1683 1313 1729 os

266 1785 371 1856 funda
383 1785 586 1858 vulneratur.

314 1909 474 1978 XXXVI.
491 1909 551 1976 His
565 1909 664 1976 rebus
680 1921 851 2001 permotus
867 1908 912 1996 Q.
930 1908 1099 1991 Titurius,
1116 1929 1220 1999 quum
1235 1927 1313 1997 pro·

269 2025 324 2095 cul
350 2026 678 2122 Ambiorigemsuos
703 2028 934 2097 cohortantem
952 2027 1190 2120 conspexisset,
1209 2026 1314 2093 inter-

269 2161 399 2239 pretem
414 2170 528 2234 suum,
543 2149 604 2217 Cn.
622 2149 838 2242 Pompeium,
852 2147 895 2216 ad
911 2171 988 2214 eum
1005 2146 1124 2230 mittit,
1142 2157 1314 2237 rogatum,

263 2273 312 2340 'ut
328 2267 392 2337 sibi
414 2265 643 2362 militibusque
663 2283 788 2362 parcat.
810 2264 871 2337 Ille
890 2262 1090 2360 appellatus,
1108 2257 1287 2356 'respondit
1306 2289 1314 2330 :

270 2419 289 2454 «-
302 2390 338 2457 Si
358 2386 438 2456 velit
460 2411 572 2457 secum
589 2387 749 2482 colloqui,
765 2386 881 2472 licere3
900 2409 1047 2479 sperare,
1063 2409 1083 2452 a
1099 2381 1315 2452 multitudine

272 2509 443 2603 impetrari
470 2531 584 2601 posse,
613 2507 704 2601 quod
726 2507 769 2576 ad
797 2505 941 2575 militum
969 2503 1109 2574 salutem
1136 2504 1316 2598 pertineat3

273 2631 343 2722 ipse
354 2651 433 2697 vero
448 2626 532 2696 nibil
547 2628 696 2696 nocitum
707 2628 765 2713 iri,
776 2628 879 2722 inque
892 2651 965 2695 eam
977 2651 1048 2695 rem
1062 2651 1096 2694 se
1110 2649 1204 2693 suam
1215 2623 1316 2692 fidem

273 2750 497 2842 interponere.
514 2777 531 2812 r
549 2746 611 2815 Ille
628 2772 705 2818 cum
721 2749 820 2816 Cotta
836 2748 949 2816 saucio
963 2745 1204 2830 communicat,
1220 2744 1248 2812 si
1267 2744 1320 2810 vi·

273 2865 412 2955 dentur,
440 2891 553 2961 pugna
569 2880 607 2935 ut
623 2865 799 2954 excedant,
816 2881 941 2935 etcum
957 2865 1149 2959 Ambiorige
1165 2887 1232 2931 una
1252 2860 1318 2930 col-

276 2979 456 3071 loquantur
474 3011 481 3051 :
499 3010 631 3078 sperare
650 3038 660 3072 ,
677 2986 718 3053 ab
733 3009 773 3053 eo
787 2985 828 3054 de
845 3011 903 3054 sua
923 3011 961 3054 ac
979 2975 1124 3054 militum
1138 2981 1243 3051 salute
1257 2983 1319 3049 im·

276 3111 405 3193 petrare
426 3125 531 3194 posse.
552 3107 650 3174 Cotta
670 3129 704 3174 se
723 3105 766 3174 ad
782 3119 948 3174 armatum
967 3105 1096 3173 hostem
1118 3105 1245 3174 iturum
1262 3127 1319 3170 ne-

277 3233 347 3314 gat,
364 3234 465 3312 atque
480 3223 513 3290 in
530 3249 570 3292 eo
588 3227 746 3294 constitit.

287 3373 291 3380 ·
325 3344 500 3413 XXXVII.
527 3344 683 3433 Sabinus,
704 3372 788 3438 quos
809 3348 843 3416 in
862 3349 1035 3442 praesentia
1052 3347 1205 3416 tribunos
1228 3347 1317 3417 mili-

278 3461 349 3530 tuin
365 3463 490 3531 circum
507 3488 542 3531 se
562 3463 705 3533 babebat
725 3479 758 3532 et
774 3467 960 3559 primorum
976 3467 1132 3536 ordinum
1152 3469 1319 3536 centurio·

278 3609 351 3661 nes,
370 3608 405 3652 se
420 3585 511 3677 sequi
527 3584 622 3677 jubet
638 3599 692 3652 :et
705 3609 809 3677 quum
822 3589 960 3680 propius
973 3588 1199 3681 Ambiorigem
1213 3611 1319 3656 acces-

278 3704 386 3790 sisset,
404 3705 515 3797 jussus
537 3728 629 3775 arma
646 3704 804 3797 abjicere,
826 3706 1025 3799 imperatum
1053 3705 1149 3790 facit;
1167 3708 1317 3799 suisque,

280 3839 317 3891 ut
330 3822 418 3892 idem
432 3822 573 3909 faciant,
585 3823 736 3916 imporat.
751 3825 906 3908 Interim,
920 3822 1000 3893 dum
1016 3823 1057 3892 de
1072 3825 1318 3894 conditionibus

280 3943 367 4010 inter
383 3965 417 4009 se
434 3956 552 4034 agunt,
570 3940 766 4035 longiorque
783 3942 935 4012 consulto
956 3945 997 4013 ab
1015 3945 1208 4039 Ambiorige
1225 3945 1319 4014 insti·
