3038 4766
487 371 538 428 os
559 369 680 426 sunno
700 368 817 424 crvier
838 369 907 424 ers.
928 369 948 424 1.
1013 345 1016 352 ’
1196 375 1231 440 47

205 521 304 566 onera
324 495 497 592 portanda.
517 497 632 586 ltaque
651 517 790 588 magnus
810 516 925 562 eorum
949 493 1094 586 quotidie
1119 518 1232 563 nume·

205 642 261 685 rus
274 617 316 684 ad
338 620 498 702 Caesarem
524 612 738 708 perfugiebat.
759 615 797 680 ln
821 611 872 681 bis
895 626 966 680 erat
989 613 1146 707 angustiis
1164 637 1232 699 res3

206 734 317 804 seder
338 734 514 827 propositis
540 729 687 800 consiliis
706 730 834 802 duobus
850 729 1034 824 explicitius
1049 729 1233 819 videbatur,

206 852 346 922 Ilerdam
358 853 493 934 reverti,
506 848 597 944 quod
609 850 655 918 ibi
665 847 837 944 paululum
852 849 1007 918 frumenti
1018 849 1233 943 reliquerant:

206 974 252 1040 ibi
265 997 298 1041 sc
316 971 478 1065 reliquum
492 969 665 1040 consilinm
684 967 904 1065 explicaturos
920 968 1137 1040 confidebant.
1156 974 1235 1040 Tar·

207 1117 285 1161 racc
296 1093 411 1160 aberat
429 1089 583 1184 longius:
604 1113 671 1183 quo
689 1091 803 1183 spatio
814 1087 925 1183 plures
943 1113 1012 1158 rem
1027 1114 1123 1183 posse
1138 1115 1233 1160 casus

207 1213 352 1306 recipere
370 1209 606 1305 intelligebant.
632 1213 704 1279 lloc
723 1209 865 1303 probato
886 1208 1039 1296 consilio,
1063 1235 1103 1278 ex
1119 1212 1234 1280 castris

207 1329 430 1424 proficiscunt.
467 1332 591 1415 Caesar,
625 1330 774 1422 equitatu
804 1331 984 1422 praemisso,
1010 1330 1067 1423 qui
1095 1331 1233 1399 norissi-

207 1474 296 1518 mum
314 1471 432 1544 agmen
447 1462 597 1542 carperet
610 1461 710 1540 etque
724 1447 911 1542 impediret,
925 1451 995 1542 ipse
1010 1474 1087 1518 cum
1102 1447 1236 1544 legioni·

207 1570 268 1638 bus
285 1569 506 1662 subsequitur.
525 1565 665 1638 Nullum
680 1567 901 1638 intercedebat
918 1583 1064 1663 tempus,
1081 1570 1162 1662 quin
1179 1594 1235 1638 ex·

209 1690 303 1758 tremi
318 1711 394 1757 cum
411 1687 576 1780 equitibus
587 1685 827 1781 proeliarentur.

256 1809 410 1878 LXXIX.
431 1809 548 1876 Genus
568 1819 639 1873 erat
660 1805 725 1874 hoc
749 1829 877 1901 pugnae.
899 1805 1068 1900 Expedite
1086 1808 1237 1878 cohortes

208 1927 422 2000 novissimum
439 1948 557 2019 agmen
573 1923 784 2013 claudebant,
799 1924 985 2019 pluriesque
1000 1927 1033 1994 in
1050 1925 1128 1996 locis
1146 1951 1236 1996 cam·

209 2045 371 2137 pestribus
397 2044 630 2114 subsistebant.
660 2045 695 2114 Si
719 2067 814 2112 mons
839 2060 909 2114 erat
931 2043 1170 2132 ascendendus,
1190 2047 1237 2115 fn·

208 2162 269 2232 cile
303 2164 376 2258 ipsa
398 2161 462 2233 loci
486 2178 605 2232 natura
636 2161 821 2258 periculum
849 2163 1045 2257 repellebat,
1078 2162 1169 2259 quod
1197 2191 1235 2236 ex

209 2281 289 2352 locis
309 2284 552 2378 superioribus,
578 2283 634 2377 qui
659 2297 928 2367 ¹antecesserunt,
957 2309 1034 2354 suos
1058 2285 1238 2354 ascenden·

210 2415 258 2470 tes
289 2403 516 2497 protegebant.
542 2404 655 2490 Quum
683 2399 776 2470 vallis
798 2415 857 2471 aut
877 2399 970 2472 locus
996 2400 1131 2472 declivis
1163 2405 1239 2472 sob-

209 2535 293 2609 erat,
322 2547 426 2616 neque
455 2525 498 2607 ii,
529 2522 587 2614 qui
616 2535 868 2606 antecesserant,
902 2522 1109 2592 morantibus
1141 2546 1237 2617 opem

210 2639 294 2710 ferre
305 2655 470 2734 poterent,
489 2641 614 2733 equites
634 2663 713 2708 vero
727 2664 765 2707 ex
787 2636 861 2708 loco
877 2642 1093 2734 superiorein
1108 2665 1238 2712 aversos

211 2758 276 2829 tela
295 2759 531 2852 conjiciebant,
550 2773 621 2826 tum
641 2781 762 2851 magno
781 2772 851 2826 erat
868 2759 901 2826 in
921 2757 1069 2853 periculo
1088 2783 1151 2829 res.
1175 2765 1240 2830 Re·

210 2877 437 2972 lioquebatur,
449 2890 499 2962 ut,
510 2899 610 2968 quum
628 2875 789 2970 ejusmodi
801 2891 885 2946 esset
896 2877 978 2948 locis
993 2881 1240 2973 appropinqua·

211 3011 298 3082 turn,
330 2996 495 3090 legionum
529 2995 622 3090 signa
649 2997 826 3074 consistere
850 2998 1021 3091 juberent,
1056 3023 1241 3094 magnoque

211 3116 334 3208 impetu
354 3115 537 3209 equitatum
553 3113 769 3212 repellerent,
787 3141 826 3186 eo
844 3118 1017 3205 submoto,
1038 3135 1177 3214 repente
1187 3122 1241 3189 in-

210 3235 301 3304 citati
314 3258 413 3306 cursu
428 3259 496 3306 sese
512 3236 547 3304 in
568 3233 668 3304 valles
680 3237 826 3334 universi
839 3235 1063 3326 demitterent,
1083 3255 1181 3334 atque
1194 3243 1241 3310 ita

211 3355 420 3450 transgressi,
446 3380 562 3425 rursus
583 3355 618 3424 in
646 3354 725 3426 locis
757 3357 980 3449 superioribus
1014 3362 1238 3430 consisterent.

211 3476 297 3545 Nam
314 3487 443 3544 uotum
456 3475 498 3544 ab
513 3474 663 3568 equitum
685 3497 823 3544 suorum
841 3475 970 3546 auxiliis
988 3477 1143 3564 aberant,
1160 3503 1241 3571 quo·

209 3619 283 3664 rum
299 3617 472 3664 numerum
495 3593 658 3664 habebant
685 3617 854 3688 magnum,
873 3609 910 3664 ut
928 3619 1002 3680 eos,
1018 3597 1241 3691 superioribus

210 3717 398 3806 perterritos
414 3713 553 3810 proeliis,
569 3717 603 3786 in
621 3715 767 3786 medium
781 3716 966 3810 reciperent
982 3715 1120 3811 agmen,
1133 3716 1239 3786 ultro·

209 3856 274 3923 que
293 3859 348 3903 eos
369 3849 564 3904 tuerentur:
584 3859 727 3930 quorum
741 3833 825 3904 nulli
836 3859 877 3904 ex
894 3837 1010 3906 itinere
1029 3836 1183 3906 excedere
1201 3835 1240 3906 li·

210 3949 320 4037 cebat,
337 3954 418 4045 quin
444 3953 485 4022 ab
503 3956 650 4047 equitatu
672 3955 808 4026 Ceteris
833 3957 1047 4050 exciperetur.
