3088 4766
430 385 431 390 *
513 355 564 412 DE
585 353 707 410 BELLO
727 351 846 410 CIVILI
867 352 936 410 LIB.
956 353 978 408 l.
1231 351 1265 408 15

223 483 384 578 petitione
406 478 599 552 consulatus
620 480 662 550 ab
683 503 724 548 eo
742 494 814 550 erat
835 477 1036 550 sublevatus.
1061 478 1166 572 Cujus
1193 503 1266 548 ora-

225 605 348 674 tionem
365 605 476 674 Cacsar
507 598 724 696 interpellat:
746 627 764 664 α
788 623 823 670 se
843 623 912 670 non
929 596 1082 669 maleficii
1106 623 1205 670 causa
1225 623 1265 668 ex

224 723 396 817 provincia
409 744 596 816 egressum,
614 719 669 790 sed
685 720 734 788 uti
747 743 781 788 se
795 743 815 788 a
831 715 1041 790 contumeliis
1051 719 1265 788 inimicorum

224 840 430 926 defenderet,
446 855 482 910 ut
500 841 653 910 tribunos
673 838 778 934 plebis
795 864 833 909 ea
851 865 887 909 re
903 863 942 908 ex
956 841 1090 910 civitate
1112 837 1265 933 expulsos

225 963 373 1032 insuam
399 959 593 1055 dignitatem
618 962 828 1049 restitueret,
855 975 893 1028 ut
910 985 945 1030 se
967 975 1001 1030 ct
1026 958 1187 1056 populum
1209 985 1265 1030 ro·

225 1105 376 1168 manum,
399 1104 580 1176 paucorum
606 1079 748 1150 factione
776 1103 990 1174 oppressum,
1019 1081 1054 1148 in
1079 1078 1266 1150 libertatem

225 1201 415 1270 vindicaret.
430 1227 447 1266 n
460 1201 565 1295 Cujus
578 1202 728 1270 oratione
742 1199 958 1270 confirmatus
971 1197 1149 1290 Lentulus,
1165 1201 1215 1270 uti
1230 1202 1265 1270 in

225 1319 385 1416 oppidum
404 1322 522 1390 reverti
541 1319 655 1408 liceat,
674 1319 779 1414 petit3
797 1318 889 1414 quod
905 1319 1024 1390 desua
1041 1318 1146 1390 salute
1163 1321 1267 1414 impe·

225 1442 378 1530 traverit,
393 1440 464 1510 fore
476 1440 576 1510 ctiam
594 1439 732 1533 reliquis
748 1437 790 1507 ad
808 1463 901 1508 suam
917 1464 1011 1535 spem
1029 1438 1164 1525 solati03
1183 1439 1266 1509 adeo

225 1583 295 1630 esse
320 1559 513 1655 perterritos
532 1557 730 1641 nonnullos,
755 1574 793 1628 ut
810 1583 877 1628 suae
904 1561 981 1630 vitae
1008 1559 1125 1629 durius
1144 1584 1266 1630 consu·

226 1679 293 1750 lare
308 1695 482 1777 cogantur.
499 1679 599 1752 Fucln
619 1693 792 1774 potestate,
809 1678 959 1750 discedit.

274 1803 402 1870 XXIII.
431 1804 557 1888 Caesar,
586 1800 644 1870 ubi
679 1796 804 1887 illuxit,
833 1822 947 1869 omnes
979 1814 1148 1870 senatores
1175 1823 1268 1870 sena-

227 1937 405 2015 torumque
423 1920 563 2008 liberos,
591 1922 743 1991 tribunos
769 1919 913 1990 rnilitum
939 1923 1132 2016 equitesque
1160 1947 1267 1992 roma·

227 2065 288 2110 nos
308 2041 351 2112 ad
370 2065 404 2110 sc
420 2041 560 2136 produci
575 2042 681 2135 jubet.
703 2045 808 2112 Fnant
825 2043 981 2112 senatorii
996 2041 1122 2112 ordinis
1141 2045 1180 2112 L.
1197 2047 1268 2113 Do·

227 2162 355 2247 mitius,
376 2165 414 2231 P.
434 2159 594 2232 lentulus
609 2163 785 2256 Spinther,
803 2165 841 2232 L.
862 2160 1029 2234 Vibullius
1049 2161 1175 2251 Rufus,
1192 2167 1266 2234 Sex.

228 2281 411 2372 Quintilius
431 2285 523 2354 Varu
582 2299 740 2376 quaestor,
758 2286 797 2352 L.
820 2283 983 2370 Rubrius3
1003 2299 1160 2378 preterea
1181 2283 1268 2354 filius

228 2405 387 2490 Domitii,
424 2428 443 2475 a
552 2403 763 2499 .complures
797 2403 1036 2488 adolescentes,
1063 2420 1097 2475 et
1127 2429 1267 2501 magnus

228 2546 387 2595 numerus
404 2526 553 2618 equitum
570 2547 785 2594 romanorum
812 2537 845 2593 et
872 2523 1108 2612 decurionum,
1129 2549 1212 2618 quos
1227 2550 1268 2594 cx

229 2645 416 2741 municipiis
429 2645 595 2714 Domitius
609 2658 812 2712 evocaverat.
830 2647 899 2713 Hos
920 2669 1035 2714 omnes
1054 2643 1234 2739 productos
1247 2671 1267 2714 a

229 2762 438 2834 contumeliis
458 2762 600 2832 militum
615 2763 837 2854 conviciisque
854 2762 1007 2857 prohibet
1024 2787 1033 2832 ε
1053 2786 1158 2857 pauca
1178 2763 1268 2858 apud

230 2909 286 2953 eos
308 2882 474 2977 loquitur,
489 2909 506 2946 n
521 2879 612 2974 quod
634 2881 697 2950 sibi
725 2906 745 2951 a
771 2895 865 2976 parte
897 2907 1012 2952 eorum
1035 2884 1142 2978 gratia
1166 2881 1269 2952 relata

231 3029 299 3072 non
322 3006 365 3073 sit
386 3027 448 3098 pro
470 3003 536 3072 suis
566 3003 679 3074 ineos
703 3003 854 3074 maximis
880 3003 1058 3074 beneficiis.
1078 3033 1095 3068 o
1122 3006 1270 3076 Dimittit

231 3147 345 3191 omnes
364 3122 553 3193 incolumes.
576 3124 770 3194 Sestertium
787 3125 952 3218 sexagies,
977 3123 1068 3218 quod
1091 3123 1271 3196 advexerat

231 3243 414 3330 Domitius,
433 3233 532 3336 atquc
556 3244 590 3312 in
617 3241 788 3337 publicum
817 3241 1035 3339 deposuerat,
1059 3243 1196 3317 allatum
1227 3245 1269 3316 nd

231 3387 267 3431 se
284 3362 328 3431 ab
343 3360 528 3433 duumviris
540 3362 809 3449 confiniensibus,
825 3365 974 3434 Domitio
992 3365 1119 3452 reddit,
1134 3390 1177 3436 ne
1194 3391 1270 3436 eon·

233 3471 394 3552 tinentior
410 3483 446 3552 in
463 3483 534 3552 vita
549 3482 740 3568 bominum,
757 3507 858 3577 quam
873 3485 908 3552 in
926 3487 1086 3578 pecunia,
1104 3485 1207 3555 fuisse
1225 3487 1271 3554 vi·

232 3600 365 3691 deatur3
395 3603 454 3672 etsi
482 3627 556 3672 eam
585 3603 760 3697 pecuniam
791 3602 959 3698 publicam
988 3629 1058 3674 csse
1079 3604 1270 3693 constabat,

232 3719 408 3816 datamque
424 3748 443 3792 a
462 3723 621 3819 Pompeio
634 3726 670 3793 in
690 3723 903 3820 stipendium.
920 3723 1044 3793 Milites
1060 3725 1271 3795 Domitianos

233 3856 472 3913 sacramentum
486 3843 575 3938 apud
593 3869 628 3914 se
645 3845 770 3930 dicere,
785 3845 900 3940 jubet,
913 3859 1013 3939 atque
1027 3869 1068 3914 eo
1092 3843 1147 3915 die
1164 3859 1270 3915 castra

233 3974 362 4050 movet,
377 3963 570 4056 justumque
584 3965 647 4032 iter
663 3965 814 4054 conficit,
832 3989 882 4037 vn
894 3965 1030 4036 omnino
1046 3963 1118 4036 dies
1130 3965 1173 4036 ad
1191 3968 1274 4036 Cor-
