3026 4768
424 310 475 366 DE
489 309 618 370 ,nauto
639 309 807 366 GALLICO
828 311 897 368 LIB.
916 313 949 366 V.
1152 312 1205 368 113

165 459 204 502 ac
227 458 354 504 summa
370 433 609 526 tranquillitate
629 450 821 522 consecuta,
837 431 983 503 secunda
1000 435 1082 503 inita
1104 460 1208 529 quum
1323 433 1325 436 ’

165 553 315 625 solvisset
330 552 459 646 vigilia,
473 554 580 646 prima
593 551 669 622 luce
683 567 805 622 terram
820 555 951 646 attigit,
964 578 1145 648 omnesque
1158 558 1210 624 in-

168 672 312 744 columes
326 697 426 742 naves
439 672 605 766 perduxit.
634 751 636 754 ¹
682 689 684 694 “

214 796 338 862 XXIV.
357 789 537 874 Subductis
556 793 710 880 navibus,
726 791 931 888 consilioque
950 793 1126 864 Gallorum
1150 799 1209 865 Sa-

168 911 364 983 mambrivae
386 925 534 1006 peracto,
551 911 641 1005 quod
661 939 700 981 eo
719 939 807 983 anno
824 915 1028 984 frumentum
1050 918 1084 983 in
1101 913 1211 986 Gallia

169 1049 305 1127 propter
320 1034 484 1102 siccitates
501 1034 674 1127 angustius
693 1051 905 1134 provenerat,
931 1051 1065 1104 coactus
1084 1050 1133 1104 est
1152 1033 1212 1103 ali·

171 1170 235 1240 ter,
252 1179 291 1222 ac
310 1153 536 1248 superioribus
555 1156 669 1240 annis,
691 1156 873 1223 exercitum
891 1157 925 1222 in
949 1155 1094 1222 hibernis
1111 1153 1212 1224 collo·

170 1299 261 1360 care,
278 1273 490 1368 legionesque
507 1274 541 1340 in
559 1271 671 1365 plures
684 1275 832 1342 civitates
848 1273 1047 1342 distribuere
1065 1301 1072 1342 :
1090 1299 1130 1342 ex
1145 1277 1214 1369 qui-

172 1394 230 1461 bus
251 1418 352 1461 unam
370 1393 577 1460 inMorinos
597 1391 780 1462 ducendam
799 1395 838 1462 C.
856 1393 958 1464 Fabio
977 1392 1087 1489 legato
1106 1394 1213 1482 dedit3

171 1511 308 1582 alteram
323 1515 358 1581 in
371 1515 511 1582 Nervios
521 1516 565 1602 Q.
577 1514 744 1598 Ciceroni3
758 1516 891 1583 tertiam
901 1515 936 1582 in
952 1518 1073 1590 Essuos
1084 1519 1121 1585 L
1134 1520 1215 1584 Ros·

173 1635 239 1719 cio;
258 1646 411 1726 quartam
428 1634 462 1700 in
478 1635 590 1701 Remis
607 1658 683 1701 cum
704 1637 741 1701 T.
758 1634 906 1702 labieno
921 1636 956 1703 in
973 1635 1118 1704 confinio
1134 1637 1216 1704 Tre·

172 1758 321 1825 virorum
342 1754 489 1832 hiemare
512 1754 626 1846 jussit3
655 1767 720 1821 tres
746 1755 779 1821 in
802 1753 916 1849 Belgio
941 1753 1117 1824 collocavit
1138 1756 1216 1824 :his

173 1880 219 1945 M.
243 1879 402 1945 Crassum
427 1887 643 1966 quaesmrem,
667 1883 701 1941 et
727 1877 766 1942 L.
788 1876 977 1944 Munatium
1000 1873 1159 1945 Plancum
1183 1891 1216 1944 et

172 2000 210 2066 C.
232 1983 438 2064 Trebonium
460 1991 585 2088 legatos
605 1992 759 2085 praefecit.
782 1997 893 2063 Unam
916 1992 1093 2089 legionem,
1115 2021 1216 2088 quam

172 2117 324 2211 proxime
350 2129 442 2183 trans
467 2111 595 2182 Padum
622 2113 876 2206 conscripserat,
902 2139 941 2182 ex
966 2116 1119 2184 cohortes
1141 2142 1160 2184 v
1182 2117 1217 2185 in

152 2255 155 2260 '
172 2237 361 2323 Eburones,
372 2257 516 2327 quorum
532 2259 609 2327 pars
621 2233 765 2302 maxima
777 2247 825 2302 est
840 2236 927 2302 inter
943 2237 1073 2304 Mosam
1082 2250 1117 2304 et
1128 2237 1217 2304 Rhe-

174 2381 272 2445 num,
300 2357 358 2448 qui
387 2355 448 2424 sub
473 2354 614 2448 imperio
639 2354 841 2448 Ambiorigis
859 2369 894 2423 et
917 2356 1078 2424 Cativolci
1103 2369 1216 2442 erant,
1251 2423 1254 2430 ,

175 2479 276 2554 misit.
294 2474 353 2543 His
375 2472 536 2542 militibus
550 2475 593 2562 Q.
612 2473 778 2541 Titurium
797 2475 960 2544 Sabinum
976 2490 1010 2543 et
1026 2479 1065 2543 L.
1083 2477 1217 2544 Aurun-

177 2594 321 2666 culeium
342 2598 496 2680 Cottam,
513 2593 658 2686 legatos,
680 2617 819 2687 praeesse
840 2594 947 2685 jussit.
968 2593 1021 2662 Ad
1039 2592 1129 2661 hunc
1149 2616 1219 2659 mo-

177 2716 258 2785 dum
273 2714 457 2783 distributis
470 2710 675 2805 legionibus,
696 2710 849 2780 facillime
866 2713 984 2805 inopiae
996 2712 1219 2780 frumentarias

178 2861 248 2906 sese
266 2835 391 2904 mederi
408 2809 503 2926 posse
518 2833 718 2900 existimavit
738 2846 864 2925 :atque
882 2832 1001 2898 harum
1022 2845 1132 2899 tamen
1152 2856 1220 2900 om·

180 2959 273 3026 nium
299 2954 468 3049 legionum
487 2952 626 3021 hiberna
645 2951 780 3046 (praeter
802 2977 887 3039 eam,
915 2975 1015 3044 quam
1035 2955 1074 3020 L.
1100 2953 1221 3021 Roscio

180 3079 214 3147 iu
235 3075 478 3170 pacatissimam
497 3088 531 3142 et
551 3073 787 3166 quietissimam
808 3085 936 3164 partem
957 3070 1141 3142 ducendam
1163 3073 1221 3142 de·

181 3195 303 3289 derat),
318 3193 463 3262 millibus
480 3218 638 3289 passuum
653 3207 786 3263 centum
799 3192 1065 3263 continebantur.
1081 3196 1155 3287 Ipse
1171 3195 1220 3261 in·

182 3331 287 3402 terea,
307 3315 417 3409 quoad
438 3312 584 3408 legiones
604 3311 783 3382 collocatas
799 3313 995 3405 munitaque
1011 3312 1149 3382 hiberna
1166 3335 1222 3381 co-

183 3437 369 3530 gnovisset,
384 3435 418 3502 in
436 3431 545 3503 Gallia
558 3432 680 3504 morari
699 3433 880 3503 constituit.

231 3557 341 3624 XXV.
362 3541 497 3622 Erotio
523 3551 725 3621 Carnutibus
745 3577 875 3621 summo
898 3551 972 3621 loco
992 3567 1088 3644 natus
1104 3557 1226 3647 Tasge-

184 3677 267 3764 tius,
289 3677 384 3767 cujus
402 3673 542 3766 majores
562 3674 597 3752 in
615 3697 674 3742 sua
691 3674 823 3742 civitate
842 3697 983 3768 regnum
1003 3673 1226 3743 obtinuerant.

185 3795 271 3863 liuic
285 3797 416 3881 Caesar,
441 3817 502 3888 pro
522 3794 592 3887 ejus
612 3794 737 3866 virtute
757 3809 856 3886 atque
877 3795 912 3860 in
929 3817 963 3861 se
980 3793 1228 3880 benevolentia,

187 3914 275 4008 quod
293 3917 327 3982 in
344 3914 498 3982 omnibus
520 3911 615 3983 bellis
632 3912 792 4008 singulari
806 3916 875 4007 ejus
892 3938 993 4007 opera
1009 3913 1126 3982 fuerat
1137 3938 1230 4002 usus,

273 4060 354 4138 .¹'
1062 4013 1079 4066 8
