3060 4768
277 402 332 470 294
450 395 480 449 c,
501 393 597 448 sinn
618 391 783 448 casatus
805 389 1001 448 commun.
1022 393 1132 448 unna

275 523 377 590 ticin
405 541 535 611 aequum
563 517 603 584 ad
627 493 851 584 dimicandum
878 514 1056 584 adversarii
1076 515 1304 610 procederent.

274 645 346 708 Hoc
362 653 432 706 crat
448 639 482 705 in
499 637 648 704 omnium
662 649 848 729 conspectu.
867 638 940 702 Huc
953 634 1147 720 accedebat,
1164 650 1201 702 ut
1214 633 1306 702 locus

174 823 175 827 ,
275 756 329 826 illa
347 755 482 851 planitie
496 757 676 848 equitatum
688 767 835 836 ornaret,
850 768 883 821 et
897 753 960 821 diei
978 753 1119 846 solisque
1128 755 1306 856 serenitas3

275 892 312 945 ut
329 875 504 943 mirificum
524 889 557 941 ct
577 873 757 968 optandum
772 887 902 964 tempus
918 895 1022 964 prope
1039 873 1080 939 ab
1097 871 1159 939 diis
1178 874 1307 940 immor·

275 995 396 1063 talibus
414 993 495 1061 illud
511 993 672 1061 tributum
692 1006 775 1060 esset
792 989 834 1059 ad
849 990 1001 1084 proelium
1022 991 1304 1060 committendum.

274 1117 388 1186 Nostri
407 1112 524 1196 loetari,
541 1109 689 1180 nonnulli
710 1113 808 1178 otiam
832 1113 966 1196 timere,
989 1110 1076 1202 quod
1108 1113 1142 1178 in
1160 1133 1236 1178 eum
1254 1110 1305 1179 lo-

275 1257 350 1302 cum
370 1256 422 1300 res
442 1231 646 1323 fortuneque
672 1233 819 1296 omnium
842 1228 1101 1314 deducerentur,
1132 1243 1187 1316 ut,
1207 1229 1304 1320 quid·

275 1350 356 1444 quid
378 1364 454 1443 post
475 1351 588 1417 horam
613 1373 706 1416 casus
724 1348 912 1434 tribuisset,
936 1349 968 1413 in
989 1347 1089 1415 dubio
1114 1363 1303 1440 poneretur.

274 1473 388 1562 ltaque
407 1469 510 1537 nostri
525 1468 566 1534 ad
576 1466 798 1535 dimicandum
809 1467 1014 1559 procedunt;
1030 1466 1064 1535 id
1080 1465 1169 1560 quod
1187 1467 1305 1536 adver·

275 1590 376 1657 serios
395 1587 660 1656 existimabamus
679 1611 748 1654 esse
768 1585 910 1653 facturos
932 1611 940 1652 τ
961 1587 1019 1677 qui
1040 1601 1182 1656 tamena
1200 1592 1305 1658 muni-

274 1711 362 1777 tione
384 1706 497 1801 oppidi
526 1704 613 1774 mille
631 1705 778 1798 passibus
797 1703 926 1798 longius
952 1730 1018 1773 non
1047 1705 1213 1775 audebant
1230 1733 1304 1800 pro-

274 1825 402 1914 cedere;
423 1829 538 1918 inquo
557 1825 616 1892 sibi
637 1847 739 1918 prope
756 1847 887 1892 murum
901 1823 1075 1892 adversarii
1085 1823 1301 1918 proeliandum

274 1947 525 2019 constituebant.
550 1948 665 2035 Itaque
685 1946 787 2012 nostri
804 1943 998 2035 procedunt.
1014 1943 1184 2012 Interdum
1204 1951 1304 2038 aequi·

274 2081 322 2132 tas
338 2064 401 2131 loci
418 2063 620 2130 adversarios
637 2061 855 2154 efflagitabat,
880 2076 916 2129 ut
934 2060 991 2128 tali
1016 2064 1205 2150 conditione
1223 2091 1303 2133 con·

274 2183 442 2252 tenderent
459 2181 500 2249 ad
518 2183 688 2248 victoriam
709 2205 716 2246 :
736 2203 843 2271 neque
859 2193 969 2248 tamen
990 2179 1035 2249 illi
1051 2207 1071 2248 a
1088 2207 1146 2250 sua
1163 2207 1302 2254 consue·

274 2298 616 2382 tudinode'cedebant,
633 2313 668 2364 ut
686 2311 744 2365 aut
753 2297 794 2364 ab
804 2297 931 2366 excelso
946 2297 1035 2387 loco,
1053 2315 1109 2368 aut
1125 2302 1165 2369 ab
1178 2304 1301 2396 oppido

273 2418 484 2487 discederent.
502 2419 612 2486 Nostri
630 2417 711 2511 pede
725 2441 837 2510 presso
857 2420 991 2510 propius
1009 2421 1115 2488 rivum
1135 2445 1236 2513 quum
1249 2447 1304 2516 ap-

272 2539 564 2632 propinquassent,
591 2537 767 2606 adversarii
790 2539 986 2629 patrocinari
1007 2535 1082 2606 loco
1102 2541 1214 2632 iniquo
1233 2566 1301 2608 non

274 2657 436 2724 desinunt.

320 2779 428 2845 XXX.
448 2781 525 2845 Erat
544 2779 628 2846 acies
638 2801 701 2846 xm
714 2773 830 2869 aquilis
846 2780 1042 2864 constituta,
1057 2803 1129 2870 quae
1145 2778 1301 2849 lateribus

273 2897 420 2989 equitatu
437 2896 623 2990 tegebatur,
641 2920 714 2963 cum
734 2894 796 2963 levi
814 2910 979 2964 armatura
995 2895 1140 2966 millibus
1150 2923 1203 2968 vr:
1218 2923 1302 2992 prae-

273 3029 361 3082 terea
376 3014 547 3082 auxiliares
569 3013 768 3082 accedebant
788 3037 890 3107 prope
912 3014 1050 3084 alterum
1071 3031 1210 3086 tantum.
1233 3021 1302 3088 No·

273 3149 339 3202 stra
359 3131 509 3226 praesidia
529 3157 621 3202 nxxx
635 3133 825 3200 cohortibus
842 3149 875 3200 et
895 3157 959 3203 vm
977 3133 1121 3204 millibus
1141 3137 1300 3230 equitum.

273 3253 339 3335 Ita,
360 3275 462 3343 quum
479 3251 516 3318 'in
535 3266 679 3319 extrema
699 3249 835 3345 planitie
852 3255 1002 3345 iniquum
1021 3255 1055 3320 in
1069 3250 1177 3323 locum
1194 3258 1300 3324 nostri

273 3371 754 3464 appropinquassent,paratus
762 3373 865 3441 hostis
875 3385 944 3440 erat
956 3373 1117 3465 superior,
1140 3387 1175 3441 ut
1195 3388 1301 3442 trans·

273 3489 372 3557 eundi
389 3491 537 3583 superius
553 3491 615 3557 iter
630 3490 837 3558 vehementer
849 3506 934 3559 esset
952 3489 1181 3584 periculosum.
1200 3492 1299 3579 Quod

272 3631 375 3701 quum
395 3632 414 3676 a
432 3613 559 3678 Caesare
586 3624 671 3676 esset
697 3609 980 3695 animadversum,
1012 3610 1157 3702 nequid
1182 3625 1302 3680 temere

274 3725 372 3820 culpa
390 3752 449 3796 sua
472 3750 564 3796 secus
584 3727 820 3812 admitteretur,
842 3749 916 3794 eum
943 3724 1052 3796 locum
1073 3729 1210 3798 definire
1236 3753 1302 3798 coe·

273 3849 331 3940 pit.
352 3847 452 3934 Quod
470 3873 571 3940 quum
589 3848 760 3915 hominum
783 3845 915 3912 auribus
934 3862 1018 3914 esset
1034 3848 1216 3940 objectum,
1237 3873 1305 3918 mo·

274 3965 352 4033 leste
365 3981 397 4032 et
418 3968 532 4034 acerbe
550 3967 773 4061 accipiebant,
786 3989 818 4032 se
832 3966 1073 4060 impediri,qno
1093 3970 1200 4036 minus
1219 3995 1304 4062 proe·
