3020 4768
503 349 553 404 nn
576 347 699 403 nunno
720 347 836 404 crvus
856 348 927 407 sm.
948 349 970 402 1.
1159 311 1179 354 '
1246 367 1261 420 ⁷

226 475 365 572 publieae
393 490 517 545 noceat.
535 505 562 550 e
583 478 691 544 Pauca
720 473 867 567 ejusdem
892 476 1022 568 generis
1052 472 1161 563 addit,
1186 489 1281 546 cum*

225 599 435 670 excusatione
446 595 595 689 Pompeii
605 595 794 687 conjuncta.
809 593 934 672 Eadem
948 594 1014 662 lere
1027 607 1126 688 atque
1139 595 1263 664 eisdem

225 719 267 788 de
283 718 382 788 rebus
398 729 518 811 praetor
533 715 670 786 Ruscius
684 715 753 809 agit
769 738 845 784 cum
861 719 1004 803 Caesere,
1025 715 1152 808 sibique
1169 717 1265 783 Pom·

226 839 339 931 peium
354 859 627 906 commemorasse
641 834 854 904 demonstrat.
1268 903 1272 932 ι

275 960 337 1026 ΙΧ.
361 956 447 1042 Quae
466 979 518 1022 res
538 956 599 1023 etsi
617 949 699 1022 nihil
715 953 758 1024 ad
774 952 931 1024 levandas
945 953 1083 1047 injurias
1097 954 1264 1048 pertinere

226 1075 434 1158 videbantur,
458 1087 587 1160 tamen,
607 1072 744 1144 idoneos
766 1087 882 1144 nectus
907 1075 1076 1160 homines,
1100 1098 1160 1168 per
1181 1098 1265 1167 quos

227 1221 282 1278 ea,
300 1219 373 1287 quae
390 1190 504 1279 vellet,
524 1191 566 1262 ad
585 1217 662 1263 eum
679 1193 921 1288 perferrentur,
943 1195 1028 1288 petit
1047 1195 1088 1264 ab
1109 1205 1265 1286 utroque,

227 1315 384 1408 quoniam
396 1314 544 1406 Pompeii
561 1312 717 1382 mandata
736 1311 778 1382 ad
797 1337 832 1382 se
851 1312 1044 1400 detulerint,
1065 1337 1107 1382 ne
1121 1336 1262 1408 greven-

228 1449 283 1502 tnr
302 1458 361 1502 sne
381 1457 514 1525 qunque
536 1431 672 1502 adeum
695 1415 861 1526 postulata
884 1432 1033 1519 deterre,
1049 1433 1076 1501 si
1096 1456 1201 1527 parvo
1215 1431 1264 1500 la·

232 1557 313 1624 bore
324 1579 461 1649 magnas
476 1555 717 1624 controversias
728 1551 863 1641 tollere,
877 1569 1119 1647 atqneomnem
1136 1552 1283 1622 Italiam·

228 1689 319 1744 metu
337 1673 477 1744 liberare
494 1675 630 1767 possint.
650 1674 751 1742 «Sibi
770 1697 899 1767 semper
914 1672 1105 1768 reipublicae
1123 1674 1266 1765 primam

229 1794 328 1864 fuisse
347 1793 559 1889 dignitatem,
579 1795 712 1888 vitaque
732 1796 915 1887 potiorem;
942 1792 1086 1864 doluisse
1101 1817 1156 1880 se,
1176 1793 1267 1886 quod

228 1912 343 2009 populi
359 1915 490 1983 romani
506 1913 703 1982 beneficium
721 1915 785 1983 sibi
802 1938 862 2009 per
881 1912 1116 1986 contumeliam
1136 1913 1179 1982 ab
1200 1915 1264 1984 ini·
1284 2003 1291 2016 '

228 2035 322 2106 micis
337 2047 600 2127 extorqueretur,
617 2047 796 2127 ereptoque
820 2035 967 2104 semestri
988 2034 1129 2128 imperio
1149 2035 1184 2103 in
1202 2037 1267 2104 Ur·

228 2153 305 2222 bern
321 2151 564 2240 retraheretur,
577 2159 671 2248 cujus
689 2153 831 2222 absentis
848 2153 1009 2223 rationem
1027 2154 1142 2229 haberi
1156 2157 1267 2248 proxi·

229 2275 291 2344 mis
316 2274 458 2344 comitiis
486 2272 631 2368 populns
653 2275 825 2368 jussisset;
854 2289 965 2347 tamen
990 2276 1076 2343 hanc
1102 2275 1266 2369 jacturam

229 2393 365 2464 honoris
380 2395 432 2464 sui
449 2393 637 2488 reipublice
651 2418 748 2463 causa
768 2418 863 2488 aequo
879 2395 991 2463 animo
1014 2393 1148 2476 tulisse;
1163 2417 1267 2488 quum

230 2513 354 2584 litteras
373 2514 416 2584 ad
432 2529 582 2584 senatum
592 2515 731 2600 miserit,
742 2529 779 2582 ut
797 2539 912 2583 omnes
932 2513 974 2582 ab
992 2515 1189 2584 exercitibus
1205 2513 1269 2580 dis-

228 2633 400 2720 cederent,
415 2657 457 2703 ne
475 2633 509 2702 id
522 2633 656 2727 quidem
674 2635 916 2728 impetravisse,
930 2647 999 2702 tota
1013 2632 1109 2702 ltalia
1122 2630 1267 2702 delectus

229 2756 365 2844 haberi,
384 2753 517 2822 retineri
546 2751 691 2846 legiones
716 2750 816 2842 dues,
837 2777 910 2846 quae
933 2753 975 2822 ab
999 2777 1034 2822 se
1057 2751 1268 2822 simulatione

230 2873 372 2968 parthici
405 2870 483 2942 belli
514 2873 581 2941 sint
607 2869 772 2960 abductae3
797 2873 963 2942 civitatem
993 2895 1063 2942 esse
1089 2872 1125 2940 in
1154 2873 1265 2942 armis.

230 2997 387 3082 Quonam
412 2995 481 3062 haec
507 2996 636 3082 omnia,
669 2995 732 3064 nisi
761 2993 803 3064 ad
827 3018 920 3064 suem
949 2995 1142 3088 perniciem,
1168 2995 1269 3087 perti·
1390 2999 1393 3006 “

231 3114 331 3183 nerei
340 3113 404 3184 Sed
418 3128 527 3182 tamen
543 3113 585 3183 ad
604 3115 715 3184 omnia
730 3139 765 3183 se
774 3113 972 3184 descendere
985 3128 1138 3208 paratum
1148 3167 1158 3196 ,
1168 3129 1267 3208 atque

231 3235 344 3302 omnia
371 3235 439 3328 pati
476 3233 665 3329 reipublice
690 3259 798 3304 causa.
831 3233 1067 3304 Proficiscatur
1088 3235 1268 3329 Pompeius

230 3357 265 3423 in
286 3379 360 3424 suus
384 3356 587 3448 provinciam
609 3356 671 3452 ipsi
699 3356 862 3426 exereitus
886 3354 1073 3444 dimittant3
1096 3355 1269 3429 discedant

230 3475 264 3542 in
293 3473 389 3542 ltalia
410 3499 524 3544 omnes
553 3475 595 3544 ab
625 3476 746 3561 armis3
774 3488 920 3545 metnse
948 3477 1080 3548 civitate
1109 3473 1268 3560 tollatur,

230 3591 333 3664 libera
355 3597 507 3684 comitia,
532 3610 632 3689 atque
656 3596 764 3665 omnis
787 3595 972 3690 respublica
995 3594 1123 3666 senatui
1143 3593 1269 3688 populo

230 3739 295 3807 que
324 3741 463 3786 romano
487 3718 707 3810 permittatur.
737 3721 817 3788 llaec
845 3741 912 3812 quo
945 3714 1074 3786 facilius
1105 3715 1269 3808 certisque

231 3833 475 3908 conditionibus
510 3837 616 3923 liant,
644 3853 678 3908 et
704 3837 924 3932 jurejurando
963 3836 1173 3922 sanciantur,
1209 3849 1267 3903 aut

231 3953 302 4048 ipse
317 3958 452 4051 propius
476 3959 628 4048 accedat,
655 3975 712 4029 aut
737 3983 771 4030 se
800 3961 947 4054 patiatur
965 3957 1120 4030 secedere
1143 3982 1151 4026 ε
1178 3955 1269 4044 fore,
