3086 4766
483 385 535 440 ΒΕ
554 383 674 440 annno
696 383 858 441 cunco
877 385 947 439 mn.
966 384 1014 438 vr.
1214 390 1268 456 ¹⁴9

226 509 336 581 eendae
350 536 388 580 ac
403 511 537 580 desidiae
552 510 741 581 minuendae
755 535 853 580 causa
863 511 935 580 fieri
951 509 1140 604 praedicant.
1159 512 1267 601 Atque

227 632 283 699 ubi
300 633 375 725 quis
392 631 655 725 exprincipibus
672 631 706 699 in
723 630 866 700 concilio
884 631 982 718 dixit,
999 628 1166 698 seducam
1183 629 1268 712 fore,

224 754 282 844 qui
303 753 396 846 sequi
414 750 531 838 velint,
554 753 787 846 profiteantur,
805 766 1012 846 consurgunt
1028 752 1051 819 ii
1071 750 1129 844 qui
1144 763 1266 818 etcau·

225 895 295 940 sam
316 887 349 939 et
366 871 536 940 hominem
557 873 716 965 probant,
737 896 902 965 suumque
926 870 1086 942 auxilium
1109 867 1268 965 pollicen-

224 1005 295 1078 tur,
313 1006 413 1084 atque
431 992 471 1061 ab
486 989 703 1061 multitudine
714 990 947 1061 collaudantur
965 1017 972 1058 :
989 991 1048 1084 qui
1060 1015 1100 1059 ex
1111 990 1149 1056 iis
1166 990 1270 1057 secuti

224 1137 292 1179 nou
309 1127 403 1199 suut,
421 1112 456 1178 in
475 1110 682 1180 desertorum
698 1135 737 1179 ac
754 1111 963 1206 proditorum
981 1133 1121 1179 numero
1139 1108 1269 1178 ducun-

225 1246 294 1314 tur,
312 1233 530 1325 omniumque
546 1233 586 1301 iis
601 1257 715 1302 rerum
734 1247 849 1327 postea
868 1232 950 1302 fides
968 1232 1160 1326 derogatur.
1181 1232 1269 1298 Hos-

223 1351 308 1445 pites
325 1349 469 1438 violare,
494 1351 541 1420 fas
562 1377 631 1420 non
647 1367 770 1445 putant
789 1379 796 1420 :
818 1354 875 1445 qui
895 1377 1026 1446 quaque
1045 1352 1086 1420 de
1106 1376 1206 1421 causa
1226 1349 1268 1419 ad

224 1494 279 1538 eos
292 1471 466 1555 venerint,
486 1471 526 1540 ab
547 1471 668 1564 injuria
688 1473 886 1565 prohibent,
904 1486 1101 1566 sanctosque
1122 1473 1268 1556 habent;

224 1595 262 1661 iis
279 1591 432 1659 omnium
448 1591 567 1660 domus
584 1607 717 1685 patent,
735 1595 907 1685 victusque
925 1593 1204 1660 communicatur.

270 1712 395 1778 XXIV.
414 1714 462 1779 Ac
483 1711 547 1779 fuit
569 1725 666 1780 antea
687 1726 833 1804 tempus,
854 1735 959 1804 quum
977 1713 1165 1780 Germanos
1178 1705 1268 1777 Galli

223 1830 348 1898 virtute
364 1845 574 1922 superarent,
593 1828 682 1898 ultro
702 1828 789 1899 bella
808 1831 984 1918 inferrent,
1004 1844 1143 1925 propter
1158 1829 1269 1898 homi·

224 1973 305 2018 num
319 1946 574 2018 multitudinem
587 1950 724 2044 agrique
741 1953 887 2044 inopiam
906 1965 996 2018 trans
1008 1950 1165 2020 Rhenum
1179 1947 1268 2018 colo-

225 2068 296 2138 nias
312 2069 493 2138 mitterent.
510 2071 628 2162 Itaque
644 2093 700 2155 ea,
713 2094 787 2162 quae
803 2068 1005 2140 fertilissima
1020 2071 1268 2157 sunt‚Gern1a·

225 2189 286 2256 niae
307 2187 380 2257 ioca
402 2189 529 2257 circum
551 2189 751 2283 Hercyniam
772 2189 888 2258 silvam
913 2191 1031 2284 (quam
1055 2192 1268 2260 Eratostheni

224 2323 257 2378 et
275 2308 475 2403 quibusdam
491 2311 617 2378 Graecis
637 2309 723 2378 fama
744 2324 858 2378 notam
878 2333 947 2378 esse
963 2310 1078 2396 video,
1096 2335 1197 2404 quam
1219 2309 1268 2380 illi

224 2430 404 2524 Orcyniam
427 2427 633 2525 appellant),
657 2428 767 2499 Volcae
784 2433 980 2526 Tectosages
999 2445 1267 2524 occupaverunt,

223 2566 322 2644 atque
339 2552 384 2619 ibi
398 2549 630 2620 consederunt.
649 2555 734 2642 Quae
750 2578 830 2648 gens
846 2554 889 2622 ad
902 2555 966 2621 hoc
979 2567 1112 2645 tempus
1128 2552 1168 2618 iis
1181 2550 1268 2618 sedi·

222 2671 286 2737 bus
301 2694 371 2738 sese
387 2669 554 2752 continet,
574 2695 805 2766 summamque
822 2674 921 2740 habet
934 2673 1071 2765 justitiae
1089 2685 1123 2738 et
1143 2668 1268 2781 bpllicae

224 2789 331 2860 laudis
346 2791 539 2884 opinionem
557 2816 565 2857 ε
587 2815 678 2860 nunc
694 2817 828 2888 quoque
848 2797 883 2863 in
903 2792 1017 2862 eadem
1035 2793 1162 2885 inopia,
1178 2817 1269 2886 eges·

223 2925 308 3000 tate,
327 2910 503 3003 patientia,
523 2935 590 3004 qua
606 2913 787 3002 Germani,
805 2927 1020 3009 permanent,
1040 2911 1157 2980 eodem
1172 2914 1266 2982 'victu

223 3046 256 3101 et
274 3029 369 3098 cultu
389 3031 540 3124 corporis
561 3045 712 3101 utuntur.
730 3033 836 3103 Gallis
856 3048 966 3102 autem
987 3031 1170 3101 Provinciae
1186 3057 1265 3125 pro·

224 3153 408 3246 pinquitas‚
430 3166 464 3219 et
487 3154 783 3223 transmarinarum
804 3179 915 3223 rerum
937 3153 1076 3241 notitia,
1098 3148 1206 3219 multa
1223 3149 1265 3218 ad

223 3273 352 3365 copiam
377 3273 580 3365 atque'usus
605 3272 754 3368 largitur.
783 3273 947 3344 Paulatim
972 3272 1144 3341 assuefacti
1169 3294 1266 3366 supe-

224 3393 307 3478 rari,
329 3390 510 3484 multisque
528 3394 608 3461 victi
626 3392 769 3488 proeliis,
787 3419 828 3463 ue
849 3420 883 3464 se
900 3392 1035 3487 quidem
1053 3395 1114 3486 ipsi
1134 3416 1211 3461 cum
1230 3389 1266 3458 it·

224 3509 262 3580 lis
279 3513 402 3581 virtute
420 3528 626 3606 comparant.

272 3637 380 3703 XXV.
399 3635 506 3726 Hujus
523 3639 697 3731 Hercyniae
713 3636 817 3725 silvae,
834 3662 907 3730 quae
921 3661 1021 3730 supra
1039 3636 1266 3704 demonstrata

223 3769 289 3835 est,
313 3753 455 3824 latitudo
486 3783 605 3826 novem
636 3759 765 3826 dierum
787 3759 850 3826 iter
873 3756 1028 3852 expedito
1049 3769 1171 3849 patet:
1198 3780 1264 3823 non

221 3880 312 3947 euim
325 3873 420 3945 aliter
436 3877 524 3945 finiri
542 3892 664 3970 potest,
678 3904 786 3972 neque
803 3901 974 3948 mensuras
988 3879 1146 3944 itinerum
1163 3899 1265 3943 nove·

227 4009 315 4063 runt.
334 3997 453 4064 Oritur
468 3997 509 4064 ab
526 3994 775 4082 Helvetiorum,
790 4013 822 4066 et
836 3999 1033 4082 Nemetum,
1048 4011 1082 4064 et
1097 3999 1266 4075 Rauraco-
