3038 4766
305 377 343 432 60
461 379 490 432 C.
509 378 608 433 JULll
627 377 790 432 CAESARIS
812 377 1175 436 communionum

305 528 378 571 rum
401 517 545 570 extrema
571 505 734 596 parietum
767 517 932 572 structura
955 518 1154 599 tegerentur,
1183 530 1225 573 ne
1254 505 1334 597 quid

304 623 475 709 emineret,
492 621 548 690 nbi
567 622 652 716 ignis
669 623 811 691 bostium
829 622 1074 693 adbaeresceret.
1094 628 1187 693 Hanc
1204 626 1338 720 insuper

280 725 599 838 contignationem,
629 757 790 834 quantum
824 756 946 812 tectum
971 741 1076 836 plutei
1106 769 1143 812 ao
1170 745 1337 815 vinearum

303 888 436 957 passum
455 877 523 948 est,
548 860 708 931 laterculo
727 862 980 950 adstruxerunt,
999 887 1164 957 supraque
1185 889 1260 932 eum
1287 863 1337 933 lo-

304 1007 378 1052 cum
397 982 465 1052 duo
484 982 576 1076 tigna
589 997 773 1050 transversa
789 984 988 1076 injecerunt,
1009 1007 1076 1052 non
1102 982 1201 1078 longe
1223 985 1265 1052 ab
1283 1008 1339 1052 ex-

306 1103 418 1170 tremis
435 1103 630 1196 parietibus,
648 1102 769 1195 quibus
787 1101 1024 1196 suspenderent
1035 1103 1338 1196 eamcontignatio·

305 1247 399 1306 nem,
420 1247 494 1315 quaa
522 1225 604 1292 turri
638 1223 818 1316 tegimento
843 1238 927 1292 esset
953 1223 1079 1311 futura3
1105 1247 1272 1317 supraque
1301 1248 1339 1292 ea

306 1344 397 1437 tigna
419 1342 545 1412 directo
562 1358 761 1411 transversas
782 1343 889 1411 trabes
909 1343 1113 1434 injecerunt,
1132 1365 1252 1435 easque
1268 1343 1338 1410 axi·

306 1461 367 1529 bus
387 1461 619 1555 religaverunt.
640 1465 708 1529 Has
723 1463 832 1531 trabes
848 1461 947 1555 paulo
961 1461 1127 1556 longiores
1147 1476 1246 1554 atque
1261 1463 1341 1532 emi-

305 1582 491 1666 nentiores,
508 1606 607 1674 quarn
626 1583 763 1650 extremi
786 1583 926 1676 parietes
949 1596 1060 1667 erant,
1080 1579 1276 1664 effecerunt,
1302 1598 1339 1650 ut

305 1715 405 1785 esset,
418 1700 476 1770 ubi
491 1703 671 1794 tegimenta
681 1700 894 1795 praependere
911 1715 1044 1795 possent
1057 1700 1099 1768 ad
1118 1699 1339 1772 defendendos

307 1823 391 1890 ictus
410 1847 449 1890 ac
462 1820 685 1914 repellendos,
705 1821 785 1888 dum
803 1823 969 1889 inteream
987 1819 1268 1913 contignationem
1278 1845 1339 1914 pa·

305 1942 404 2008 rietes
419 1954 686 2025 exstruerentur3
706 1963 846 2032 eamque
862 1937 1163 2008 contabulationem
1178 1963 1337 2013 summam

304 2056 460 2127 lateribus
478 2057 614 2151 lutoque
631 2072 902 2145 constraverunt,
931 2083 972 2126 ne
992 2058 1073 2150 quid
1089 2059 1175 2152 ignis
1193 2059 1336 2127 hostiurn

305 2201 423 2244 nocere
444 2191 571 2269 posset3
598 2178 820 2269 centonesque
839 2178 973 2270 insuper
1003 2177 1199 2270 injecerunt,
1224 2191 1339 2246 neunt

306 2294 370 2364 tela
402 2297 575 2364 tormentis
604 2296 702 2364 missa
731 2293 967 2364 tabulationem
995 2295 1252 2390 perfringerent‚
1282 2312 1339 2365 ant

306 2439 382 2484 saxa
405 2439 446 2482 ex
464 2413 639 2508 catapultis
658 2414 836 2483 lateritium
856 2415 1065 2485 discuterent
1085 2418 1210 2485 Storias
1229 2431 1338 2486 autem

305 2561 345 2602 ex
363 2534 496 2603 funibus
515 2535 719 2603 anchorariis
749 2548 831 2620 tres,
860 2536 894 2602 in
919 2534 1159 2630 longitudinem
1176 2537 1338 2630 parietum

305 2655 421 2737 turris,
437 2653 518 2723 latas
545 2678 581 2722 rv
600 2653 699 2747 pedes
721 2652 886 2740 fecerunt,
908 2678 1027 2748 easque
1051 2655 1215 2724 extribus
1235 2656 1338 2751 parti·

301 2775 383 2857 hus,
400 2800 473 2868 quae
486 2775 528 2844 ad
538 2774 647 2842 hostes
662 2774 858 2868 vergebant,
878 2775 1096 2843 eminentibus
1112 2773 1258 2842 trabibus
1274 2775 1339 2842 cir·

304 2920 379 2963 eum
398 2897 516 2963 turrim
526 2893 774 2988 praependentes
792 2892 1034 2988 religaverunt:
1048 2892 1138 2986 quod
1156 2917 1260 2962 unum
1278 2918 1336 2986 ge·

305 3040 367 3082 nus
388 3014 558 3108 tegimenti
578 3011 651 3081 aliis
671 3011 751 3080 locis
776 3027 870 3081 erant
895 3014 1020 3105 experti
1038 3012 1130 3082 nullo
1149 3011 1214 3082 telo
1232 3035 1340 3103 neque

305 3147 470 3201 tormento
494 3132 641 3224 transjici
661 3155 766 3225 posse.
788 3131 855 3200 Ubi
876 3155 954 3199 vero
975 3156 1013 3200 ea
1035 3157 1110 3225 pars
1129 3134 1248 3216 turris,
1267 3155 1339 3224 quae

304 3266 375 3319 erat
391 3250 552 3344 perlecta,
574 3265 658 3320 tecta
680 3267 778 3346 atque
799 3253 926 3320 munita
954 3267 1002 3320 est
1020 3253 1062 3320 ab
1082 3256 1172 3320 omni
1194 3254 1259 3320 ictu
1280 3253 1338 3320 ho·

305 3374 423 3457 stium,
440 3369 570 3463 pluteos
582 3371 623 3439 ad
643 3371 706 3440 alia
718 3397 820 3466 opera
841 3371 1073 3442 abduxerunt:
1095 3373 1194 3439 turris
1215 3385 1338 3438 tectum

305 3517 408 3588 perse
422 3492 528 3584 ipsum
541 3491 815 3584 prehensionibus
830 3518 869 3560 cx
889 3493 1136 3584 contignatione
1144 3489 1251 3581 prima
1266 3511 1339 3554 sns-

307 3611 447 3706 pendere
475 3636 514 3680 ac
535 3609 649 3680 tollere
674 3627 857 3704 caeperunt,
876 3613 950 3699 ubi,
975 3629 1135 3704 quantum
1162 3609 1339 3675 storiarum

307 3734 458 3802 demissio
479 3733 683 3826 patiebatur,
701 3745 829 3798 tantum
850 3730 1032 3799 elevabant.
1056 3732 1147 3797 lntra
1169 3728 1235 3796 lraec
1264 3727 1341 3820 tegi·

307 3867 417 3920 menta
432 3851 535 3919 abditi
550 3865 647 3945 atque
658 3851 774 3917 muniti
793 3851 931 3942 parietes
941 3847 1097 3917 lateribus
1108 3849 1339 3931 exstruebant,

308 3995 486 4064 rursusque
511 3971 574 4039 alia
597 3970 812 4064 prehensione
836 3970 878 4039 ad
900 3968 1126 4039 aedificandum
1147 3969 1207 4038 sibi
1231 3967 1340 4037 locum
