3026 4768
462 355 512 410 DE
532 356 653 412 nuum
673 356 977 414 assumunt.
1187 378 1239 427 ¹¹7

199 495 328 550 nostras
346 481 533 548 victorias:
555 481 671 551 ardere
689 480 854 569 Gallium,
879 496 931 573 tot
953 483 1163 552 contumeliis
1186 509 1240 554 ac-

200 601 303 694 ceptis
318 601 379 669 sub
394 597 512 693 populi
526 604 655 670 romani
670 603 847 695 imperium
862 601 1051 686 redactam,
1069 603 1240 694 superiore

199 717 304 812 gloria
318 719 366 787 rei
383 719 534 788 militaris
543 722 716 789 exstincta.
729 724 917 806 Postremo,
929 721 1004 813 quis
1017 720 1082 788 hoc
1094 720 1156 788 sibi
1171 745 1241 814 per-

200 837 368 925 suaderet,
388 841 458 907 sine
478 855 569 908 certa
587 863 624 908 re
642 841 869 936 Ambiorigem
889 838 933 908 ad
949 839 1111 932 ejusmodi
1132 843 1241 909 consi·

199 956 283 1026 lium
300 957 524 1028 descendisse?
540 962 641 1028 Suam
656 962 852 1029 sententiam
869 962 904 1027 in
920 959 1095 1052 utramque
1112 973 1241 1053 partem

198 1101 271 1146 esse
289 1091 395 1147 tutam
413 1105 421 1145 :
442 1080 469 1148 si
487 1079 570 1148 nihil
589 1081 632 1148 sit
648 1080 777 1166 durius,
797 1077 889 1147 nullo
909 1077 1065 1172 periculo.
1074 1078 1116 1147 ad
1132 1082 1241 1173 proxi·

200 1221 289 1266 marn
312 1196 477 1292 legionem
502 1213 735 1293 perventuros3
757 1201 784 1268 si
803 1197 1136 1269 Gallialomnis'cu'm
1154 1201 1240 1268 Ger·

201 1320 308 1387 manis
323 1321 526 1408 consentiat,
544 1344 645 1388 unam
661 1343 731 1388 esse
748 1320 781 1386 in
802 1317 970 1387 celeritate
988 1318 1242 1412 positamzsalu·

203 1454 281 1506 tem.
297 1441 404 1508 Cottae
420 1438 555 1532 quidem
573 1452 672 1532 atque
691 1462 823 1524 eorum,
839 1439 896 1529 qui
914 1437 1142 1524 dissentirent,
1163 1459 1241 1506 con-

202 1556 314 1628 silium
342 1583 442 1651 quem
470 1558 609 1626 haberet
625 1555 782 1630 exitum?
807 1558 842 1624 in
862 1581 929 1650 quo
953 1559 993 1626 si⁴
1007 1583 1075 1626 non
1098 1582 1242 1651 praesens

203 1677 407 1772 periculum,
422 1691 557 1748 atcerte
573 1677 753 1772 longinqua
768 1677 940 1746 obsidione
956 1677 1057 1746 sames
1074 1690 1158 1746 esset
1171 1701 1242 1770 per·

202 1798 414 1868 timescenda.

234 1922 358 1988 XXX.
384 1923 455 1988 Hac
475 1920 510 1986 in
531 1934 706 2013 utramque
724 1935 852 2014 partem
869 1921 1101 2015 disputatione·
1114 1919 1241 2007 habita,

202 2063 306 2134 quum
322 2063 342 2107 a
358 2042 459 2109 Cotta
480 2040 661 2134 primisque
680 2039 852 2126 ordinibus
870 2042 990 2109 acriter
1010 2042 1240 2111 resisteretur:

202 2191 219 2226 a
234 2160 389 2248 Vincite,
410 2159 539 2252 inquit,
561 2161 587 2228 si
608 2161 662 2228 ita
674 2157 792 2248 vultis,
812 2160 972 2247 Sabinus,
995 2173 1029 2228 et
1048 2159 1084 2228 id
1103 2158 1243 2229 clariore

188 2307 298 2370 -voce,
316 2296 353 2349 ut
370 2305 489 2376 magna
504 2305 581 2375 pars
598 2279 750 2349 militurn.
763 2282 934 2351 exaudiret
953 2308 961 2348 ε
983 2304 1091 2374 neque
1108 2282 1136 2349 is
1151 2307 1240 2366 suin,

204 2402 333 2494 inquit,
350 2403 407 2493 qui
429 2401 621 2494 gravissime
635 2425 673 2468 ex
686 2400 779 2468 vobis
799 2405 914 2469 mortis
930 2401 1082 2495 periculo
1096 2415 1239 2470 terrear:

203 2520 238 2590 hi
252 2521 398 2614 sapient,
413 2535 446 2589 et
463 2522 489 2589 si
509 2522 642 2615 gravius
662 2520 743 2613 quid
763 2521 932 2608 acciderit,
953 2508 1012 2590 abs
1029 2537 1062 2589 te
1078 2524 1241 2590 rationem

202 2655 393 2734 reposcent,
406 2640 484 2732 qui,
495 2643 523 2708 si
536 2665 595 2734 per
609 2657 642 2708 te
653 2638 764 2727 liceat,
780 2638 963 2731 perendino
975 2639 1029 2707 die
1041 2663 1116 2707 cum
1132 2640 1242 2731 proxi-

203 2762 267 2830 mis
286 2761 435 2830 hibernis
456 2760 646 2853 conjuncti,
670 2781 881 2826 communem
905 2781 982 2824 curn
1004 2755 1139 2848 reliquis
1162 2754 1241 2825 belli

203 2903 316 2950 casum
329 2881 528 2964 sustineant,
545 2903 606 2947 nec
622 2879 733 2971 rejecti
748 2890 781 2944 et
798 2875 935 2970 relegati
951 2873 1054 2969 longe
1069 2877 1110 2944 ab
1127 2879 1240 2952 ceteris

202 3016 260 3069 aut
278 2999 367 3070 ferro
383 3013 443 3068 aut
457 2999 544 3068 farne
562 3001 736 3068 intereant.
750 3029 769 3064 s.

252 3123 380 3208 XXXI.
388 3120 610 3213 Consurgitur
617 3143 654 3187 ex
666 3115 817 3204 consili0;
827 3118 1241 3212 comprehenduntutrum-

203 3266 268 3335 que
287 3255 320 3308 et
338 3255 455 3326 orant,
475 3269 492 3304 a
505 3264 548 3307 ne
571 3263 629 3308 sua
648 3239 850 3328 dissensione
866 3251 899 3305 et
915 3240 1095 3332 pertinacia
1114 3265 1191 3308 rem¹
1206 3242 1247 3338 in,

202 3385 371 3430 summum
387 3357 570 3454 periculum
585 3357 750 3426 deducant
763 3383 770 3424 :
784 3357 913 3427 facilem
925 3383 993 3426 esse
1005 3383 1090 3443 rem,
1101 3383 1157 3426 seu
1173 3385 1241 3428 ma·

204 3494 321 3568 neant,
337 3503 395 3548 seu
410 3477 678 3572 proficiscantur,
692 3477 720 3544 si
733 3477 833 3545 modo
850 3501 952 3546 unum
968 3501 1084 3546 ornnes
1099 3478 1241 3547 sentiant

203 3626 241 3670 ac
257 3601 416 3695 probent;
429 3612 546 3666 contra
560 3598 594 3664 in
607 3596 811 3667 dissensione
824 3596 949 3666 nullam
965 3623 999 3666 se
1015 3596 1154 3667 salutern
1170 3623 1242 3692 pcr-

204 3721 370 3814 spicere.»
388 3722 453 3786 Res
472 3716 696 3810 disputatione
716 3716 759 3785 ad
774 3717 920 3784 mediam.
936 3731 1065 3785 noctem
1087 3717 1240 3810 perduci·

204 3855 269 3908 tur.
290 3838 439 3908 Tandem
460 3838 517 3905 dat
539 3842 637 3908 Cotta
657 3851 826 3931 permotus
847 3860 992 3904 manus:
1014 3852 1147 3932 superat
1160 3863 1240 3908 sen-

204 3961 307 4028 tentia
324 3958 436 4029 Sabini
455 3985 462 4026 :
483 3957 735 4054 pronuntiatur,
755 3957 861 4050 prima
882 3955 956 4026 luce
969 3957 1080 4026 ituros*
1096 3985 1103 4026 :
1121 3985 1239 4029 consu-
