3048 4770
257 361 294 417 60
413 362 442 416 C.
467 365 564 420 tutu
584 364 744 420 effisonls
766 361 1132 419 communmmonum

258 511 375 580 magna
407 486 534 580 adjecta
566 484 720 580 planitie,
754 484 921 554 altissimis
949 486 1117 554 montibus
1146 485 1304 577 undique

257 607 453 674 continetur.
478 608 594 696 Quum
610 607 665 675 hic
684 607 718 674 in
741 605 823 674 duas
846 618 955 698 partes
976 603 1114 672 llumine
1135 603 1306 674 dividere·

258 739 328 809 tur,
343 721 481 794 alteram
500 740 630 818 partem
646 725 717 818 ejus
735 726 798 794 vici
816 721 923 794 Gallis
943 724 1121 809 concessit;
1138 721 1304 810 alteram,

259 867 397 912 vacuam
416 845 457 912 ab
474 842 544 913 illis
555 843 725 933 relictam,
745 843 937 913 cohortibus
956 843 998 910 ad
1017 841 1236 910 hiemandum
1253 855 1306 910 at·

260 963 383 1031 tribuit.
398 967 485 1032 Eum
500 962 611 1032 locum
627 961 715 1032 vallo
729 962 879 1056 fossaque
895 960 1047 1031 munivit.

306 1084 350 1150 ΙΙ.
364 1083 481 1171 Quum
496 1083 566 1152 dies
578 1082 794 1152 hibernorum
811 1080 999 1175 complures
1013 1080 1224 1168 transissent,
1235 1081 1308 1150 fru-

258 1213 474 1293 mentumque
490 1226 530 1272 eo
545 1203 747 1297 comportari
760 1202 928 1295 jussisset,
945 1199 1056 1268 subito
1071 1223 1131 1292 per
1147 1197 1306 1291 explora·

165 1342 173 1356 ¹
260 1331 347 1386 tores
369 1321 491 1389 certior
517 1321 622 1390 factus
644 1335 710 1408 est,
735 1345 776 1390 ex
799 1345 837 1390 ea
861 1334 955 1414 parte
979 1319 1044 1387 vici
1068 1343 1167 1412 quam
1190 1316 1303 1386 Gallis

259 1452 479 1526 concesserat,
489 1464 603 1509 omnes
616 1455 717 1510 noctu
731 1439 930 1525 discessisse,
944 1451 1154 1530 montesque,
1168 1437 1225 1529 qui
1241 1437 1304 1504 im-

261 1554 460 1649 penderent,
478 1583 497 1626 a
518 1539 660 1628 maxima
680 1556 894 1628 multitudine
908 1557 1118 1626 Sedunorum
1140 1569 1174 1624 et
1191 1557 1303 1623 Vera·

260 1698 397 1768 grorum
413 1677 529 1746 teneri.
548 1677 587 1746 Id
609 1677 735 1772 aliquot
755 1677 797 1746 de
813 1678 919 1746 causis
933 1675 1114 1764 acciderat,
1134 1689 1172 1743 ut
1187 1672 1301 1743 subito

260 1794 349 1864 Galli
366 1794 443 1865 belli
459 1797 641 1866 renovandi
660 1795 864 1890 legionisque
880 1794 1107 1890 opprimenda
1121 1793 1301 1863 consilium

260 1931 417 2007 caperent
434 1941 442 1982 :
457 1919 601 2009 primum
611 1967 620 2002 ,
632 1915 723 2008 quod
738 1915 921 2010 legionem,
937 1939 1044 2008 neque
1059 1939 1131 1982 eam
1149 1912 1303 2014 plenissi-

262 2057 368 2120 mam,
385 2033 541 2103 detractis
554 2035 746 2104 cohortibus
759 2034 904 2119 duabus,
920 2046 954 2102 et
973 2031 1200 2127 compluribus
1210 2020 1303 2126 sigl-

262 2149 371 2237 latim‚
386 2155 444 2246 qui
459 2169 660 2224 commeatus
674 2153 806 2248 petendi
815 2177 912 2222 causa
926 2154 1016 2221 missi
1031 2166 1140 2240 erant,
1153 2153 1302 2220 absenti·
1346 2225 1350 2232 ,

261 2268 337 2358 bus,
354 2287 490 2364 propter
503 2274 703 2365 paucitatem
719 2272 958 2366 despiciebant3
973 2286 1044 2340 tum
1060 2271 1175 2360 etiam,
1193 2273 1301 2364 quod,

261 2404 398 2482 propter
412 2391 619 2483 iniquitatem
635 2389 719 2477 loci,
736 2415 838 2484 quum
856 2392 918 2484 ipsi
934 2415 975 2459 cx
990 2390 1159 2459 montibus
1175 2390 1211 2458 iu
1227 2389 1301 2460 val·

262 2506 326 2576 lem
345 2508 560 2579 decurrerent
576 2525 610 2578 et
623 2511 688 2579 tela
702 2512 920 2604 conjicerent,
936 2536 979 2579 ne
995 2511 1141 2604 primum
1163 2510 1302 2604 quidem

263 2653 355 2722 posse
371 2630 531 2724 impetum
550 2655 646 2699 suum
663 2631 817 2699 sustineri
834 2629 1075 2699 existimabant.
1093 2629 1301 2717 Accedebat,

261 2748 351 2840 quod
367 2773 442 2818 suos
458 2750 500 2817 ab
517 2775 551 2818 se
573 2748 692 2819 liberos
712 2750 894 2819 abstractos
915 2749 1069 2820 obsidum
1086 2751 1220 2819 nomine
1240 2750 1303 2820 do·

262 2865 388 2950 lebant,
409 2884 444 2937 et
465 2873 653 2956 Romanos,
682 2894 750 2938 non
775 2869 882 2938 solum
908 2870 1067 2938 itinerum
1095 2895 1210 2954 causa,
1242 2871 1304 2938 sed

261 2985 359 3054 ctiam
379 3003 546 3081 perpetuae
565 2989 791 3082 possessionis,
814 2985 960 3056 culmina
983 2985 1119 3080 Alpium
1137 3013 1305 3083 occupare

261 3105 392 3193 conari,
416 3120 450 3174 et
477 3131 515 3174 ea
542 3106 613 3177 loca
637 3107 783 3176 finitimae
807 3105 989 3176 Provincia
1014 3104 1210 3200 adjungere,
1236 3107 1296 3176 sihi

261 3250 455 3319 persuasum
471 3227 647 3296 habehant.

297 3349 367 3424 ,ΙΙΙ.
396 3347 456 3415 His
478 3349 603 3416 nuntiis
626 3351 783 3441 acceptis,
805 3349 932 3439 Galba,
953 3373 1057 3443 quum
1082 3372 1190 3440 neque
1216 3374 1299 3441 opus

260 3467 477 3535 hibernorum
497 3465 764 3562 munitionesque
789 3467 887 3562 plene
912 3483 1022 3540 esseut
1046 3467 1215 3562 perlectae,
1241 3493 1299 3535 ne-

261 3610 326 3678 que
342 3585 383 3655 de
400 3586 568 3656 frumento
583 3584 778 3680 reliquoque
796 3577 1002 3680 commeatud
1016 3590 1093 3656 satis
1115 3601 1200 3656 essct
1220 3611 1299 3679 pro·

263 3707 383 3790 visum,
418 3703 525 3798 quod,
562 3705 730 3775 deditione
762 3706 847 3776 facta
875 3707 1109 3799 obsidibusque
1137 3706 1299 3799 acceptis,

263 3822 346 3893 nihil
362 3823 403 3891 de
417 3823 506 3893 bello
520 3823 704 3894 timendum
717 3826 978 3912 existimaverat,
993 3825 1136 3894 concilio
1148 3823 1300 3893 celeriter

262 3957 458 4029 convocato,
479 3946 656 4015 sententias
673 3947 843 4038 exquirere
860 3948 968 4040 coepit.
992 3947 1071 4035 Quo
1086 3947 1120 4013 in
1143 3943 1300 4030 concilio,
