3038 4766
282 312 317 379 Ill
430 314 461 368 C.
481 313 579 368 IULII
599 312 766 368 CAESXRIS
788 311 1156 370 contutEN'rlmouUnt

281 440 486 524 cohortibus,
497 465 568 534 quae
584 439 722 508 erantin
736 438 877 506 statione
886 436 928 505 ad
939 451 1065 531 portas,
1078 435 1313 508 defenduntur.

329 563 481 630 LXXVI.
501 560 631 647 Quibus
649 558 747 626 rebus
770 555 948 642 confectis,
968 557 1048 625 flens
1066 557 1214 626 Petreius
1240 583 1316 628 ma-

283 678 412 773 nipulos
431 680 562 765 circuit,
583 676 769 770 militesque
791 674 951 772 appellat3
976 701 1040 746 neu
1061 701 1111 763 se,
1130 702 1194 746 neu
1215 681 1316 747 Pom-

283 801 392 892 peium
409 798 590 885 absentem,
604 799 831 891 imperatorem
845 821 940 865 suum
950 846 959 882 ,
970 796 1164 865 adversariis
1177 796 1221 866 ad
1235 823 1316 892 sup·

283 920 418 1016 plicium
442 917 589 1003 tradant,
621 918 783 986 obsecrat.
807 917 861 983 Fit
887 913 1034 984 celeriter
1063 940 1243 986 concursus
1279 919 1315 986 iu

284 1040 484 1134 praetorium.
502 1035 663 1123 Postulat,
675 1050 713 1105 ut
725 1037 838 1130 jurent
857 1059 986 1118 omnes,
1001 1059 1037 1104 se
1053 1037 1232 1106 exercitum
1253 1037 1315 1106 du-

283 1182 403 1251 cesque
432 1181 499 1225 non
523 1157 728 1243 deserturos,
760 1179 866 1248 neque
892 1153 1101 1248 prodituros,
1124 1179 1231 1248 nequc
1248 1157 1309 1226 sibi

284 1279 490 1371 separatima
507 1276 640 1371 reliquis
656 1273 829 1344 consilium
838 1290 1006 1368 pupturos.
1021 1276 1176 1368 Prinoeps
1195 1279 1230 1344 in
1245 1277 1313 1346 brec

284 1396 383 1464 verba
399 1397 487 1488 jurat
509 1397 603 1492 ipse:
625 1395 710 1466 idem
735 1393 967 1490 jusjurandum
986 1393 1090 1488 adigit
1111 1394 1283 1464 Afranium
1304 1422 1312 1463 ε

285 1515 530 1608 subsequuntur
551 1514 675 1584 tribuni
698 1512 840 1582 militum
876 1514 1149 1607 centurionesque
1173 1539 1181 1582 :
1203 1529 1315 1584 centu·

286 1637 396 1705 riatim
410 1633 561 1729 producti
572 1633 690 1704 milites
706 1633 923 1727 idemjurant.
937 1632 1093 1720 Edicunt,
1106 1658 1206 1727 penes
1216 1659 1314 1728 quem

286 1763 425 1850 quisque
455 1756 498 1824 sit
521 1756 657 1825 Caesaris
690 1752 798 1842 miles,
824 1767 860 1822 ut
887 1752 1116 1847 producatur:
1140 1753 1315 1847 productos

286 1874 395 1970 palam
420 1877 454 1944 in
479 1877 632 1969 praetorio
657 1872 868 1942 interficiunt.
894 1872 959 1941 Sed
983 1873 1156 1966 plerosque
1182 1875 1237 1961 hi,
1259 1877 1316 1968 qui

287 2008 491 2087 receperant,
515 1995 641 2078 celant,
659 2007 825 2085 noctuque
845 2016 905 2086 per
928 1991 1048 2061 vallum
1070 1978 1237 2063 emittunt.
1263 1996 1316 2064 Sic

288 2129 413 2184 terrore
431 2111 543 2187 oblato
563 2139 583 2182 a
602 2112 756 2200 ducibus,
775 2111 950 2183 crudelitas
975 2117 1009 2181 in
1033 2113 1212 2208 suppIIcio,
1231 2140 1317 2185 nova

288 2232 403 2326 religio
413 2233 647 2324 jurisjurandi,
664 2257 756 2332 spem
777 2234 945 2326 presentis
965 2231 1142 2304 deditionis
1164 2235 1317 2320 sustulit,

288 2366 476 2444 mentesque
494 2350 636 2421 militum
652 2353 829 2437 convertit,
849 2366 882 2421 et
899 2377 969 2421 rem
987 2352 1028 2420 ad
1050 2355 1220 2447 pristinam
1239 2355 1314 2424 belli

288 2472 448 2540 rationem
465 2471 600 2566 redegit.

336 2594 505 2662 LXXVII.
521 2595 649 2676 Cesar,
668 2593 726 2686 qui
744 2589 862 2662 milites
879 2593 1138 2662 adversariorum
1161 2595 1196 2662 in
1212 2609 1316 2664 castra

290 2736 348 2805 per
376 2725 504 2806 tempus
527 2709 682 2805 colloquii
700 2727 877 2798 venerant,
898 2737 1028 2782 sumina
1044 2711 1215 2808 diligentia
1237 2739 1317 2783 con·

289 2833 377 2925 quiri
388 2846 421 2900 et
440 2832 563 2900 remitti
575 2829 673 2924 jubet
686 2857 694 2900 :
709 2831 765 2900 sed
790 2856 829 2900 ex
850 2857 988 2901 numero
1005 2833 1213 2902 tribunorum
1233 2831 1317 2900 mili-

292 2967 362 3021 tum
377 2956 672 3044 centurionumque
689 2950 841 3020 nonnulli
864 2977 924 3021 sua
947 2951 1118 3022 voluntate
1137 2953 1224 3049 apud
1242 2977 1318 3020 eum

291 3087 533 3159 remanserunt,
550 3098 631 3165 quos
649 3071 704 3153 ille
719 3087 830 3166 postea
850 3097 971 3166 magno
988 3073 1022 3140 in
1039 3073 1166 3143 honore
1182 3075 1319 3159 habuit3

291 3191 500 3259 centuriones
527 3193 560 3261 in
592 3190 768 3286 arnpliores
791 3191 936 3278 ordines,
962 3194 1086 3285 equites
1114 3217 1267 3263 romanos
1285 3196 1319 3262 in

293 3311 501 3380 tribunitium
521 3315 663 3380 restituit
680 3315 853 3382 honorem.

339 3433 524 3500 LXXVIII.
542 3434 781 3503 Premebantur
794 3433 964 3503 Afraniani
974 3431 1202 3527 pabulatione,
1219 3455 1321 3524 aqua·

291 3551 414 3620 bantur
424 3576 518 3645 segre.
537 3555 706 3622 Frumenti
721 3555 850 3648 copiam
862 3551 1033 3644 legionarii
1054 3549 1246 3620 nonnullam
1260 3551 1322 3618 ha·

291 3671 430 3757 bebant,
459 3672 549 3766 quod
575 3671 703 3742 dierum
732 3697 809 3742 xxtr
829 3674 871 3740 ab
893 3673 1002 3742 Ilerda
1019 3675 1220 3742 frumentum
1234 3672 1318 3764 jussi

293 3807 387 3861 erant
398 3792 531 3880 efferre3
543 3795 660 3862 cetrati
668 3790 904 3884 auxiliaresque
915 3791 1059 3881 nullam,
1071 3815 1214 3885 quorum
1227 3806 1323 3861 erant

292 3926 325 3980 et
339 3907 510 3981 facultates
525 3911 568 3980 ad
584 3910 769 4006 parendum
781 3911 926 4004 exiguae,
941 3928 973 3982 et
988 3935 1126 4008 corpora
1140 3915 1267 3982 insueta
1282 3909 1324 3980 ad
