3038 4766
282 353 317 420 8l
435 357 466 414 ss
482 357 580 414 Juuu
600 355 766 414 CAESARIS
786 355 1153 414 nouusuuuutouuu
1255 433 1257 438 ,

281 449 403 575 integri
425 481 660 575 procumbunt.
679 484 839 552 Hortatur
855 465 1035 554 eudonem
1052 481 1114 548 Cn.
1131 477 1311 566 Domitius,

282 599 455 691 prefectus
466 602 634 695 equitum,
646 624 723 670 cum
738 600 852 694 paucis
865 598 1031 693 equitibus
1045 585 1310 682 circumsistens,

281 730 320 785 ut
339 718 417 813 iuga
434 719 574 790 salutem
594 733 702 813 petat,
717 733 815 812 atque
835 720 868 788 in
886 733 993 788 castra
1009 715 1208 804 contendat,
1224 730 1258 786 et
1276 739 1310 786 se

281 837 324 908 ab
342 863 382 908 eo
398 863 466 911 nou
486 838 706 910 discessurum
722 837 908 933 pollicetur.
926 843 970 910 At
982 837 1110 936 Curio,-
1124 859 1310 930 nunquam,

282 959 402 1027 smisso
421 960 586 1046 exercitu,
609 981 709 1052 quem
728 982 747 1027 a
768 960 897 1028 Casus
919 955 997 1026 fidei
1018 979 1083 1028 sue
1102 955 1311 1054 commissum

282 1079 464 1170 acceperit,
479 1080 561 1148 sein
576 1079 648 1172 ejus
661 1092 875 1174 conspectum
892 1099 1101 1172 reversurum
1115 1073 1311 1162 consumam

281 1210 381 1289 atque
398 1197 443 1266 its
462 1196 617 1292 proelians
634 1197 840 1267 interficitur.
851 1196 986 1290 Equites
1000 1195 1211 1289 perpauciex
1228 1219 1311 1289 pros·

282 1313 328 1384 lio
350 1339 387 1384 se
411 1317 577 1410 recipiunt
594 1341 602 1384 ε
619 1315 678 1385 sed
704 1317 746 1404 ii,
771 1339 854 1410 quos
882 1314 924 1384 ad
952 1315 1167 1385 novissimum
1194 1338 1312 1410 agmen

281 1457 444 1528 equorum
463 1433 714 1505 reficiendorum
733 1417 834 1506 causa
850 1435 1032 1506 substitisse
1051 1433 1311 1504 demonstratum

282 1566 352 1642 est,
373 1553 451 1650 fuga
470 1556 572 1626 totius
587 1557 751 1628 exereitus
771 1554 888 1650 procul
906 1555 1146 1644 animadversa,
1166 1579 1237 1624 sese
1260 1557 1312 1623 in-

282 1670 428 1744 columes
448 1675 489 1744 in·
502 1689 609 1745 castra
631 1674 816 1746 conserunt.
843 1673 967 1745 Milites
994 1672 1037 1744 ad
1063 1699 1169 1745 unum
1199 1699 1312 1744 omues

285 1792 540 1888 interficiuntur.
581 1833 583 1838 v

220 1955 224 1964 ·
332 1915 453 1987 XLIII.
479 1915 540 1984 His
553 1915 652 1986 rebus
668 1917 829 2011 cognitis,
842 1919 891 1986 M.
906 1917 1014 1988 Rufus
1026 1929 1189 2010 quaestor,
1206 1915 1242 2014 iu
1257 1939 1310 1983 ca·

284 2029 360 2099 stris
378 2031 511 2102 relictus
526 2059 546 2102 a
564 2037 723 2119 Curione,
735 2034 929 2104 cohortatur
942 2059 1034 2124 suos,
1051 2059 1093 2104 ne
1109 2036 1221 2130 animo
1238 2035 1322 2105 defi.

284 2151 384 2220 ciant.
403 2150 454 2220 llli
472 2168 571 2222 orant
586 2168 686 2247 atque
700 2153 891 2241 obsecrant,
907 2154 995 2224 utin
1014 2152 1160 2224 Siciliam
1174 2155 1313 2224 navibus

286 2283 507 2365 reportentur.
534 2270 732 2362 Pollicetup,
752 2274 981 2368 magistrisque
1001 2275 1141 2367 imperat
1159 2275 1313 2361 navium,

285 2405 322 2458 ut
342 2389 451 2484 primo
471 2409 608 2484 vespere
628 2415 742 2460 omnes
766 2391 903 2485 scaphas
926 2391 969 2463 ad
988 2390 1067 2461 litus
1087 2391 1241 2486 appulsae
1257 2393 1315 2462 lm·

282 2499 394 2568 beant.
415 2497 480 2570 Sed
498 2513 609 2569 tantus
624 2499 687 2568 fuit
702 2502 849 2570 omnium
866 2514 990 2589 terror,
1007 2514 1045 2572 ut
1060 2500 1115 2570 alii
1132 2501 1245 2570 adesse
1261 2525 1315 2570 cn-

284 2621 356 2713 piss
373 2617 464 2688 Iub'ae
480 2614 648 2706 dicerent,
666 2618 723 2688 alii
740 2599 817 2690 dum
833 2619 1017 2716 legionibus
1033 2622 1155 2690 instare
1174 2625 1312 2706 Varum,

280 2740 415 2836 jamque
428 2761 464 2808 se
476 2738 648 2836 pulverem
662 2741 866 2812 venientium
880 2765 1015 2811 cernere
1030 2739 1186 2837 (quarum
1201 2765 1312 2810 rerum

284 2855 367 2928 nihil
387 2861 524 2930 omuino
541 2860 740 2957 acciderat),
757 2859 814 2931 alii
838 2860 972 2932 classem
995 2862 1139 2931 hostium
1163 2861 1313 2932 celeriter

282 2977 509 3050 advolamram
527 2981 782 3075 suspicarentur.
797 2984 933 3075 Itaque,
946 2983 1129 3074 perterritis
1142 2981 1312 3065 omnibus,

283 3098 345 3168 sibi
362 3061 502 3192 quisbue
521 3099 743 3172 consulebat:
762 3104 820 3196 qui
840 3103 875 3171 in
892 3100 996 3173 classe
1014 3117 1130 3192 erant,
1150 3101 1313 3198 proficisci

282 3217 524 3311 properabaut3
543 3220 664 3290 horum
686 3219 764 3318 fuga
787 3223 921 3293 navium
945 3223 1172 3292 onerariarum
1197 3225 1314 3316 magis-

282 3351 351 3406 tros
364 3337 523 3408 incitabat
535 3341 653 3433 :pauci
669 3338 836 3412 lenunculi
852 3339 895 3411 ad
908 3341 1056 3411 officium
1073 3344 1311 3442 imperiumque

281 3458 530 3527 conveniebant.
557 3459 622 3530 Sed
637 3474 727 3532 tanta
743 3476 836 3548 erat,
855 3460 1028 3556 completis
1045 3461 1211 3548 litoribus,
1230 3485 1312 3531 con-

283 3578 405 3668 tentio,
424 3579 482 3675 qui
507 3581 713 3674 potissimum
736 3605 776 3650 ex
800 3603 920 3676 magno
947 3569 1087 3658 numero
1111 3579 1312 3668 conscende-

282 3711 377 3786 rent,
397 3712 435 3767 nt
453 3697 665 3768 multitudine
682 3713 901 3793 atque'onere
920 3696 1073 3771 nonnulli
1090 3701 1314 3795 deprimeren-

281 3829 354 3904 tur,
371 3815 490 3911 reliqui
506 3818 550 3888 nb
570 3819 724 3891 timorem
741 3821 877 3913 propius
894 3819 985 3888 adire
1003 3819 1224 3892 tardarentur.

329 3937 448 4008 XLIV.
476 3937 609 4026 Quibus
621 3937 719 4008 rebus
733 3937 870 4028 accidit,
886 3955 923 4009 ut
937 3941 1034 4033 pauci
1050 3938 1171 4011 milites
1188 3951 1313 4032 patres·
