3060 4768
516 387 568 444 DE
589 387 712 444 amo
736 387 935 446 asslcsuo.
1037 475 1039 480 Ι
1182 409 1235 450 aas

205 515 348 611 (pedites
362 514 465 600 euim,
479 509 559 580 dum
575 513 701 604 equites
717 509 847 605 longius
864 512 906 580 ab
922 513 1023 607 signis
1035 537 1238 617 persequun-

205 650 274 721 tur,
295 632 397 702 latere
413 630 561 721 nudato,
578 657 598 700 a
615 633 774 727 proximis
792 632 947 702 Numidis
957 633 1075 725 jaculis
1090 635 1241 706 vulnera·

204 757 342 838 benum
359 752 484 846 equites
501 765 610 822 autem
625 749 770 821 hostium
788 749 892 846 pilum
909 751 1023 821 militis
1038 777 1136 823 cursu
1146 752 1240 825 facile

204 868 388 965 vitabant),
405 869 503 941 edicit
519 893 578 965 per
602 871 754 960 ordines,
772 873 899 965 nequis
914 869 1008 942 miles
1025 873 1067 942 ab
1086 873 1188 969 signis
1206 899 1241 944 iv

205 990 305 1085 pedes
332 987 462 1084 lougius
492 988 693 1085 procederet.
719 991 894 1083 Equitatus
923 993 1057 1062 interim
1084 994 1239 1084 Labieni,

204 1133 339 1180 suorum
368 1109 577 1180 multitudine
602 1108 767 1196 conlisus,
788 1112 928 1180 Caesaris
956 1113 1155 1206 paucitatem
1178 1115 1241 1182 cir-

204 1230 330 1300 cumire
347 1244 486 1300 conatur
505 1254 514 1298 :
536 1229 662 1323 equites
678 1227 799 1300 Juliani
820 1231 932 1324 pauci,
950 1228 1162 1302 multitudine
1176 1232 1240 1302 ho·

206 1352 304 1418 suum
328 1347 462 1436 defessi,
491 1347 585 1443 equis
613 1345 872 1436 consummatis,
904 1348 1063 1444 paulatim
1087 1351 1239 1422 cedere:

203 1470 307 1538 hostis
323 1468 428 1564 magis
444 1467 614 1563 memeque
625 1469 758 1538 instare.
777 1471 827 1536 lta
845 1483 972 1562 puncto
992 1473 1150 1565 temporis
1168 1497 1239 1541 om-

205 1589 302 1658 nibus
319 1587 507 1684 legionariis
522 1587 565 1658 ab
577 1587 722 1658 hostium
741 1586 889 1681 equitatu
905 1588 1152 1677 circumventis,
1168 1592 1240 1660 Ce-

204 1711 351 1803 sarisque
368 1705 472 1804 copiis
487 1709 521 1776 in
539 1707 653 1778 orbem
667 1701 865 1801 compulsis,
883 1709 971 1776 intra
991 1706 1153 1776 cancellos
1173 1733 1241 1777 om-

204 1851 263 1898 nes
277 1829 417 1922 conjecti
435 1851 586 1922 pugnare
601 1827 814 1922 cogebantur.

253 1950 344 2018 xvi.
357 1946 522 2016 Labienus
539 1947 572 2015 in
582 1970 683 2040 equo,
693 1947 801 2041 capite
817 1947 922 2032 nudo,
940 1948 1064 2016 versari
1078 1949 1113 2015 in
1133 1948 1239 2040 prima

204 2069 288 2154 acie3
301 2065 399 2136 simul
414 2089 491 2136 suos
507 2065 695 2153 cohortari,
711 2089 952 2158 nonnunquam
962 2063 1160 2158 legionarios
1174 2070 1241 2136 Cu·

204 2187 286 2256 saris
304 2187 350 2256 ita
368 2184 535 2280 appellare
561 2211 569 2255 ε
593 2215 609 2252 s
625 2183 715 2274 Quid
739 2199 796 2273 tu,
818 2185 941 2278 inquit,
963 2180 1057 2254 miles
1073 2185 1155 2273 tiro,
1172 2199 1239 2254 tam

204 2305 370 2376 leroculus
387 2302 443 2375 es?
462 2309 532 2376 Vos
547 2326 679 2399 quoque
697 2306 757 2374 iste
777 2305 887 2374 verbis
905 2303 1089 2374 infatuavit.
1111 2307 1150 2372 In
1170 2329 1239 2374 ma·

204 2451 305 2520 gnum
315 2423 500 2496 mehercule
510 2449 567 2494 vos
576 2419 757 2518 periculum
773 2419 915 2516 impulit.
926 2425 1089 2492 Misereor
1099 2426 1209 2493 vestri.
1222 2455 1239 2490 s

202 2549 286 2615 Tum
306 2543 399 2614 miles
417 2569 425 2614 ε
445 2573 462 2610 s
479 2546 666 2626 Nessum,
684 2540 811 2634 inquit,
834 2541 914 2628 tiro,
939 2542 1100 2628 Labiene3
1118 2542 1176 2612 sed
1197 2542 1239 2611 de

205 2662 333 2759 legione
347 2689 369 2732 x
389 2677 573 2732 veteranus.
592 2691 609 2725 s
627 2663 714 2728 Tum
733 2658 898 2727 Labienus
917 2684 925 2726 :
944 2687 961 2722 e
977 2663 1055 2731 Non
1075 2685 1238 2755 agnosco,

204 2783 329 2878 inquit,
356 2784 449 2875 sigua
470 2780 766 2848 decumanorum.»
795 2781 880 2848 Tum
898 2776 992 2847 miles
1010 2805 1018 2846 s
1042 2809 1059 2844 a
1076 2783 1148 2849 Jam
1167 2805 1239 2869 me,

203 2904 277 2995 quis
296 2903 373 2988 sim,
391 2897 555 2994 intelliges
573 2925 581 2967 ε
598 2929 615 2964 s
634 2897 729 2966 simul
750 2898 907 2968 cassidem
925 2898 966 2966 dc
981 2901 1089 2994 capite
1102 2899 1239 2994 dejecit,

205 3035 243 3088 ut
262 3023 415 3115 cognosci
434 3019 475 3088 ab
491 3043 531 3088 co
550 3033 677 3114 posset,
695 3031 793 3112 atque
809 3019 855 3087 ita
871 3017 994 3112 pilum,
1014 3017 1139 3089 viribus
1155 3045 1237 3090 con·

205 3153 351 3228 tortum,
367 3139 447 3208 dum
464 3140 498 3208 in
512 3141 695 3210 Labienum
717 3139 849 3208 mittere
866 3138 1054 3227 contendit,
1075 3141 1151 3233 equi
1168 3164 1239 3234 gra·

205 3259 290 3328 viter
303 3258 441 3329 adverso
457 3259 583 3353 pectori
600 3257 721 3346 affixit,
740 3271 773 3327 et
790 3257 838 3325 ait
855 3282 864 3326 ε
883 3258 1074 3346 «Labiene,
1089 3257 1238 3328 decuma·

205 3402 286 3448 uum
302 3376 457 3465 militem,
477 3377 535 3472 qui
553 3392 586 3446 te
600 3377 704 3472 petit,
721 3377 806 3446 scito
824 3399 903 3446 csse.
923 3379 1115 3446 »Omnium
1126 3392 1236 3447 mmen

204 3497 304 3566 animi
335 3497 551 3566 interrorem
572 3497 731 3592 conjecti,
749 3511 783 3566 et
808 3497 948 3566 maxime
972 3498 1120 3568 tironum
1149 3499 1241 3568 :cir-

204 3615 408 3711 cumspicere
426 3615 514 3684 enim
536 3620 714 3706 Cesarem,
743 3641 849 3711 neque
869 3614 1009 3711 amplius
1029 3617 1156 3702 lacere,
1174 3617 1237 3685 uisi
1366 3677 1371 3688 .

206 3733 350 3804 bostium
366 3733 476 3830 jacula
492 3737 605 3806 vitare.

253 3853 360 3922 XVII.
377 3859 487 3924 Cacsar
503 3856 655 3944 iuterim,
671 3856 809 3926 consilio
822 3857 966 3925 hostium
979 3854 1129 3948 cognito,
1140 3853 1239 3947 jubet

206 3969 309 4038 aciem
325 3975 358 4041 in
378 3973 617 4068 longitudinem
626 4000 727 4069 quam
747 3973 1086 4072 maximamgporrigi,
1106 3970 1241 4042 alternis
