3088 4766
495 367 545 422 nn
566 365 689 422 nunno
709 362 825 421 crvru
845 365 913 422 nm.
934 369 955 421 1.
1199 389 1236 446 ηρ

215 492 248 558 in
271 516 311 560 eo
340 515 444 560 cornu
471 492 679 575 constiterat,
704 488 812 558 lecum
838 514 904 558 nen
934 493 1056 574 tenuit,
1078 506 1176 586 atque
1201 498 1234 562 iu

213 611 398 702 proximum
416 607 533 680 collem
546 633 615 678 sese
629 609 759 702 recepit

260 731 363 796 XLV.
384 731 508 815 Caesar,
532 749 624 820 paeue
646 728 736 794 omni
758 727 826 795 acie
844 729 1031 820 perterrita,
1049 730 1137 822 quod
1154 755 1235 824 prse-

214 859 262 914 ter
278 847 466 939 opinionem
486 844 823 938 consuetudinemque
845 846 1026 934 acciderat,
1044 847 1235 920 cohortatus

213 989 304 1050 suos,
320 963 481 1058 legionem
496 989 617 1034 nonam
631 965 775 1040 subsidio
792 964 884 1034 ducit
900 991 908 1032 :
926 966 1073 1050 hostem,
1091 967 1233 1038 insolen-

213 1097 263 1152 ter
281 1097 380 1176 atque
397 1085 514 1153 acriter
541 1099 670 1154 nostros
694 1085 931 1176 insequentem,
949 1087 1140 1179 supprimit,
1159 1111 1234 1157 rur·

213 1226 332 1296 susque
354 1217 444 1297 terga
464 1216 609 1290 vertere,
632 1227 730 1295 seque
750 1200 791 1270 ad
813 1200 970 1296 oppidum
996 1202 1135 1274 Ilerdam
1154 1209 1234 1276 reci·

110 1343 114 1350 ’
213 1345 303 1414 pere,
325 1337 358 1390 et
379 1321 440 1390 sub
464 1345 560 1390 muro
579 1323 756 1390 consistere
777 1321 875 1414 cogit.
896 1321 960 1389 Sed
982 1346 1077 1390 nome
1098 1322 1234 1419 legionis

212 1439 345 1526 milites,
355 1439 431 1510 elati
447 1439 573 1527 studio,
588 1439 667 1508 dum
680 1439 799 1508 sarcire
817 1453 984 1532 acceptum
1002 1439 1233 1512 detrimentum

213 1557 346 1647 volunt,
373 1573 494 1628 temere
519 1559 655 1627 insecuti
683 1557 857 1652 fugientes,
890 1557 1057 1628 inlocum
1083 1562 1232 1654 iniquum

213 1678 488 1773 progrediuntur,
513 1691 546 1746 et
568 1677 628 1746 sub
647 1691 813 1758 montem,
838 1676 872 1746 in
896 1699 963 1768 quo
987 1691 1058 1746 erat
1075 1679 1233 1772 oppidum

213 1797 355 1887 positum
371 1795 494 1883 llerda,
515 1793 703 1864 succedunt.
722 1795 808 1862 Hinc
829 1818 863 1862 se
880 1795 1024 1886 recipere
1044 1809 1147 1887 quum
1167 1797 1234 1866 rel-

212 1911 297 2000 leut,
317 1938 430 1982 rursus
458 1910 511 1996 illi
528 1936 568 1981 ex
595 1911 667 1981 loeo
691 1913 857 2006 superiore
879 1927 1009 1982 nostros
1029 1916 1232 2007 premebant.

211 2035 398 2124 Prnruptus
426 2031 517 2102 locus
542 2046 629 2120 erat,
663 2046 802 2124 utraque
827 2057 866 2100 ex
892 2045 985 2124 parte
1014 2016 1233 2128 directum&

213 2165 341 2218 tuntum
365 2151 399 2218 in
426 2149 631 2220 latitudinem
651 2150 802 2246 patebat,
833 2165 871 2218 ut
887 2165 951 2218 tres
982 2150 1150 2220 instructu
1171 2174 1232 2223 'co-

212 2269 322 2338 hortes
337 2293 411 2338 eum
427 2266 536 2340 locum
552 2267 735 2364 explerent,
753 2283 786 2338 et
805 2292 912 2362 neque
925 2268 1070 2338 subsidia
1086 2295 1104 2338 a
1121 2261 1232 2360 lateri·

210 2386 272 2458 bus
289 2389 450 2477 submitti,
470 2413 577 2482 neque
593 2390 718 2482 equites
738 2386 962 2457 laberantibus
980 2389 1054 2458 usui
1071 2413 1140 2458 esse
1158 2417 1232 2485 pos,-

209 2523 291 2578 sent.
308 2509 361 2578 Ab
381 2509 505 2603 oppido
521 2524 631 2578 autem
649 2506 782 2577 declivis
797 2506 886 2577 locus
906 2510 997 2576 tenui
1011 2508 1141 2602 fastigio
1158 2535 1231 2600 ¹ver-

210 2626 305 2720 gebat
321 2629 354 2697 iu
373 2625 611 2723 longitudinem
631 2649 783 2718 passum
803 2627 932 2695 circiter
946 2649 1000 2696 on.
1020 2629 1091 2694 Hae
1111 2633 1231 2716 uostris

209 2758 280 2814 erat
304 2761 467 2838 receptus,
495 2743 583 2837 qued
609 2767 666 2828 eo,
693 2743 819 2810 incitati
855 2742 981 2828 studio,
1015 2742 1231 2836 inconsultius

209 2877 440 2957 processerant.
465 2867 537 2934 Hoc
559 2861 768 2956 pugnabatur
790 2860 884 2950 lece,
913 2877 945 2930 et
970 2877 1105 2958 prepter
1126 2888 1230 2958 angug

210 2985 288 3060 stias
304 2984 435 3076 iniquo,
452 2995 485 3050 et
503 2979 592 3073 quod
610 2979 670 3049 sub
689 2981 766 3073 ipsis
784 2981 948 3050 radicibus
965 2984 1086 3052 montis
1104 2985 1229 3070 eonsti-

211 3115 332 3189 terant,
342 3115 380 3170 ut
387 3098 513 3170 nullum
528 3099 647 3170 frustra
661 3098 762 3168 telum
773 3101 807 3168 in
823 3125 878 3169 eos
892 3102 1078 3171 mitteretur
1096 3128 1104 3170 ε
1122 3117 1230 3172 tumen

209 3217 331 3286 virtute
345 3220 543 3313 etpatientis
563 3217 763 3302 nitebantur,
783 3233 880 3311 atque
893 3220 1003 3287 omnia
1021 3218 1154 3290 vulnera
1173 3200 1228 3312 su·-¹

209 3337 383 3406 stiuebant
403 3336 593 3430 Augebatur
614 3335 676 3405 illis
703 3336 816 3429 copia,
840 3350 939 3429 atque
962 3363 1001 3406 ex
1030 3340 1145 3408 castris
1171 3364 1228 3410 ce-

210 3457 319 3525 hertes
340 3481 400 3550 per
423 3455 582 3551 oppidum
601 3455 717 3524 crebre
731 3454 1024 3543 submittebantur,
1046 3473 1083 3526 ut
1110 3459 1231 3553 integri

209 3573 340 3646 defessis
357 3574 579 3644 succederent.
594 3577 665 3644 Hoc
683 3574 768 3644 idem
788 3577 896 3645 Caesar
914 3573 1019 3643 facere
1035 3577 1228 3669 cogebatur,

210 3707 263 3782 ut,
287 3693 455 3764 submissis
479 3695 516 3789 in·
536 3692 686 3764 eumdem
712 3693 825 3764 locum
854 3692 1061 3780 cohortibus,
1088 3692 1228 3764 defessos

210 3812 376 3904 reciperet

258 3929 375 3998 XLVI.
395 3934 466 4001 Hoc
484 3955 586 4025 quum
604 3947 688 4002 esset
707 3933 805 4004 mode
824 3946 1005 4028 pugnatum
1023 3929 1229 4000 continenter
