3042 4772
290 410 346 448 aon
463 393 610 450 C.JUL11
630 393 793 450 casteis
813 393 1007 450 COMMENT.
1034 395 1143 452 LIBER

289 519 422 588 fortuna
440 541 525 613 saepe
543 517 584 586 ad
604 531 783 610 utrumqne
802 518 974 586 victoriam
992 517 1208 587 transferente
1229 544 1237 586 :
1260 542 1322 588 nec
1341 533 1353 542 “
1462 557 1466 562 -

289 651 399 708 umen
417 661 563 732 unquam
581 638 623 706 ab
641 636 795 732 operibus
814 636 990 731 depellitur
1006 637 1194 709 Marcellus.

336 761 459 827 LXIII.
484 757 620 826 Interim
646 755 790 850 Lepidus
815 783 853 824 ex
871 757 1023 828 citeriore
1047 757 1216 850 provincia
1244 783 1319 828 cnm

288 865 479 948 cohortibus
492 875 678 970 legionariis
694 899 804 961 xxxv,
818 901 1002 970 magnoque
1018 901 1156 946 numero
1170 880 1319 971 equitnm

287 1011 320 1064 ot
333 987 534 1092 reliquorum
548 995 762 1080 auxiliorum,
777 997 867 1064 venit
881 1020 919 1064 ea
934 1009 1042 1066 mente
1056 993 1183 1080 Uliam,
1199 1009 1235 1065 ut
1249 998 1319 1066 sine

289 1115 356 1186 ullo
373 1115 482 1186 studio
497 1117 725 1186 contentiones
743 1116 846 1187 Cassii
863 1113 1079 1208 Marcellique
1094 1131 1316 1210 componeret

288 1238 375 1306 Huic
393 1238 536 1306 venienti
551 1238 620 1304 sine
635 1235 840 1305 dubitatione
855 1233 1032 1305 Marcellus
1047 1259 1082 1304 se
1101 1235 1206 1304 credit
1219 1251 1320 1331 atque

287 1356 385 1428 oll'ert
402 1383 410 1424 τ
428 1358 560 1426 Cassius
581 1373 696 1428 contra
715 1359 782 1426 suis
800 1382 835 1426 se
851 1371 940 1426 tenet
966 1329 1147 1450 praesidiis{
1168 1358 1236 1424 sive
1256 1381 1317 1446 eo,

287 1475 374 1570 quod
386 1475 460 1571 plus
474 1477 536 1545 sibi
549 1477 633 1568 juris
648 1476 779 1563 deberi,
792 1500 891 1570 quam
905 1473 1080 1564 Marcello,
1092 1477 1318 1562 existimabat3

286 1597 355 1665 sive
369 1621 423 1677 eo,
441 1595 548 1690 quod,
566 1620 608 1665 ne
624 1611 869 1690 preoccupatus
885 1596 1014 1664 animus
1030 1595 1145 1689 Lepidi
1160 1611 1243 1666 esset
1258 1597 1319 1664 ob·

286 1718 400 1810 sequin
420 1715 618 1799 adversarii,
639 1716 821 1784 verebatur.
843 1716 941 1784 Ponit
958 1716 1000 1784 ad
1015 1715 1126 1784 Uliam
1141 1729 1246 1785 castra
1260 1719 1318 1784 Ire-

286 1837 402 1931 pidus3
418 1860 524 1930 neque
542 1835 641 1904 lrabet
658 1861 677 1903 a
694 1833 852 1904 Marcello
865 1835 1044 1928 quidquam
1059 1835 1165 1905 divisi.
1186 1838 1238 1905 Ne
1257 1861 1318 1928 pu·

289 1970 418 2050 gnatus,
434 1954 600 2024 interdicit
613 1981 620 2024 ε
632 1955 674 2024 ad
683 1955 867 2024 exeundum
879 1956 1029 2025 Cassium
1047 1957 1183 2041 invitat,
1201 1955 1316 2026 fident-

286 2099 351 2168 que
367 2099 460 2144 suam
480 2076 514 2143 in
533 2077 675 2142 reomni
696 2075 886 2168 interponit.
914 2076 1025 2163 Quum
1055 2074 1111 2143 diu
1138 2073 1317 2146 dubitasset

286 2193 435 2277 Cassius,
451 2193 531 2286 qnid
551 2193 613 2262 sibi
631 2191 815 2262 faciendum
829 2243 839 2278 ‚
855 2193 975 2286 quidve
995 2194 1120 2288 Lepido
1146 2207 1228 2264 essct
1250 2219 1318 2264 cre-

287 2313 448 2398 dendum,
468 2338 576 2407 neque
602 2312 706 2382 ullum
731 2315 854 2383 exitum
873 2313 999 2386 consilii
1028 2317 1078 2384 sui
1101 2312 1270 2407 reperiret,
1290 2316 1318 2384 si

285 2448 493 2527 permaneret
508 2435 542 2502 in
562 2434 740 2520 sententia,
758 2432 918 2526 postulat,
939 2435 987 2502 uti
1007 2434 1206 2503 munitiones
1224 2433 1318 2527 disji-

285 2567 458 2634 cerentur,
472 2553 599 2646 sibique
610 2551 693 2623 liber
709 2554 814 2622 exitus
830 2552 973 2622 daretur.
994 2555 1071 2624 Non
1084 2567 1212 2623 tanturn
1226 2551 1320 2621 indu-

287 2674 346 2742 ciis
361 2673 470 2760 factis,
485 2672 541 2742 sed
558 2697 661 2768 prope
670 2673 739 2765 jam
755 2675 933 2742 constituta
946 2697 1046 2766 opera
1059 2696 1162 2765 quum
1174 2670 1320 2766 compla-

287 2807 419 2882 narent,
434 2792 655 2885 custodiaque
668 2795 888 2861 munitionum
903 2806 1010 2862 essent
1023 2792 1186 2881 deductae,
1198 2789 1317 2861 auxilia

286 2914 372 3007 regis
393 2915 426 2982 in
449 2911 482 2982 id
503 2909 671 2982 castellum
687 2909 853 2997 Marcelli,
872 2911 961 3004 quod
981 2913 1169 3006 proximum
1184 2926 1254 2980 erat
1272 2935 1319 2979 re·

286 3035 347 3126 giis
364 3033 496 3118 castris,
510 3055 617 3124 neque
632 3030 845 3124 opinantibus
857 3030 1009 3100 omnibus
1027 3031 1068 3125 (si
1081 3046 1189 3100 tamen
1201 3032 1236 3100 in
1248 3054 1318 3099 om-

286 3152 384 3220 nibus
401 3151 464 3219 fuit
480 3151 627 3237 Cassius;
647 3173 723 3218 nam
743 3149 784 3217 de
805 3137 905 3242 huj'us
924 3151 1124 3220 conscientia
1149 3149 1319 3219 dubitaba-

287 3268 376 3363 tur),
403 3269 563 3362 impetum
581 3269 745 3355 fecerunt,
771 3266 1021 3362 compluresque
1041 3269 1085 3338 ibi
1113 3269 1232 3339 milites
1262 3293 1318 3360 op-

287 3403 487 3483 presserunt.
514 3386 614 3478 Quod
631 3389 694 3458 nisi
713 3387 881 3475 celeriter,
900 3388 1124 3483 indignatione
1143 3401 1177 3456 et
1195 3383 1317 3454 auxilio

287 3507 421 3603 Lepidi,
437 3507 587 3602 proelium
602 3523 687 3578 esset
701 3507 919 3602 diremptum,
933 3509 1039 3599 major
1052 3505 1218 3575 calamitas
1235 3515 1319 3574 esset

285 3643 428 3722 accepta.

334 3751 455 3819 LXIV.
468 3749 582 3838 Quum
595 3750 657 3818 iter
668 3749 780 3818 Cassio
793 3745 990 3840 patefactum
1002 3758 1101 3830 esset,
1112 3759 1219 3818 castra
1232 3747 1320 3816 Mar

286 3866 388 3937 cellus
407 3893 483 3936 cum
505 3867 631 3962 Lepido
654 3867 835 3961 conjungit.
862 3864 1006 3960 Lepidus
1028 3863 1143 3936 eodem
1170 3881 1320 3960 tempore

289 3985 533 4080 Marcellusque
549 3985 759 4065 Cordubam,
778 3988 910 4058 Cassius
926 4011 1001 4056 cum
1019 3985 1086 4056 suis
1102 3985 1320 4080 proficiscitur
