3042 4772
305 395 360 452 216
483 399 513 451 c
533 397 631 453 suut
652 397 814 454 CAESARIS
834 397 1037 454 comam.
1064 395 1197 451 LIBER

303 519 425 590 auxilia
439 545 559 615 magua
575 522 741 614 equitatus
754 520 929 615 oppidanis
945 519 1136 613 suppetias
1152 516 1300 602 venire5
1316 539 1383 582 non

303 654 352 708 cst
372 641 443 709 visa
458 642 544 710 ratio
566 641 608 709 ad
632 638 892 734 oppugnandum
911 638 1082 735 oppidum
1111 633 1382 717 commorandi,

303 783 362 848 ne,
380 759 461 828 dum
479 761 514 828 in
535 784 575 828 ea
594 784 630 828 re
652 763 760 830 Cesar
777 773 862 828 esset
876 773 1084 852 occupatus,
1106 756 1379 824 circumventus

302 903 321 946 a
337 893 433 974 tergo
451 879 492 950 ab
508 881 658 972 equitatu
673 879 818 948 bostium
834 875 1008 946 laboraret.

351 1005 410 1070 vt.
427 1004 562 1094 Itaque,
574 1013 679 1068 castra
699 1023 803 1092 quum
821 1022 955 1067 movere
969 995 1085 1084 vellet,
1107 995 1242 1066 subito
1258 1019 1301 1064 ex
1320 1018 1378 1086 op·

303 1121 382 1216 pido
413 1120 524 1213 erupit
561 1116 756 1204 multitudo,
776 1131 875 1211 atque
901 1118 1064 1210 equitatus
1103 1115 1278 1184 subsidio
1307 1137 1375 1182 uno

305 1255 454 1333 tempore
471 1241 517 1308 eis
533 1263 611 1308 casu
630 1238 809 1325 succurrit,
824 1238 882 1330 qui
899 1249 970 1308 erat
986 1236 1112 1306 missus
1139 1235 1192 1305 ab
1212 1233 1309 1304 Juba
1330 1229 1373 1300 ad

303 1357 505 1451 stipendium
524 1355 770 1451 accipiendum,
788 1369 977 1448 castraque,
996 1354 1085 1423 unde
1104 1358 1236 1426 Caesar
1255 1375 1369 1447 egres·

303 1501 358 1545 sus
375 1479 437 1546 iter
456 1475 563 1545 facere
579 1489 736 1570 caeperat,
752 1488 934 1568 occupant,
953 1489 988 1542 et
1006 1472 1080 1566 ejus
1094 1479 1236 1569 agmen
1256 1485 1367 1541 extre·

304 1623 396 1668 mum
412 1598 540 1691 insequi
556 1609 736 1691 coeperunt.
755 1597 839 1683 Quae
857 1617 908 1662 res
925 1617 1028 1686 quum
1046 1593 1300 1662 animadversa
1320 1613 1365 1658 es·

304 1732 371 1802 set,
390 1718 502 1788 subito
520 1715 689 1812 legionarii
708 1714 909 1797 comistunt3
928 1727 962 1783 et
981 1713 1127 1806 equites,
1152 1732 1359 1806 quanquam

304 1851 398 1906 erant
413 1839 533 1932 pauci,
556 1851 666 1906 manen
685 1847 801 1905 contra
820 1847 945 1903 mamm
969 1830 1231 1902 multitudinem
1253 1829 1360 1900 auda·
1476 1878 1477 1883 η

303 1957 432 2025 cissime
454 1971 665 2026 concurrunt.
687 1955 816 2024 Accidit
842 1977 893 2022 ms
916 1950 1133 2040 incredibilis,
1160 1967 1203 2022 ut
1223 1951 1356 2046 equites

303 2075 411 2142 minus
433 2099 505 2143 xxx
512 2071 598 2144 Galli
616 2077 814 2144 Maurorum
831 2073 977 2164 equitum
995 2095 1022 2142 11
1040 2069 1144 2142 millia
1170 2072 1254 2143 loco
1278 2068 1352 2167 pel·

303 2191 423 2278 lerent,
452 2207 673 2288 urgerentque
698 2196 732 2260 in
757 2190 927 2285 oppidum.
954 2194 1134 2286 Postquam
1162 2191 1297 2290 repulsi
1318 2205 1352 2260 et

303 2310 444 2403 conjecti
464 2325 558 2380 erant
576 2311 663 2382 intra
680 2311 897 2402 munitiones,
916 2315 1025 2382 Caesar
1041 2314 1104 2380 iter
1120 2315 1346 2384 constitutum

304 2432 350 2498 ire
367 2428 546 2498 contendit.
564 2429 665 2522 Quod
682 2455 785 2524 quum
808 2431 925 2524 saepius
938 2431 1099 2516 facerent,
1120 2447 1155 2500 et
1172 2431 1279 2504 modo
1295 2433 1346 2499 in·

303 2565 536 2644 sequerentur,
558 2550 658 2621 modo
681 2575 793 2620 rursus
811 2549 853 2618 ab
875 2551 1039 2643 equitibus
1053 2551 1089 2620 in
1105 2553 1272 2646 oppidum
1294 2573 1343 2618 re-

302 2668 521 2763 pellerentur,
538 2669 729 2740 cohortibus
745 2671 858 2762 paucis
872 2693 911 2738 cx
927 2671 1107 2756 veteranis,
1126 2695 1211 2764 quas
1228 2691 1340 2742 secum

302 2789 460 2878 habebat,
478 2791 513 2858 in
533 2803 679 2858 estrenm
696 2789 828 2882 agmine
841 2785 1025 2876 collocatis,
1048 2803 1081 2862 et
1099 2807 1193 2888 parte
1214 2792 1340 2887 equita·

302 2922 373 2996 tus,
398 2909 461 2976 iter
479 2907 594 2980 leniter
619 2932 694 2977 cum
715 2906 850 3001 reliquis
868 2906 976 2978 lacere
991 2910 1100 3003 coeptt.
1120 2914 1190 3000 Ita,
1209 2925 1336 3006 quanto

302 3025 432 3119 longius
449 3027 490 3094 ab
506 3026 629 3122 oppido
645 3026 890 3128 discedebatur,
909 3041 1001 3097 tanto
1020 3027 1178 3101 tardiores
1196 3031 1239 3100 ad
1254 3033 1338 3100 inse·

302 3144 470 3237 quendum
482 3161 579 3216 erant
595 3145 757 3218 Numida.
770 3149 909 3224 Interim
921 3149 956 3218 in
974 3149 1088 3220 itinere
1108 3175 1148 3218 cx
1157 3150 1286 3245 oppidis
1303 3161 1336 3216 et

301 3260 443 3332 castellis
461 3262 639 3358 legationes
666 3268 799 3354 uenire,
823 3265 970 3361 polliceri
991 3268 1210 3354 frumentum,
1239 3291 1334 3362 para·

301 3396 418 3476 tosque
430 3407 515 3469 esse,
530 3409 603 3478 quae
615 3388 821 3481 imperasset,
834 3387 950 3456 lacere.
968 3389 1085 3480 Itaque
1101 3411 1140 3454 eo
1159 3386 1212 3454 die
1227 3399 1331 3454 castra

301 3503 413 3595 posuit
430 3502 474 3571 ad
493 3504 652 3597 oppidum
668 3507 850 3602 Ruspinam
869 3502 1011 3573 calendis
1028 3506 1195 3596 januariis.

350 3624 425 3692 Vll.
441 3622 523 3692 Inde
539 3627 701 3708 movit‚et
716 3625 863 3719 pervenit
879 3623 921 3693 ad
935 3622 1094 3716 oppidum
1108 3625 1244 3717 leptin,
1254 3625 1333 3696 libe·

301 3743 373 3808 ram
395 3743 560 3812 ciuitatem
585 3761 618 3814 et
638 3747 826 3814 immunem.
858 3744 974 3835 Legati
995 3767 1035 3810 ex
1053 3741 1176 3837 oppido
1196 3748 1333 3818 veniunt

301 3859 447 3947 obviam3
469 3859 609 3934 libenter
634 3891 667 3934 se
692 3863 800 3933 omnia
819 3859 985 3950 facturos,
1008 3889 1081 3957 quae
1103 3863 1217 3956 vellet,
1236 3869 1334 3963 polli-

301 3995 426 4047 centur.
445 3983 581 4074 ltaque,
596 3983 840 4053 centurionibus
859 3979 900 4050 ud
918 3999 1030 4076 portas
1046 3987 1157 4082 oppidi
1174 4003 1207 4058 et
1224 4007 1333 4062 custo·
