<?xml version="1.0" encoding="UTF-8"?>
<!DOCTYPE html PUBLIC "-//W3C//DTD XHTML 1.0 Transitional//EN"
    "http://www.w3.org/TR/xhtml1/DTD/xhtml1-transitional.dtd">
<html xmlns="http://www.w3.org/1999/xhtml" xml:lang="en" lang="en">
 <head>
  <title>
</title>
<meta http-equiv="Content-Type" content="text/html;charset=utf-8" />
  <meta name='ocr-system' content='tesseract 3.04.00' />
  <meta name='ocr-capabilities' content='ocr_page ocr_carea ocr_par ocr_line ocrx_word'/>
</head>
<body>
  <div class='ocr_page' id='page_1' title='image "./cjcaesarisopera00caesgoog_0257.png"; bbox 0 0 3062 4766; ppageno 0'>
   <div class='ocr_carea' id='block_1_1' title="bbox 450 382 1252 442">
    <p class='ocr_par' dir='ltr' id='par_1_1' title="bbox 450 382 1252 442">
     <span class='ocr_line' id='line_1_1' title="bbox 450 382 1252 442; baseline -0.005 0"><span class='ocrx_word' id='word_1_1' title='bbox 450 387 501 442; x_wconf 85' lang='lat' dir='ltr'><strong>DE</strong></span> <span class='ocrx_word' id='word_1_2' title='bbox 522 385 642 440; x_wconf 85' lang='lat' dir='ltr'><strong>BELLO</strong></span> <span class='ocrx_word' id='word_1_3' title='bbox 662 384 828 440; x_wconf 83' lang='lat' dir='ltr'><strong>GALLICO</strong></span> <span class='ocrx_word' id='word_1_4' title='bbox 849 387 919 442; x_wconf 81' lang='lat' dir='ltr'><strong>Lm.</strong></span> <span class='ocrx_word' id='word_1_5' title='bbox 935 385 1012 440; x_wconf 79' lang='lat' dir='ltr'><strong>vm.</strong></span> <span class='ocrx_word' id='word_1_6' title='bbox 1196 382 1252 438; x_wconf 76' lang='lat'><strong>235</strong></span> 
     </span>
    </p>
   </div>
   <div class='ocr_carea' id='block_1_2' title="bbox 204 509 1253 2286">
    <p class='ocr_par' dir='ltr' id='par_1_2' title="bbox 205 509 1253 963">
     <span class='ocr_line' id='line_1_2' title="bbox 208 509 1253 603; baseline -0.002 -26"><span class='ocrx_word' id='word_1_7' title='bbox 208 511 242 578; x_wconf 87' lang='lat' dir='ltr'><strong>in</strong></span> <span class='ocrx_word' id='word_1_8' title='bbox 265 513 419 580; x_wconf 91' lang='lat' dir='ltr'><strong>Treviros</strong></span> <span class='ocrx_word' id='word_1_9' title='bbox 440 513 558 597; x_wconf 92' lang='lat' dir='ltr'><strong>mittit,</strong></span> <span class='ocrx_word' id='word_1_10' title='bbox 582 534 726 602; x_wconf 90' lang='lat' dir='ltr'><strong>quorum</strong></span> <span class='ocrx_word' id='word_1_11' title='bbox 749 510 884 595; x_wconf 79' lang='lat' dir='ltr'><strong>civitas,</strong></span> <span class='ocrx_word' id='word_1_12' title='bbox 905 524 1044 603; x_wconf 91' lang='lat' dir='ltr'><strong>propter</strong></span> <span class='ocrx_word' id='word_1_13' title='bbox 1064 509 1253 578; x_wconf 73' lang='lat' dir='ltr'><strong>Germaniae</strong></span> 
     </span>
     <span class='ocr_line' id='line_1_3' title="bbox 206 627 1253 724; baseline 0 -28"><span class='ocrx_word' id='word_1_14' title='bbox 206 629 428 719; x_wconf 89' lang='lat' dir='ltr'><strong>vicinitatem,</strong></span> <span class='ocrx_word' id='word_1_15' title='bbox 444 629 646 724; x_wconf 84' lang='lat' dir='ltr'><strong>quotidianis</strong></span> <span class='ocrx_word' id='word_1_16' title='bbox 666 631 811 698; x_wconf 81' lang='lat' dir='ltr'><strong>exercita</strong></span> <span class='ocrx_word' id='word_1_17' title='bbox 828 627 941 714; x_wconf 89' lang='lat' dir='ltr'><strong>bellis,</strong></span> <span class='ocrx_word' id='word_1_18' title='bbox 957 629 1050 698; x_wconf 91' lang='lat' dir='ltr'><strong>cultu</strong></span> <span class='ocrx_word' id='word_1_19' title='bbox 1071 644 1105 696; x_wconf 92' lang='lat' dir='ltr'><strong>et</strong></span> <span class='ocrx_word' id='word_1_20' title='bbox 1125 627 1253 696; x_wconf 88' lang='lat' dir='ltr'><strong>scritate</strong></span> 
     </span>
     <span class='ocr_line' id='line_1_4' title="bbox 206 749 1252 843; baseline -0.003 -26"><span class='ocrx_word' id='word_1_21' title='bbox 206 775 274 818; x_wconf 91' lang='lat' dir='ltr'><strong>non</strong></span> <span class='ocrx_word' id='word_1_22' title='bbox 305 750 448 820; x_wconf 91' lang='lat' dir='ltr'><strong>multum</strong></span> <span class='ocrx_word' id='word_1_23' title='bbox 480 775 499 820; x_wconf 88' lang='lat' dir='ltr'><strong>a</strong></span> <span class='ocrx_word' id='word_1_24' title='bbox 532 753 709 819; x_wconf 85' lang='lat' dir='ltr'><strong>Germanis</strong></span> <span class='ocrx_word' id='word_1_25' title='bbox 737 749 929 836; x_wconf 81' lang='lat' dir='ltr'><strong>differebat,</strong></span> <span class='ocrx_word' id='word_1_26' title='bbox 954 774 1062 843; x_wconf 86' lang='lat' dir='ltr'><strong>neque</strong></span> <span class='ocrx_word' id='word_1_27' title='bbox 1090 749 1252 841; x_wconf 86' lang='lat' dir='ltr'><strong>imperata</strong></span> 
     </span>
     <span class='ocr_line' id='line_1_5' title="bbox 205 870 921 963; baseline 0.003 -26"><span class='ocrx_word' id='word_1_28' title='bbox 205 893 370 963; x_wconf 87' lang='lat' dir='ltr'><strong>unquam,</strong></span> <span class='ocrx_word' id='word_1_29' title='bbox 384 872 448 940; x_wconf 91' lang='lat' dir='ltr'><strong>nisi</strong></span> <span class='ocrx_word' id='word_1_30' title='bbox 463 873 610 940; x_wconf 80' lang='lat' dir='ltr'><strong>exercitu</strong></span> <span class='ocrx_word' id='word_1_31' title='bbox 624 885 755 960; x_wconf 88' lang='lat' dir='ltr'><strong>coacta,</strong></span> <span class='ocrx_word' id='word_1_32' title='bbox 773 870 921 940; x_wconf 81' lang='lat' dir='ltr'><strong>faciebat.</strong></span> 
     </span>
    </p>

    <p class='ocr_par' dir='ltr' id='par_1_3' title="bbox 204 988 1252 2286">
     <span class='ocr_line' id='line_1_6' title="bbox 253 988 1251 1085; baseline -0.001 -27"><span class='ocrx_word' id='word_1_33' title='bbox 253 993 379 1060; x_wconf 86' lang='lat' dir='ltr'><strong>XXVI.</strong></span> <span class='ocrx_word' id='word_1_34' title='bbox 399 993 539 1060; x_wconf 82' lang='lat' dir='ltr'><strong>Interim</strong></span> <span class='ocrx_word' id='word_1_35' title='bbox 561 993 598 1060; x_wconf 90' lang='lat' dir='ltr'><strong>C.</strong></span> <span class='ocrx_word' id='word_1_36' title='bbox 626 993 786 1061; x_wconf 86' lang='lat' dir='ltr'><strong>Caninius</strong></span> <span class='ocrx_word' id='word_1_37' title='bbox 807 988 950 1085; x_wconf 89' lang='lat' dir='ltr'><strong>legatus,</strong></span> <span class='ocrx_word' id='word_1_38' title='bbox 969 1014 1074 1083; x_wconf 93' lang='lat' dir='ltr'><strong>quum</strong></span> <span class='ocrx_word' id='word_1_39' title='bbox 1096 1011 1251 1082; x_wconf 88' lang='lat' dir='ltr'><strong>magnam</strong></span> 
     </span>
     <span class='ocr_line' id='line_1_7' title="bbox 204 1106 1252 1180; baseline -0.002 -3"><span class='ocrx_word' id='word_1_40' title='bbox 204 1108 456 1179; x_wconf 86' lang='lat' dir='ltr'><strong>multitudinem</strong></span> <span class='ocrx_word' id='word_1_41' title='bbox 476 1113 668 1180; x_wconf 88' lang='lat' dir='ltr'><strong>convenisse</strong></span> <span class='ocrx_word' id='word_1_42' title='bbox 686 1110 833 1179; x_wconf 88' lang='lat' dir='ltr'><strong>bostium</strong></span> <span class='ocrx_word' id='word_1_43' title='bbox 850 1111 886 1179; x_wconf 90' lang='lat' dir='ltr'><strong>in</strong></span> <span class='ocrx_word' id='word_1_44' title='bbox 903 1110 985 1178; x_wconf 88' lang='lat' dir='ltr'><strong>lines</strong></span> <span class='ocrx_word' id='word_1_45' title='bbox 1002 1109 1178 1180; x_wconf 88' lang='lat' dir='ltr'><strong>Pictonum</strong></span> <span class='ocrx_word' id='word_1_46' title='bbox 1197 1106 1252 1176; x_wconf 92' lang='lat' dir='ltr'><strong>lit·</strong></span> 
     </span>
     <span class='ocr_line' id='line_1_8' title="bbox 207 1229 1250 1325; baseline -0.002 -27"><span class='ocrx_word' id='word_1_47' title='bbox 207 1232 285 1298; x_wconf 84' lang='lat' dir='ltr'><strong>te&#39;ris</strong></span> <span class='ocrx_word' id='word_1_48' title='bbox 312 1232 504 1324; x_wconf 87' lang='lat' dir='ltr'><strong>nuntiisque</strong></span> <span class='ocrx_word' id='word_1_49' title='bbox 529 1232 663 1300; x_wconf 91' lang='lat' dir='ltr'><strong>Duratii</strong></span> <span class='ocrx_word' id='word_1_50' title='bbox 686 1245 898 1325; x_wconf 88' lang='lat' dir='ltr'><strong>cognosceret</strong></span> <span class='ocrx_word' id='word_1_51' title='bbox 923 1230 1000 1325; x_wconf 92' lang='lat' dir='ltr'><strong>(qui</strong></span> <span class='ocrx_word' id='word_1_52' title='bbox 1028 1243 1190 1323; x_wconf 91' lang='lat' dir='ltr'><strong>perpetuo</strong></span> <span class='ocrx_word' id='word_1_53' title='bbox 1215 1229 1250 1296; x_wconf 92' lang='lat' dir='ltr'><strong>iu</strong></span> 
     </span>
     <span class='ocr_line' id='line_1_9' title="bbox 206 1349 1249 1445; baseline 0 -28"><span class='ocrx_word' id='word_1_54' title='bbox 206 1351 354 1419; x_wconf 86' lang='lat' dir='ltr'><strong>amicitia</strong></span> <span class='ocrx_word' id='word_1_55' title='bbox 373 1356 603 1420; x_wconf 85' lang='lat' dir='ltr'><strong>Romanorum</strong></span> <span class='ocrx_word' id='word_1_56' title='bbox 621 1367 866 1445; x_wconf 81' lang='lat' dir='ltr'><strong>permanserat,</strong></span> <span class='ocrx_word' id='word_1_57' title='bbox 883 1375 987 1444; x_wconf 88' lang='lat' dir='ltr'><strong>quum</strong></span> <span class='ocrx_word' id='word_1_58' title='bbox 1005 1373 1081 1443; x_wconf 89' lang='lat' dir='ltr'><strong>pars</strong></span> <span class='ocrx_word' id='word_1_59' title='bbox 1097 1349 1249 1443; x_wconf 84' lang='lat' dir='ltr'><strong>quaedam</strong></span> 
     </span>
     <span class='ocr_line' id='line_1_10' title="bbox 205 1471 1251 1566; baseline 0 -28"><span class='ocrx_word' id='word_1_60' title='bbox 205 1473 347 1540; x_wconf 84' lang='lat' dir='ltr'><strong>civitatis</strong></span> <span class='ocrx_word' id='word_1_61' title='bbox 364 1473 435 1565; x_wconf 89' lang='lat' dir='ltr'><strong>ejus</strong></span> <span class='ocrx_word' id='word_1_62' title='bbox 453 1471 661 1566; x_wconf 83' lang='lat' dir='ltr'><strong>defecisset),</strong></span> <span class='ocrx_word' id='word_1_63' title='bbox 678 1471 721 1540; x_wconf 92' lang='lat' dir='ltr'><strong>ad</strong></span> <span class='ocrx_word' id='word_1_64' title='bbox 737 1472 897 1566; x_wconf 90' lang='lat' dir='ltr'><strong>oppidum</strong></span> <span class='ocrx_word' id='word_1_65' title='bbox 913 1474 1100 1539; x_wconf 85' lang='lat' dir='ltr'><strong>Lemonum</strong></span> <span class='ocrx_word' id='word_1_66' title='bbox 1115 1485 1251 1539; x_wconf 91' lang='lat' dir='ltr'><strong>couten-</strong></span> 
     </span>
     <span class='ocr_line' id='line_1_11' title="bbox 206 1589 1249 1684; baseline 0.004 -28"><span class='ocrx_word' id='word_1_67' title='bbox 206 1589 264 1658; x_wconf 92' lang='lat' dir='ltr'><strong>dit.</strong></span> <span class='ocrx_word' id='word_1_68' title='bbox 292 1594 372 1679; x_wconf 90' lang='lat' dir='ltr'><strong>Quo</strong></span> <span class='ocrx_word' id='word_1_69' title='bbox 398 1615 503 1684; x_wconf 90' lang='lat' dir='ltr'><strong>quum</strong></span> <span class='ocrx_word' id='word_1_70' title='bbox 528 1591 742 1678; x_wconf 83' lang='lat' dir='ltr'><strong>adventaret,</strong></span> <span class='ocrx_word' id='word_1_71' title='bbox 770 1605 869 1684; x_wconf 90' lang='lat' dir='ltr'><strong>atque</strong></span> <span class='ocrx_word' id='word_1_72' title='bbox 893 1616 933 1658; x_wconf 82' lang='lat' dir='ltr'><strong>ex</strong></span> <span class='ocrx_word' id='word_1_73' title='bbox 958 1591 1099 1684; x_wconf 88' lang='lat' dir='ltr'><strong>captivis</strong></span> <span class='ocrx_word' id='word_1_74' title='bbox 1126 1589 1249 1660; x_wconf 83' lang='lat' dir='ltr'><strong>certius</strong></span> 
     </span>
     <span class='ocr_line' id='line_1_12' title="bbox 205 1706 1249 1803; baseline -0.002 -27"><span class='ocrx_word' id='word_1_75' title='bbox 205 1727 417 1803; x_wconf 90' lang='lat' dir='ltr'><strong>cognosceret</strong></span> <span class='ocrx_word' id='word_1_76' title='bbox 435 1709 550 1779; x_wconf 86' lang='lat' dir='ltr'><strong>multis</strong></span> <span class='ocrx_word' id='word_1_77' title='bbox 569 1711 744 1780; x_wconf 91' lang='lat' dir='ltr'><strong>hominum</strong></span> <span class='ocrx_word' id='word_1_78' title='bbox 761 1709 907 1779; x_wconf 90' lang='lat' dir='ltr'><strong>millibus</strong></span> <span class='ocrx_word' id='word_1_79' title='bbox 924 1713 1147 1795; x_wconf 87' lang='lat' dir='ltr'><strong>aDumuaco,</strong></span> <span class='ocrx_word' id='word_1_80' title='bbox 1164 1706 1249 1775; x_wconf 91' lang='lat' dir='ltr'><strong>duce</strong></span> 
     </span>
     <span class='ocr_line' id='line_1_13' title="bbox 204 1823 1249 1922; baseline -0.006 -22"><span class='ocrx_word' id='word_1_81' title='bbox 204 1829 369 1918; x_wconf 87' lang='lat' dir='ltr'><strong>Andium,</strong></span> <span class='ocrx_word' id='word_1_82' title='bbox 388 1823 568 1900; x_wconf 79' lang='lat' dir='ltr'><strong>Duratium</strong></span> <span class='ocrx_word' id='word_1_83' title='bbox 590 1829 740 1898; x_wconf 91' lang='lat' dir='ltr'><strong>clausum</strong></span> <span class='ocrx_word' id='word_1_84' title='bbox 758 1832 898 1900; x_wconf 88' lang='lat' dir='ltr'><strong>Lemoni</strong></span> <span class='ocrx_word' id='word_1_85' title='bbox 919 1828 1122 1922; x_wconf 87' lang='lat' dir='ltr'><strong>oppugnari,</strong></span> <span class='ocrx_word' id='word_1_86' title='bbox 1141 1847 1249 1919; x_wconf 90' lang='lat' dir='ltr'><strong>neque</strong></span> 
     </span>
     <span class='ocr_line' id='line_1_14' title="bbox 205 1946 1248 2044; baseline -0.002 -28"><span class='ocrx_word' id='word_1_87' title='bbox 205 1949 353 2019; x_wconf 88' lang='lat' dir='ltr'><strong>infirmas</strong></span> <span class='ocrx_word' id='word_1_88' title='bbox 378 1949 524 2044; x_wconf 82' lang='lat' dir='ltr'><strong>legiones</strong></span> <span class='ocrx_word' id='word_1_89' title='bbox 547 1950 698 2018; x_wconf 88' lang='lat' dir='ltr'><strong>hostibus</strong></span> <span class='ocrx_word' id='word_1_90' title='bbox 724 1950 930 2019; x_wconf 83' lang='lat' dir='ltr'><strong>committere</strong></span> <span class='ocrx_word' id='word_1_91' title='bbox 959 1946 1115 2032; x_wconf 89' lang='lat' dir='ltr'><strong>auderet,</strong></span> <span class='ocrx_word' id='word_1_92' title='bbox 1140 1961 1248 2014; x_wconf 88' lang='lat' dir='ltr'><strong>castra</strong></span> 
     </span>
     <span class='ocr_line' id='line_1_15' title="bbox 205 2067 1248 2162; baseline -0.003 -25"><span class='ocrx_word' id='word_1_93' title='bbox 205 2072 336 2139; x_wconf 89' lang='lat' dir='ltr'><strong>munito</strong></span> <span class='ocrx_word' id='word_1_94' title='bbox 363 2067 437 2138; x_wconf 93' lang='lat' dir='ltr'><strong>loco</strong></span> <span class='ocrx_word' id='word_1_95' title='bbox 463 2070 583 2162; x_wconf 91' lang='lat' dir='ltr'><strong>posuit.</strong></span> <span class='ocrx_word' id='word_1_96' title='bbox 612 2072 825 2158; x_wconf 90' lang='lat' dir='ltr'><strong>Dumnacus,</strong></span> <span class='ocrx_word' id='word_1_97' title='bbox 848 2093 952 2162; x_wconf 91' lang='lat' dir='ltr'><strong>quum</strong></span> <span class='ocrx_word' id='word_1_98' title='bbox 979 2067 1248 2161; x_wconf 88' lang='lat' dir='ltr'><strong>appropinquare</strong></span> 
     </span>
     <span class='ocr_line' id='line_1_16' title="bbox 205 2185 1247 2286; baseline -0.004 -29"><span class='ocrx_word' id='word_1_99' title='bbox 205 2190 385 2258; x_wconf 90' lang='lat' dir='ltr'><strong>Caninium</strong></span> <span class='ocrx_word' id='word_1_100' title='bbox 400 2193 625 2286; x_wconf 83' lang='lat' dir='ltr'><strong>cognovisset,</strong></span> <span class='ocrx_word' id='word_1_101' title='bbox 646 2192 750 2284; x_wconf 91' lang='lat' dir='ltr'><strong>copiis</strong></span> <span class='ocrx_word' id='word_1_102' title='bbox 770 2189 923 2259; x_wconf 91' lang='lat' dir='ltr'><strong>omnibus</strong></span> <span class='ocrx_word' id='word_1_103' title='bbox 942 2188 985 2257; x_wconf 93' lang='lat' dir='ltr'><strong>ad</strong></span> <span class='ocrx_word' id='word_1_104' title='bbox 1006 2185 1152 2282; x_wconf 83' lang='lat' dir='ltr'><strong>legiones</strong></span> <span class='ocrx_word' id='word_1_105' title='bbox 1168 2209 1247 2254; x_wconf 87' lang='lat' dir='ltr'><strong>con·</strong></span> 
     </span>
    </p>
   </div>
   <div class='ocr_carea' id='block_1_3' title="bbox 205 2305 1246 2404">
    <p class='ocr_par' dir='ltr' id='par_1_4' title="bbox 205 2305 1246 2404">
     <span class='ocr_line' id='line_1_17' title="bbox 205 2305 1246 2404; baseline -0.003 -29"><span class='ocrx_word' id='word_1_106' title='bbox 205 2311 320 2396; x_wconf 88' lang='lat' dir='ltr'><strong>versis,</strong></span> <span class='ocrx_word' id='word_1_107' title='bbox 345 2324 452 2380; x_wconf 86' lang='lat' dir='ltr'><strong>castra</strong></span> <span class='ocrx_word' id='word_1_108' title='bbox 477 2313 923 2404; x_wconf 66' lang='lat' dir='ltr'><strong>Romanorum‘oppugnare</strong></span> <span class='ocrx_word' id='word_1_109' title='bbox 949 2308 1105 2378; x_wconf 89' lang='lat' dir='ltr'><strong>instituit.</strong></span> <span class='ocrx_word' id='word_1_110' title='bbox 1130 2305 1246 2394; x_wconf 90' lang='lat' dir='ltr'><strong>Quum</strong></span> 
     </span>
    </p>
   </div>
   <div class='ocr_carea' id='block_1_4' title="bbox 203 2427 1246 4081">
    <p class='ocr_par' dir='ltr' id='par_1_5' title="bbox 203 2427 1246 2853">
     <span class='ocr_line' id='line_1_18' title="bbox 205 2427 1246 2524; baseline -0.004 -29"><span class='ocrx_word' id='word_1_111' title='bbox 205 2427 393 2523; x_wconf 90' lang='lat' dir='ltr'><strong>complures</strong></span> <span class='ocrx_word' id='word_1_112' title='bbox 410 2431 479 2498; x_wconf 90' lang='lat' dir='ltr'><strong>dies</strong></span> <span class='ocrx_word' id='word_1_113' title='bbox 501 2432 536 2497; x_wconf 93' lang='lat' dir='ltr'><strong>in</strong></span> <span class='ocrx_word' id='word_1_114' title='bbox 554 2432 801 2524; x_wconf 87' lang='lat' dir='ltr'><strong>oppugnatione</strong></span> <span class='ocrx_word' id='word_1_115' title='bbox 822 2428 1093 2520; x_wconf 87' lang='lat' dir='ltr'><strong>consumpsisset,</strong></span> <span class='ocrx_word' id='word_1_116' title='bbox 1110 2439 1158 2510; x_wconf 91' lang='lat' dir='ltr'><strong>et,</strong></span> <span class='ocrx_word' id='word_1_117' title='bbox 1175 2449 1246 2492; x_wconf 91' lang='lat' dir='ltr'><strong>ma-</strong></span> 
     </span>
     <span class='ocr_line' id='line_1_19' title="bbox 204 2546 1246 2641; baseline -0.004 -26"><span class='ocrx_word' id='word_1_118' title='bbox 204 2572 271 2641; x_wconf 91' lang='lat' dir='ltr'><strong>gno</strong></span> <span class='ocrx_word' id='word_1_119' title='bbox 295 2573 432 2617; x_wconf 89' lang='lat' dir='ltr'><strong>suorum</strong></span> <span class='ocrx_word' id='word_1_120' title='bbox 462 2549 675 2632; x_wconf 89' lang='lat' dir='ltr'><strong>detrimento,</strong></span> <span class='ocrx_word' id='word_1_121' title='bbox 703 2546 829 2617; x_wconf 91' lang='lat' dir='ltr'><strong>nullam</strong></span> <span class='ocrx_word' id='word_1_122' title='bbox 858 2563 988 2641; x_wconf 90' lang='lat' dir='ltr'><strong>partem</strong></span> <span class='ocrx_word' id='word_1_123' title='bbox 1020 2547 1246 2615; x_wconf 89' lang='lat' dir='ltr'><strong>munitionum</strong></span> 
     </span>
     <span class='ocr_line' id='line_1_20' title="bbox 203 2665 1246 2760; baseline 0.001 -27"><span class='ocrx_word' id='word_1_124' title='bbox 203 2665 389 2735; x_wconf 88' lang='lat' dir='ltr'><strong>convellere</strong></span> <span class='ocrx_word' id='word_1_125' title='bbox 415 2669 588 2760; x_wconf 89' lang='lat' dir='ltr'><strong>potuisset,</strong></span> <span class='ocrx_word' id='word_1_126' title='bbox 612 2693 725 2738; x_wconf 89' lang='lat' dir='ltr'><strong>rursus</strong></span> <span class='ocrx_word' id='word_1_127' title='bbox 747 2668 789 2736; x_wconf 90' lang='lat' dir='ltr'><strong>ad</strong></span> <span class='ocrx_word' id='word_1_128' title='bbox 815 2666 1033 2736; x_wconf 90' lang='lat' dir='ltr'><strong>obsidendum</strong></span> <span class='ocrx_word' id='word_1_129' title='bbox 1058 2671 1246 2735; x_wconf 85' lang='lat' dir='ltr'><strong>Lemonum</strong></span> 
     </span>
     <span class='ocr_line' id='line_1_21' title="bbox 204 2783 299 2853; baseline 0.011 -1"><span class='ocrx_word' id='word_1_130' title='bbox 204 2783 299 2853; x_wconf 90' lang='lat' dir='ltr'><strong>redit.</strong></span> 
     </span>
    </p>

    <p class='ocr_par' dir='ltr' id='par_1_6' title="bbox 203 2903 1245 4081">
     <span class='ocr_line' id='line_1_22' title="bbox 253 2903 1245 3001; baseline 0 -27"><span class='ocrx_word' id='word_1_131' title='bbox 253 2907 395 2974; x_wconf 84' lang='lat' dir='ltr'><strong>XXVII.</strong></span> <span class='ocrx_word' id='word_1_132' title='bbox 415 2905 542 2972; x_wconf 89' lang='lat' dir='ltr'><strong>Eodem</strong></span> <span class='ocrx_word' id='word_1_133' title='bbox 557 2920 707 3000; x_wconf 89' lang='lat' dir='ltr'><strong>tempore</strong></span> <span class='ocrx_word' id='word_1_134' title='bbox 720 2911 757 2978; x_wconf 91' lang='lat' dir='ltr'><strong>C.</strong></span> <span class='ocrx_word' id='word_1_135' title='bbox 775 2907 897 2976; x_wconf 87' lang='lat' dir='ltr'><strong>Fabius</strong></span> <span class='ocrx_word' id='word_1_136' title='bbox 913 2905 1041 3001; x_wconf 88' lang='lat' dir='ltr'><strong>legatus</strong></span> <span class='ocrx_word' id='word_1_137' title='bbox 1057 2903 1245 2998; x_wconf 83' lang='lat' dir='ltr'><strong>complures</strong></span> 
     </span>
     <span class='ocr_line' id='line_1_23' title="bbox 203 3023 1245 3120; baseline 0.003 -28"><span class='ocrx_word' id='word_1_138' title='bbox 203 3025 354 3094; x_wconf 89' lang='lat' dir='ltr'><strong>civitates</strong></span> <span class='ocrx_word' id='word_1_139' title='bbox 376 3027 409 3093; x_wconf 92' lang='lat' dir='ltr'><strong>in</strong></span> <span class='ocrx_word' id='word_1_140' title='bbox 436 3023 536 3093; x_wconf 89' lang='lat' dir='ltr'><strong>fidem</strong></span> <span class='ocrx_word' id='word_1_141' title='bbox 557 3027 694 3120; x_wconf 91' lang='lat' dir='ltr'><strong>recipit,</strong></span> <span class='ocrx_word' id='word_1_142' title='bbox 720 3027 890 3096; x_wconf 91' lang='lat' dir='ltr'><strong>obsidibus</strong></span> <span class='ocrx_word' id='word_1_143' title='bbox 911 3026 1037 3113; x_wconf 83' lang='lat' dir='ltr'><strong>firmat,</strong></span> <span class='ocrx_word' id='word_1_144' title='bbox 1059 3024 1245 3119; x_wconf 88' lang='lat' dir='ltr'><strong>litterisque</strong></span> 
     </span>
     <span class='ocr_line' id='line_1_24' title="bbox 204 3145 1245 3242; baseline 0.003 -29"><span class='ocrx_word' id='word_1_145' title='bbox 204 3147 243 3213; x_wconf 92' lang='lat' dir='ltr'><strong>C.</strong></span> <span class='ocrx_word' id='word_1_146' title='bbox 261 3145 393 3215; x_wconf 88' lang='lat' dir='ltr'><strong>Caninii</strong></span> <span class='ocrx_word' id='word_1_147' title='bbox 413 3145 451 3214; x_wconf 90' lang='lat' dir='ltr'><strong>fit</strong></span> <span class='ocrx_word' id='word_1_148' title='bbox 470 3147 592 3215; x_wconf 87' lang='lat' dir='ltr'><strong>certior</strong></span> <span class='ocrx_word' id='word_1_149' title='bbox 612 3172 685 3239; x_wconf 85' lang='lat' dir='ltr'><strong>quae</strong></span> <span class='ocrx_word' id='word_1_150' title='bbox 707 3149 741 3215; x_wconf 93' lang='lat' dir='ltr'><strong>in</strong></span> <span class='ocrx_word' id='word_1_151' title='bbox 761 3148 953 3218; x_wconf 88' lang='lat' dir='ltr'><strong>Pictonibus</strong></span> <span class='ocrx_word' id='word_1_152' title='bbox 973 3162 1141 3242; x_wconf 89' lang='lat' dir='ltr'><strong>gerantur.</strong></span> <span class='ocrx_word' id='word_1_153' title='bbox 1158 3148 1245 3236; x_wconf 87' lang='lat' dir='ltr'><strong>Qui·</strong></span> 
     </span>
     <span class='ocr_line' id='line_1_25' title="bbox 204 3263 1243 3361; baseline 0.003 -30"><span class='ocrx_word' id='word_1_154' title='bbox 204 3263 266 3332; x_wconf 93' lang='lat' dir='ltr'><strong>bus</strong></span> <span class='ocrx_word' id='word_1_155' title='bbox 297 3265 395 3334; x_wconf 78' lang='lat' dir='ltr'><strong>rebus</strong></span> <span class='ocrx_word' id='word_1_156' title='bbox 421 3267 577 3361; x_wconf 88' lang='lat' dir='ltr'><strong>cognitis,</strong></span> <span class='ocrx_word' id='word_1_157' title='bbox 602 3267 823 3360; x_wconf 87' lang='lat' dir='ltr'><strong>proficiscitur</strong></span> <span class='ocrx_word' id='word_1_158' title='bbox 847 3266 890 3335; x_wconf 92' lang='lat' dir='ltr'><strong>ad</strong></span> <span class='ocrx_word' id='word_1_159' title='bbox 913 3267 1073 3336; x_wconf 87' lang='lat' dir='ltr'><strong>auxilium</strong></span> <span class='ocrx_word' id='word_1_160' title='bbox 1100 3269 1243 3338; x_wconf 89' lang='lat' dir='ltr'><strong>Duratio</strong></span> 
     </span>
     <span class='ocr_line' id='line_1_26' title="bbox 205 3383 1244 3483; baseline 0.002 -31"><span class='ocrx_word' id='word_1_161' title='bbox 205 3383 390 3456; x_wconf 83' lang='lat' dir='ltr'><strong>ferendum.</strong></span> <span class='ocrx_word' id='word_1_162' title='bbox 407 3391 452 3457; x_wconf 87' lang='lat' dir='ltr'><strong>At</strong></span> <span class='ocrx_word' id='word_1_163' title='bbox 469 3391 680 3473; x_wconf 88' lang='lat' dir='ltr'><strong>Dumnacus,</strong></span> <span class='ocrx_word' id='word_1_164' title='bbox 696 3387 842 3455; x_wconf 88' lang='lat' dir='ltr'><strong>adventu</strong></span> <span class='ocrx_word' id='word_1_165' title='bbox 857 3389 950 3457; x_wconf 86' lang='lat' dir='ltr'><strong>Fabii</strong></span> <span class='ocrx_word' id='word_1_166' title='bbox 966 3391 1116 3483; x_wconf 88' lang='lat' dir='ltr'><strong>cognito,</strong></span> <span class='ocrx_word' id='word_1_167' title='bbox 1130 3387 1244 3480; x_wconf 90' lang='lat' dir='ltr'><strong>despe-</strong></span> 
     </span>
     <span class='ocr_line' id='line_1_27' title="bbox 205 3495 1243 3600; baseline 0 -28"><span class='ocrx_word' id='word_1_168' title='bbox 205 3519 277 3574; x_wconf 86' lang='lat' dir='ltr'><strong>rata</strong></span> <span class='ocrx_word' id='word_1_169' title='bbox 293 3504 412 3592; x_wconf 88' lang='lat' dir='ltr'><strong>salute,</strong></span> <span class='ocrx_word' id='word_1_170' title='bbox 428 3507 456 3574; x_wconf 92' lang='lat' dir='ltr'><strong>si</strong></span> <span class='ocrx_word' id='word_1_171' title='bbox 468 3507 585 3574; x_wconf 88' lang='lat' dir='ltr'><strong>eodem</strong></span> <span class='ocrx_word' id='word_1_172' title='bbox 600 3521 895 3600; x_wconf 88' lang='lat' dir='ltr'><strong>temporecoactus</strong></span> <span class='ocrx_word' id='word_1_173' title='bbox 909 3495 992 3576; x_wconf 87' lang='lat' dir='ltr'><strong>esset</strong></span> <span class='ocrx_word' id='word_1_174' title='bbox 1007 3521 1040 3575; x_wconf 93' lang='lat' dir='ltr'><strong>et</strong></span> <span class='ocrx_word' id='word_1_175' title='bbox 1054 3511 1243 3575; x_wconf 85' lang='lat' dir='ltr'><strong>Romanum</strong></span> 
     </span>
     <span class='ocr_line' id='line_1_28' title="bbox 205 3625 1244 3720; baseline -0.002 -27"><span class='ocrx_word' id='word_1_176' title='bbox 205 3639 377 3694; x_wconf 78' lang='lat' dir='ltr'><strong>externum</strong></span> <span class='ocrx_word' id='word_1_177' title='bbox 394 3626 556 3695; x_wconf 89' lang='lat' dir='ltr'><strong>sustinere</strong></span> <span class='ocrx_word' id='word_1_178' title='bbox 572 3627 718 3716; x_wconf 89' lang='lat' dir='ltr'><strong>bostem,</strong></span> <span class='ocrx_word' id='word_1_179' title='bbox 736 3641 770 3695; x_wconf 90' lang='lat' dir='ltr'><strong>et</strong></span> <span class='ocrx_word' id='word_1_180' title='bbox 787 3629 948 3720; x_wconf 86' lang='lat' dir='ltr'><strong>respicere</strong></span> <span class='ocrx_word' id='word_1_181' title='bbox 964 3651 1001 3695; x_wconf 93' lang='lat' dir='ltr'><strong>ac</strong></span> <span class='ocrx_word' id='word_1_182' title='bbox 1017 3629 1134 3694; x_wconf 90' lang='lat' dir='ltr'><strong>timere</strong></span> <span class='ocrx_word' id='word_1_183' title='bbox 1151 3625 1244 3718; x_wconf 92' lang='lat' dir='ltr'><strong>oppi-</strong></span> 
     </span>
     <span class='ocr_line' id='line_1_29' title="bbox 205 3744 1244 3839; baseline 0.002 -27"><span class='ocrx_word' id='word_1_184' title='bbox 205 3745 324 3832; x_wconf 81' lang='lat' dir='ltr'><strong>danos,</strong></span> <span class='ocrx_word' id='word_1_185' title='bbox 341 3761 477 3839; x_wconf 87' lang='lat' dir='ltr'><strong>repente</strong></span> <span class='ocrx_word' id='word_1_186' title='bbox 489 3771 529 3816; x_wconf 83' lang='lat' dir='ltr'><strong>ex</strong></span> <span class='ocrx_word' id='word_1_187' title='bbox 544 3771 584 3815; x_wconf 89' lang='lat' dir='ltr'><strong>eo</strong></span> <span class='ocrx_word' id='word_1_188' title='bbox 601 3745 676 3816; x_wconf 94' lang='lat' dir='ltr'><strong>loco</strong></span> <span class='ocrx_word' id='word_1_189' title='bbox 689 3771 765 3816; x_wconf 90' lang='lat' dir='ltr'><strong>cum</strong></span> <span class='ocrx_word' id='word_1_190' title='bbox 781 3748 885 3839; x_wconf 91' lang='lat' dir='ltr'><strong>copiis</strong></span> <span class='ocrx_word' id='word_1_191' title='bbox 893 3744 1033 3830; x_wconf 85' lang='lat' dir='ltr'><strong>recedit3</strong></span> <span class='ocrx_word' id='word_1_192' title='bbox 1043 3768 1104 3813; x_wconf 91' lang='lat' dir='ltr'><strong>nec</strong></span> <span class='ocrx_word' id='word_1_193' title='bbox 1116 3769 1150 3814; x_wconf 88' lang='lat' dir='ltr'><strong>sc</strong></span> <span class='ocrx_word' id='word_1_194' title='bbox 1165 3747 1244 3814; x_wconf 85' lang='lat' dir='ltr'><strong>satis</strong></span> 
     </span>
     <span class='ocr_line' id='line_1_30' title="bbox 205 3864 1245 3959; baseline 0.005 -29"><span class='ocrx_word' id='word_1_195' title='bbox 205 3877 315 3932; x_wconf 92' lang='lat' dir='ltr'><strong>tutum</strong></span> <span class='ocrx_word' id='word_1_196' title='bbox 338 3864 408 3934; x_wconf 84' lang='lat' dir='ltr'><strong>lore</strong></span> <span class='ocrx_word' id='word_1_197' title='bbox 433 3867 633 3953; x_wconf 87' lang='lat' dir='ltr'><strong>arbitratur,</strong></span> <span class='ocrx_word' id='word_1_198' title='bbox 658 3868 719 3936; x_wconf 92' lang='lat' dir='ltr'><strong>nisi</strong></span> <span class='ocrx_word' id='word_1_199' title='bbox 742 3867 865 3936; x_wconf 84' lang='lat' dir='ltr'><strong>llumeu</strong></span> <span class='ocrx_word' id='word_1_200' title='bbox 884 3865 1047 3959; x_wconf 88' lang='lat' dir='ltr'><strong>Ligerim,</strong></span> <span class='ocrx_word' id='word_1_201' title='bbox 1065 3865 1156 3959; x_wconf 94' lang='lat' dir='ltr'><strong>quod</strong></span> <span class='ocrx_word' id='word_1_202' title='bbox 1175 3881 1245 3936; x_wconf 89' lang='lat' dir='ltr'><strong>erat</strong></span> 
     </span>
     <span class='ocr_line' id='line_1_31' title="bbox 205 3985 1244 4081; baseline 0.005 -30"><span class='ocrx_word' id='word_1_203' title='bbox 205 3997 305 4076; x_wconf 89' lang='lat' dir='ltr'><strong>ponte</strong></span> <span class='ocrx_word' id='word_1_204' title='bbox 326 4000 463 4077; x_wconf 87' lang='lat' dir='ltr'><strong>propter</strong></span> <span class='ocrx_word' id='word_1_205' title='bbox 485 3985 749 4079; x_wconf 86' lang='lat' dir='ltr'><strong>magnitudinem</strong></span> <span class='ocrx_word' id='word_1_206' title='bbox 771 3985 1029 4074; x_wconf 89' lang='lat' dir='ltr'><strong>transeundum,</strong></span> <span class='ocrx_word' id='word_1_207' title='bbox 1049 3989 1160 4081; x_wconf 90' lang='lat' dir='ltr'><strong>copias</strong></span> <span class='ocrx_word' id='word_1_208' title='bbox 1178 4002 1244 4056; x_wconf 88' lang='lat' dir='ltr'><strong>tra·</strong></span> 
     </span>
    </p>
   </div>
   <div class='ocr_carea' id='block_1_5' title="bbox 0 0 1536 4766">
    <p class='ocr_par' dir='ltr' id='par_1_7' title="bbox 0 0 1536 4766">
     <span class='ocr_line' id='line_1_32' title="bbox 0 0 1536 4766; baseline 0 1"><span class='ocrx_word' id='word_1_209' title='bbox 0 0 1536 4766; x_wconf 95' lang='lat' dir='ltr'><strong> </strong></span> 
     </span>
    </p>
   </div>
  </div>
 </body>
</html>
