<?xml version="1.0" encoding="UTF-8"?>
<!DOCTYPE html PUBLIC "-//W3C//DTD XHTML 1.0 Transitional//EN"
    "http://www.w3.org/TR/xhtml1/DTD/xhtml1-transitional.dtd">
<html xmlns="http://www.w3.org/1999/xhtml" xml:lang="en" lang="en">
 <head>
  <title>
</title>
<meta http-equiv="Content-Type" content="text/html;charset=utf-8" />
  <meta name='ocr-system' content='tesseract 3.04.00' />
  <meta name='ocr-capabilities' content='ocr_page ocr_carea ocr_par ocr_line ocrx_word'/>
</head>
<body>
  <div class='ocr_page' id='page_1' title='image "./cjcaesarisopera00caesgoog_0345.png"; bbox 0 0 3088 4766; ppageno 0'>
   <div class='ocr_carea' id='block_1_1' title="bbox 536 347 1290 452">
    <p class='ocr_par' dir='ltr' id='par_1_1' title="bbox 536 347 1290 452">
     <span class='ocr_line' id='line_1_1' title="bbox 536 347 1290 452; baseline 0.005 -24"><span class='ocrx_word' id='word_1_1' title='bbox 536 373 586 428; x_wconf 84' lang='lat' dir='ltr'><strong>nn</strong></span> <span class='ocrx_word' id='word_1_2' title='bbox 611 373 731 429; x_wconf 79' lang='lat' dir='ltr'><strong>senno</strong></span> <span class='ocrx_word' id='word_1_3' title='bbox 751 372 866 429; x_wconf 82' lang='lat' dir='ltr'><strong>c1vun</strong></span> <span class='ocrx_word' id='word_1_4' title='bbox 886 375 955 433; x_wconf 82' lang='lat' dir='ltr'><strong>nm.</strong></span> <span class='ocrx_word' id='word_1_5' title='bbox 977 374 999 428; x_wconf 91' lang='lat'><strong>1.</strong></span> <span class='ocrx_word' id='word_1_6' title='bbox 1205 347 1208 352; x_wconf 72' lang='grc'>’</span> <span class='ocrx_word' id='word_1_7' title='bbox 1254 377 1290 452; x_wconf 74' lang='lat'><strong>³9</strong></span> 
     </span>
    </p>
   </div>
   <div class='ocr_carea' id='block_1_2' title="bbox 244 495 1353 4051">
    <p class='ocr_par' dir='ltr' id='par_1_2' title="bbox 261 495 1353 2971">
     <span class='ocr_line' id='line_1_2' title="bbox 261 495 1353 578; baseline 0 -8"><span class='ocrx_word' id='word_1_8' title='bbox 261 501 374 570; x_wconf 84' lang='lat' dir='ltr'><strong>castris</strong></span> <span class='ocrx_word' id='word_1_9' title='bbox 383 499 501 568; x_wconf 85' lang='lat' dir='ltr'><strong>milites</strong></span> <span class='ocrx_word' id='word_1_10' title='bbox 519 495 671 566; x_wconf 90' lang='lat' dir='ltr'><strong>circulari</strong></span> <span class='ocrx_word' id='word_1_11' title='bbox 687 511 721 566; x_wconf 88' lang='lat' dir='ltr'><strong>et</strong></span> <span class='ocrx_word' id='word_1_12' title='bbox 737 495 865 578; x_wconf 88' lang='lat' dir='ltr'><strong>dolere,</strong></span> <span class='ocrx_word' id='word_1_13' title='bbox 879 496 1007 566; x_wconf 77' lang='lat' dir='ltr'><strong>hostem</strong></span> <span class='ocrx_word' id='word_1_14' title='bbox 1023 523 1062 567; x_wconf 85' lang='lat' dir='ltr'><strong>ex</strong></span> <span class='ocrx_word' id='word_1_15' title='bbox 1078 498 1228 570; x_wconf 83' lang='lat' dir='ltr'><strong>manibus</strong></span> <span class='ocrx_word' id='word_1_16' title='bbox 1245 501 1291 570; x_wconf 92' lang='lat' dir='ltr'><strong>di·</strong></span> <span class='ocrx_word' id='word_1_17' title='bbox 1347 523 1353 543; x_wconf 67' lang='lat'>²</span> 
     </span>
     <span class='ocr_line' id='line_1_3' title="bbox 261 615 1290 711; baseline 0.002 -23"><span class='ocrx_word' id='word_1_18' title='bbox 261 620 365 703; x_wconf 91' lang='lat' dir='ltr'><strong>mitti,</strong></span> <span class='ocrx_word' id='word_1_19' title='bbox 383 617 506 686; x_wconf 89' lang='lat' dir='ltr'><strong>bellum</strong></span> <span class='ocrx_word' id='word_1_20' title='bbox 525 642 591 685; x_wconf 92' lang='lat' dir='ltr'><strong>non</strong></span> <span class='ocrx_word' id='word_1_21' title='bbox 611 617 792 686; x_wconf 83' lang='lat' dir='ltr'><strong>necessario</strong></span> <span class='ocrx_word' id='word_1_22' title='bbox 807 615 936 711; x_wconf 89' lang='lat' dir='ltr'><strong>longius</strong></span> <span class='ocrx_word' id='word_1_23' title='bbox 956 616 1032 686; x_wconf 89' lang='lat' dir='ltr'><strong>duci</strong></span> <span class='ocrx_word' id='word_1_24' title='bbox 1055 621 1290 692; x_wconf 85' lang='lat' dir='ltr'><strong>:centuriones</strong></span> 
     </span>
     <span class='ocr_line' id='line_1_4' title="bbox 262 734 1290 830; baseline 0.002 -25"><span class='ocrx_word' id='word_1_25' title='bbox 262 739 476 828; x_wconf 74' lang='lat' dir='ltr'><strong>tribunosque</strong></span> <span class='ocrx_word' id='word_1_26' title='bbox 493 734 634 804; x_wconf 85' lang='lat' dir='ltr'><strong>militurn</strong></span> <span class='ocrx_word' id='word_1_27' title='bbox 652 735 761 823; x_wconf 86' lang='lat' dir='ltr'><strong>adire,</strong></span> <span class='ocrx_word' id='word_1_28' title='bbox 778 749 877 828; x_wconf 88' lang='lat' dir='ltr'><strong>atque</strong></span> <span class='ocrx_word' id='word_1_29' title='bbox 888 735 1076 823; x_wconf 86' lang='lat' dir='ltr'><strong>obsecrare,</strong></span> <span class='ocrx_word' id='word_1_30' title='bbox 1100 751 1137 805; x_wconf 89' lang='lat' dir='ltr'><strong>ut</strong></span> <span class='ocrx_word' id='word_1_31' title='bbox 1157 763 1216 830; x_wconf 71' lang='lat' dir='ltr'><strong>per</strong></span> <span class='ocrx_word' id='word_1_32' title='bbox 1234 762 1290 807; x_wconf 87' lang='lat' dir='ltr'><strong>eos</strong></span> 
     </span>
     <span class='ocr_line' id='line_1_5' title="bbox 262 852 1347 951; baseline 0.001 -26"><span class='ocrx_word' id='word_1_33' title='bbox 262 859 371 926; x_wconf 74' lang='lat' dir='ltr'><strong>Cesar</strong></span> <span class='ocrx_word' id='word_1_34' title='bbox 386 856 507 924; x_wconf 87' lang='lat' dir='ltr'><strong>certior</strong></span> <span class='ocrx_word' id='word_1_35' title='bbox 521 855 628 941; x_wconf 89' lang='lat' dir='ltr'><strong>lieret,</strong></span> <span class='ocrx_word' id='word_1_36' title='bbox 642 883 659 920; x_wconf 80' lang='grc' dir='ltr'><strong>α</strong></span> <span class='ocrx_word' id='word_1_37' title='bbox 673 881 713 924; x_wconf 90' lang='lat' dir='ltr'><strong>ne</strong></span> <span class='ocrx_word' id='word_1_38' title='bbox 724 852 829 924; x_wconf 89' lang='lat' dir='ltr'><strong>labori</strong></span> <span class='ocrx_word' id='word_1_39' title='bbox 850 878 927 943; x_wconf 87' lang='lat' dir='ltr'><strong>suo,</strong></span> <span class='ocrx_word' id='word_1_40' title='bbox 946 881 1010 925; x_wconf 90' lang='lat' dir='ltr'><strong>neu</strong></span> <span class='ocrx_word' id='word_1_41' title='bbox 1027 855 1173 950; x_wconf 90' lang='lat' dir='ltr'><strong>periculo</strong></span> <span class='ocrx_word' id='word_1_42' title='bbox 1182 881 1289 951; x_wconf 74' lang='lat' dir='ltr'><strong>parce</strong></span> <span class='ocrx_word' id='word_1_43' title='bbox 1342 889 1347 900; x_wconf 91' lang='lat'><em>·</em></span> 
     </span>
     <span class='ocr_line' id='line_1_6' title="bbox 261 975 1289 1068; baseline 0.001 -25"><span class='ocrx_word' id='word_1_44' title='bbox 261 989 472 1068; x_wconf 76' lang='lat' dir='ltr'><strong>rettparatos</strong></span> <span class='ocrx_word' id='word_1_45' title='bbox 488 998 556 1042; x_wconf 88' lang='lat' dir='ltr'><strong>esse</strong></span> <span class='ocrx_word' id='word_1_46' title='bbox 564 998 646 1062; x_wconf 81' lang='lat' dir='ltr'><strong>sese3</strong></span> <span class='ocrx_word' id='word_1_47' title='bbox 655 999 749 1068; x_wconf 87' lang='lat' dir='ltr'><strong>posse</strong></span> <span class='ocrx_word' id='word_1_48' title='bbox 758 990 792 1043; x_wconf 90' lang='lat' dir='ltr'><strong>et</strong></span> <span class='ocrx_word' id='word_1_49' title='bbox 803 975 922 1044; x_wconf 85' lang='lat' dir='ltr'><strong>audere</strong></span> <span class='ocrx_word' id='word_1_50' title='bbox 939 1000 977 1044; x_wconf 90' lang='lat' dir='ltr'><strong>ea</strong></span> <span class='ocrx_word' id='word_1_51' title='bbox 992 976 1132 1046; x_wconf 87' lang='lat' dir='ltr'><strong>transire</strong></span> <span class='ocrx_word' id='word_1_52' title='bbox 1148 975 1289 1064; x_wconf 84' lang='lat' dir='ltr'><strong>flumen,</strong></span> 
     </span>
     <span class='ocr_line' id='line_1_7' title="bbox 261 1093 1291 1186; baseline 0.001 -24"><span class='ocrx_word' id='word_1_53' title='bbox 261 1119 325 1186; x_wconf 88' lang='lat' dir='ltr'><strong>qua</strong></span> <span class='ocrx_word' id='word_1_54' title='bbox 346 1093 515 1162; x_wconf 88' lang='lat' dir='ltr'><strong>traductus</strong></span> <span class='ocrx_word' id='word_1_55' title='bbox 536 1108 620 1164; x_wconf 87' lang='lat' dir='ltr'><strong>esset</strong></span> <span class='ocrx_word' id='word_1_56' title='bbox 638 1095 814 1186; x_wconf 79' lang='lat' dir='ltr'><strong>equitatus.</strong></span> <span class='ocrx_word' id='word_1_57' title='bbox 836 1096 1023 1183; x_wconf 77' lang='lat' dir='ltr'><strong>»Quorum</strong></span> <span class='ocrx_word' id='word_1_58' title='bbox 1045 1093 1153 1162; x_wconf 86' lang='lat' dir='ltr'><strong>studio</strong></span> <span class='ocrx_word' id='word_1_59' title='bbox 1179 1110 1214 1163; x_wconf 90' lang='lat' dir='ltr'><strong>et</strong></span> <span class='ocrx_word' id='word_1_60' title='bbox 1235 1120 1291 1163; x_wconf 84' lang='lat' dir='ltr'><strong>vo-</strong></span> 
     </span>
     <span class='ocr_line' id='line_1_8' title="bbox 261 1212 1290 1306; baseline 0.001 -25"><span class='ocrx_word' id='word_1_61' title='bbox 261 1212 354 1282; x_wconf 88' lang='lat' dir='ltr'><strong>cibus</strong></span> <span class='ocrx_word' id='word_1_62' title='bbox 373 1215 531 1282; x_wconf 85' lang='lat' dir='ltr'><strong>excitatus</strong></span> <span class='ocrx_word' id='word_1_63' title='bbox 549 1215 676 1300; x_wconf 70' lang='lat' dir='ltr'><strong>Cesar,</strong></span> <span class='ocrx_word' id='word_1_64' title='bbox 694 1213 756 1281; x_wconf 88' lang='lat' dir='ltr'><strong>etsi</strong></span> <span class='ocrx_word' id='word_1_65' title='bbox 782 1213 918 1281; x_wconf 86' lang='lat' dir='ltr'><strong>timebat</strong></span> <span class='ocrx_word' id='word_1_66' title='bbox 936 1227 1034 1282; x_wconf 79' lang='lat' dir='ltr'><strong>tantae</strong></span> <span class='ocrx_word' id='word_1_67' title='bbox 1055 1214 1290 1306; x_wconf 83' lang='lat' dir='ltr'><strong>magnitudinis</strong></span> 
     </span>
     <span class='ocr_line' id='line_1_9' title="bbox 262 1331 1291 1426; baseline 0.002 -28"><span class='ocrx_word' id='word_1_68' title='bbox 262 1331 388 1399; x_wconf 83' lang='lat' dir='ltr'><strong>flumini</strong></span> <span class='ocrx_word' id='word_1_69' title='bbox 407 1333 585 1400; x_wconf 88' lang='lat' dir='ltr'><strong>exercitum</strong></span> <span class='ocrx_word' id='word_1_70' title='bbox 601 1332 761 1425; x_wconf 91' lang='lat' dir='ltr'><strong>objicere,</strong></span> <span class='ocrx_word' id='word_1_71' title='bbox 784 1331 970 1400; x_wconf 88' lang='lat' dir='ltr'><strong>conandum</strong></span> <span class='ocrx_word' id='word_1_72' title='bbox 990 1347 1100 1401; x_wconf 91' lang='lat' dir='ltr'><strong>tamen</strong></span> <span class='ocrx_word' id='word_1_73' title='bbox 1117 1347 1217 1426; x_wconf 87' lang='lat' dir='ltr'><strong>atque</strong></span> <span class='ocrx_word' id='word_1_74' title='bbox 1236 1357 1291 1401; x_wconf 85' lang='lat' dir='ltr'><strong>ex·</strong></span> 
     </span>
     <span class='ocr_line' id='line_1_10' title="bbox 263 1449 1291 1545; baseline 0.002 -27"><span class='ocrx_word' id='word_1_75' title='bbox 263 1451 456 1543; x_wconf 86' lang='lat' dir='ltr'><strong>periendum</strong></span> <span class='ocrx_word' id='word_1_76' title='bbox 471 1449 607 1545; x_wconf 84' lang='lat' dir='ltr'><strong>judicat.</strong></span> <span class='ocrx_word' id='word_1_77' title='bbox 618 1453 737 1544; x_wconf 87' lang='lat' dir='ltr'><strong>Itaque</strong></span> <span class='ocrx_word' id='word_1_78' title='bbox 747 1449 941 1520; x_wconf 83' lang='lat' dir='ltr'><strong>infirmiores</strong></span> <span class='ocrx_word' id='word_1_79' title='bbox 951 1451 1070 1520; x_wconf 86' lang='lat' dir='ltr'><strong>milites</strong></span> <span class='ocrx_word' id='word_1_80' title='bbox 1086 1475 1126 1520; x_wconf 85' lang='lat' dir='ltr'><strong>ex</strong></span> <span class='ocrx_word' id='word_1_81' title='bbox 1139 1453 1291 1522; x_wconf 85' lang='lat' dir='ltr'><strong>omnibus</strong></span> 
     </span>
     <span class='ocr_line' id='line_1_11' title="bbox 263 1552 1291 1664; baseline 0.003 -28"><span class='ocrx_word' id='word_1_82' title='bbox 263 1571 418 1638; x_wconf 89' lang='lat' dir='ltr'><strong>centuriis</strong></span> <span class='ocrx_word' id='word_1_83' title='bbox 435 1567 534 1662; x_wconf 79' lang='lat' dir='ltr'><strong>deligi</strong></span> <span class='ocrx_word' id='word_1_84' title='bbox 549 1569 658 1662; x_wconf 86' lang='lat' dir='ltr'><strong>jubet,</strong></span> <span class='ocrx_word' id='word_1_85' title='bbox 684 1593 826 1663; x_wconf 89' lang='lat' dir='ltr'><strong>quorum</strong></span> <span class='ocrx_word' id='word_1_86' title='bbox 844 1584 901 1638; x_wconf 81' lang='lat' dir='ltr'><strong>aut</strong></span> <span class='ocrx_word' id='word_1_87' title='bbox 917 1552 1046 1640; x_wconf 83' lang='lat' dir='ltr'><strong>animus</strong></span> <span class='ocrx_word' id='word_1_88' title='bbox 1061 1584 1119 1638; x_wconf 90' lang='lat' dir='ltr'><strong>aut</strong></span> <span class='ocrx_word' id='word_1_89' title='bbox 1138 1571 1224 1664; x_wconf 77' lang='lat' dir='ltr'><strong>vires</strong></span> <span class='ocrx_word' id='word_1_90' title='bbox 1240 1571 1291 1639; x_wconf 80' lang='lat' dir='ltr'><strong>ri·</strong></span> 
     </span>
     <span class='ocr_line' id='line_1_12' title="bbox 263 1685 1291 1782; baseline 0.003 -29"><span class='ocrx_word' id='word_1_91' title='bbox 263 1685 423 1756; x_wconf 82' lang='lat' dir='ltr'><strong>debentur</strong></span> <span class='ocrx_word' id='word_1_92' title='bbox 438 1687 597 1756; x_wconf 89' lang='lat' dir='ltr'><strong>sustinere</strong></span> <span class='ocrx_word' id='word_1_93' title='bbox 609 1713 675 1755; x_wconf 92' lang='lat' dir='ltr'><strong>non</strong></span> <span class='ocrx_word' id='word_1_94' title='bbox 687 1710 789 1782; x_wconf 82' lang='lat' dir='ltr'><strong>posse</strong></span> <span class='ocrx_word' id='word_1_95' title='bbox 803 1693 871 1757; x_wconf 88' lang='lat' dir='ltr'><strong>Hos</strong></span> <span class='ocrx_word' id='word_1_96' title='bbox 888 1712 964 1756; x_wconf 87' lang='lat' dir='ltr'><strong>cum</strong></span> <span class='ocrx_word' id='word_1_97' title='bbox 981 1686 1110 1782; x_wconf 83' lang='lat' dir='ltr'><strong>legione</strong></span> <span class='ocrx_word' id='word_1_98' title='bbox 1127 1710 1193 1756; x_wconf 90' lang='lat' dir='ltr'><strong>una</strong></span> <span class='ocrx_word' id='word_1_99' title='bbox 1208 1711 1291 1780; x_wconf 69' lang='lat' dir='ltr'><strong>prae·</strong></span> 
     </span>
     <span class='ocr_line' id='line_1_13' title="bbox 263 1805 1320 1904; baseline 0.003 -30"><span class='ocrx_word' id='word_1_100' title='bbox 263 1806 347 1876; x_wconf 90' lang='lat' dir='ltr'><strong>sidio</strong></span> <span class='ocrx_word' id='word_1_101' title='bbox 366 1809 482 1876; x_wconf 87' lang='lat' dir='ltr'><strong>castris</strong></span> <span class='ocrx_word' id='word_1_102' title='bbox 499 1805 684 1900; x_wconf 83' lang='lat' dir='ltr'><strong>relinquit:</strong></span> <span class='ocrx_word' id='word_1_103' title='bbox 704 1806 846 1901; x_wconf 89' lang='lat' dir='ltr'><strong>reliquas</strong></span> <span class='ocrx_word' id='word_1_104' title='bbox 867 1806 1010 1902; x_wconf 83' lang='lat' dir='ltr'><strong>legiones</strong></span> <span class='ocrx_word' id='word_1_105' title='bbox 1028 1807 1196 1902; x_wconf 87' lang='lat' dir='ltr'><strong>expeditas</strong></span> <span class='ocrx_word' id='word_1_106' title='bbox 1213 1808 1292 1876; x_wconf 92' lang='lat' dir='ltr'><strong>edu·</strong></span> <span class='ocrx_word' id='word_1_107' title='bbox 1315 1895 1320 1904; x_wconf 22' lang='lat'><strong><em>⁴</em></strong></span> 
     </span>
     <span class='ocr_line' id='line_1_14' title="bbox 264 1925 1292 2020; baseline 0.002 -26"><span class='ocrx_word' id='word_1_108' title='bbox 264 1927 328 2012; x_wconf 80' lang='lat' dir='ltr'><strong>cit3</strong></span> <span class='ocrx_word' id='word_1_109' title='bbox 354 1949 540 2019; x_wconf 86' lang='lat' dir='ltr'><strong>magnoque</strong></span> <span class='ocrx_word' id='word_1_110' title='bbox 568 1949 707 1996; x_wconf 91' lang='lat' dir='ltr'><strong>numero</strong></span> <span class='ocrx_word' id='word_1_111' title='bbox 729 1927 953 2020; x_wconf 86' lang='lat' dir='ltr'><strong>jumentorum</strong></span> <span class='ocrx_word' id='word_1_112' title='bbox 976 1927 1009 1994; x_wconf 93' lang='lat' dir='ltr'><strong>in</strong></span> <span class='ocrx_word' id='word_1_113' title='bbox 1031 1925 1167 1994; x_wconf 87' lang='lat' dir='ltr'><strong>flumine</strong></span> <span class='ocrx_word' id='word_1_114' title='bbox 1193 1951 1292 2020; x_wconf 86' lang='lat' dir='ltr'><strong>supra</strong></span> 
     </span>
     <span class='ocr_line' id='line_1_15' title="bbox 264 2043 1293 2136; baseline 0.002 -24"><span class='ocrx_word' id='word_1_115' title='bbox 264 2061 363 2136; x_wconf 87' lang='lat' dir='ltr'><strong>atque</strong></span> <span class='ocrx_word' id='word_1_116' title='bbox 385 2043 469 2114; x_wconf 86' lang='lat' dir='ltr'><strong>insra</strong></span> <span class='ocrx_word' id='word_1_117' title='bbox 484 2047 680 2130; x_wconf 87' lang='lat' dir='ltr'><strong>constituto,</strong></span> <span class='ocrx_word' id='word_1_118' title='bbox 697 2044 839 2114; x_wconf 87' lang='lat' dir='ltr'><strong>traducit</strong></span> <span class='ocrx_word' id='word_1_119' title='bbox 856 2047 1044 2114; x_wconf 87' lang='lat' dir='ltr'><strong>exercitum.</strong></span> <span class='ocrx_word' id='word_1_120' title='bbox 1063 2045 1164 2114; x_wconf 84' lang='lat' dir='ltr'><strong>Peuci</strong></span> <span class='ocrx_word' id='word_1_121' title='bbox 1181 2069 1219 2114; x_wconf 80' lang='lat' dir='ltr'><strong>ex</strong></span> <span class='ocrx_word' id='word_1_122' title='bbox 1241 2045 1293 2116; x_wconf 88' lang='lat' dir='ltr'><strong>his</strong></span> 
     </span>
     <span class='ocr_line' id='line_1_16' title="bbox 264 2162 1294 2260; baseline 0.003 -28"><span class='ocrx_word' id='word_1_123' title='bbox 264 2162 439 2252; x_wconf 84' lang='lat' dir='ltr'><strong>militibus,</strong></span> <span class='ocrx_word' id='word_1_124' title='bbox 455 2165 488 2233; x_wconf 86' lang='lat' dir='ltr'><strong>vi</strong></span> <span class='ocrx_word' id='word_1_125' title='bbox 508 2164 655 2234; x_wconf 83' lang='lat' dir='ltr'><strong>fluminis</strong></span> <span class='ocrx_word' id='word_1_126' title='bbox 671 2166 816 2260; x_wconf 77' lang='lat' dir='ltr'><strong>abrepti,</strong></span> <span class='ocrx_word' id='word_1_127' title='bbox 844 2165 886 2233; x_wconf 85' lang='lat' dir='ltr'><strong>ab</strong></span> <span class='ocrx_word' id='word_1_128' title='bbox 914 2167 1063 2258; x_wconf 90' lang='lat' dir='ltr'><strong>equitatu</strong></span> <span class='ocrx_word' id='word_1_129' title='bbox 1083 2165 1294 2258; x_wconf 83' lang='lat' dir='ltr'><strong>excipiuntur</strong></span> 
     </span>
     <span class='ocr_line' id='line_1_17' title="bbox 264 2283 1293 2356; baseline 0 -4"><span class='ocrx_word' id='word_1_130' title='bbox 264 2309 303 2354; x_wconf 89' lang='lat' dir='ltr'><strong>ac</strong></span> <span class='ocrx_word' id='word_1_131' title='bbox 315 2283 549 2354; x_wconf 83' lang='lat' dir='ltr'><strong>sublevantur:</strong></span> <span class='ocrx_word' id='word_1_132' title='bbox 568 2287 694 2356; x_wconf 82' lang='lat' dir='ltr'><strong>interiit</strong></span> <span class='ocrx_word' id='word_1_133' title='bbox 706 2300 817 2354; x_wconf 86' lang='lat' dir='ltr'><strong>tamen</strong></span> <span class='ocrx_word' id='word_1_134' title='bbox 832 2307 939 2354; x_wconf 91' lang='lat' dir='ltr'><strong>nemo.</strong></span> <span class='ocrx_word' id='word_1_135' title='bbox 953 2283 1121 2354; x_wconf 85' lang='lat' dir='ltr'><strong>Traducto</strong></span> <span class='ocrx_word' id='word_1_136' title='bbox 1135 2283 1293 2354; x_wconf 91' lang='lat' dir='ltr'><strong>incolumi</strong></span> 
     </span>
     <span class='ocr_line' id='line_1_18' title="bbox 264 2401 1294 2499; baseline 0.001 -27"><span class='ocrx_word' id='word_1_137' title='bbox 264 2405 425 2491; x_wconf 85' lang='lat' dir='ltr'><strong>exercitu,</strong></span> <span class='ocrx_word' id='word_1_138' title='bbox 444 2407 555 2499; x_wconf 88' lang='lat' dir='ltr'><strong>copias</strong></span> <span class='ocrx_word' id='word_1_139' title='bbox 575 2406 722 2491; x_wconf 87' lang='lat' dir='ltr'><strong>instruit,</strong></span> <span class='ocrx_word' id='word_1_140' title='bbox 745 2401 973 2497; x_wconf 87' lang='lat' dir='ltr'><strong>triplicemque</strong></span> <span class='ocrx_word' id='word_1_141' title='bbox 989 2405 1091 2472; x_wconf 88' lang='lat' dir='ltr'><strong>aciem</strong></span> <span class='ocrx_word' id='word_1_142' title='bbox 1106 2403 1226 2474; x_wconf 89' lang='lat' dir='ltr'><strong>ducere</strong></span> <span class='ocrx_word' id='word_1_143' title='bbox 1245 2407 1294 2473; x_wconf 91' lang='lat' dir='ltr'><strong>in·</strong></span> 
     </span>
     <span class='ocr_line' id='line_1_19' title="bbox 263 2520 1293 2616; baseline 0.002 -26"><span class='ocrx_word' id='word_1_144' title='bbox 263 2525 352 2616; x_wconf 84' lang='lat' dir='ltr'><strong>cipit.</strong></span> <span class='ocrx_word' id='word_1_145' title='bbox 374 2529 421 2593; x_wconf 77' lang='lat' dir='ltr'><strong>Ac</strong></span> <span class='ocrx_word' id='word_1_146' title='bbox 438 2538 564 2593; x_wconf 84' lang='lat' dir='ltr'><strong>tantum</strong></span> <span class='ocrx_word' id='word_1_147' title='bbox 586 2523 647 2592; x_wconf 84' lang='lat' dir='ltr'><strong>fuit</strong></span> <span class='ocrx_word' id='word_1_148' title='bbox 666 2525 700 2592; x_wconf 90' lang='lat' dir='ltr'><strong>in</strong></span> <span class='ocrx_word' id='word_1_149' title='bbox 721 2521 879 2592; x_wconf 87' lang='lat' dir='ltr'><strong>militibus</strong></span> <span class='ocrx_word' id='word_1_150' title='bbox 897 2520 1011 2605; x_wconf 90' lang='lat' dir='ltr'><strong>studii,</strong></span> <span class='ocrx_word' id='word_1_151' title='bbox 1031 2535 1084 2609; x_wconf 91' lang='lat' dir='ltr'><strong>ut,</strong></span> <span class='ocrx_word' id='word_1_152' title='bbox 1103 2521 1242 2596; x_wconf 90' lang='lat' dir='ltr'><strong>millium</strong></span> <span class='ocrx_word' id='word_1_153' title='bbox 1257 2547 1293 2592; x_wconf 81' lang='lat' dir='ltr'><strong>vt</strong></span> 
     </span>
     <span class='ocr_line' id='line_1_20' title="bbox 264 2639 1293 2735; baseline -0.002 -25"><span class='ocrx_word' id='word_1_154' title='bbox 264 2642 304 2710; x_wconf 90' lang='lat' dir='ltr'><strong>ad</strong></span> <span class='ocrx_word' id='word_1_155' title='bbox 321 2645 383 2712; x_wconf 88' lang='lat' dir='ltr'><strong>iter</strong></span> <span class='ocrx_word' id='word_1_156' title='bbox 400 2641 514 2712; x_wconf 85' lang='lat' dir='ltr'><strong>addito</strong></span> <span class='ocrx_word' id='word_1_157' title='bbox 537 2645 696 2730; x_wconf 90' lang='lat' dir='ltr'><strong>circuitu,</strong></span> <span class='ocrx_word' id='word_1_158' title='bbox 718 2665 902 2735; x_wconf 86' lang='lat' dir='ltr'><strong>magnaque</strong></span> <span class='ocrx_word' id='word_1_159' title='bbox 934 2639 976 2708; x_wconf 89' lang='lat' dir='ltr'><strong>ad</strong></span> <span class='ocrx_word' id='word_1_160' title='bbox 1003 2640 1122 2710; x_wconf 88' lang='lat' dir='ltr'><strong>vadum</strong></span> <span class='ocrx_word' id='word_1_161' title='bbox 1150 2641 1293 2712; x_wconf 87' lang='lat' dir='ltr'><strong>fluminis</strong></span> 
     </span>
     <span class='ocr_line' id='line_1_21' title="bbox 265 2756 1295 2854; baseline -0.002 -25"><span class='ocrx_word' id='word_1_162' title='bbox 265 2785 356 2830; x_wconf 87' lang='lat' dir='ltr'><strong>mora</strong></span> <span class='ocrx_word' id='word_1_163' title='bbox 368 2763 577 2854; x_wconf 87' lang='lat' dir='ltr'><strong>interposita,</strong></span> <span class='ocrx_word' id='word_1_164' title='bbox 594 2784 668 2847; x_wconf 90' lang='lat' dir='ltr'><strong>eos,</strong></span> <span class='ocrx_word' id='word_1_165' title='bbox 684 2763 741 2852; x_wconf 91' lang='lat' dir='ltr'><strong>qui</strong></span> <span class='ocrx_word' id='word_1_166' title='bbox 757 2759 798 2830; x_wconf 89' lang='lat' dir='ltr'><strong>de</strong></span> <span class='ocrx_word' id='word_1_167' title='bbox 814 2761 908 2828; x_wconf 86' lang='lat' dir='ltr'><strong>tertie</strong></span> <span class='ocrx_word' id='word_1_168' title='bbox 919 2756 1030 2850; x_wconf 88' lang='lat' dir='ltr'><strong>vigilia</strong></span> <span class='ocrx_word' id='word_1_169' title='bbox 1047 2761 1208 2839; x_wconf 81' lang='lat' dir='ltr'><strong>exissent,</strong></span> <span class='ocrx_word' id='word_1_170' title='bbox 1219 2774 1295 2828; x_wconf 89' lang='lat' dir='ltr'><strong>ante</strong></span> 
     </span>
     <span class='ocr_line' id='line_1_22' title="bbox 265 2873 907 2971; baseline -0.003 -22"><span class='ocrx_word' id='word_1_171' title='bbox 265 2883 379 2950; x_wconf 84' lang='lat' dir='ltr'><strong>horam</strong></span> <span class='ocrx_word' id='word_1_172' title='bbox 398 2880 462 2949; x_wconf 90' lang='lat' dir='ltr'><strong>diei</strong></span> <span class='ocrx_word' id='word_1_173' title='bbox 480 2873 601 2948; x_wconf 80' lang='lat' dir='ltr'><strong>nouam</strong></span> <span class='ocrx_word' id='word_1_174' title='bbox 619 2895 907 2971; x_wconf 85' lang='lat' dir='ltr'><strong>consequerentur.</strong></span> 
     </span>
    </p>

    <p class='ocr_par' dir='ltr' id='par_1_3' title="bbox 244 2997 1299 4051">
     <span class='ocr_line' id='line_1_23' title="bbox 312 2997 1296 3093; baseline -0.002 -25"><span class='ocrx_word' id='word_1_175' title='bbox 312 3003 416 3068; x_wconf 85' lang='lat' dir='ltr'><strong>LXV.</strong></span> <span class='ocrx_word' id='word_1_176' title='bbox 437 2998 530 3085; x_wconf 89' lang='lat' dir='ltr'><strong>Quos</strong></span> <span class='ocrx_word' id='word_1_177' title='bbox 556 2998 613 3067; x_wconf 87' lang='lat' dir='ltr'><strong>ubi</strong></span> <span class='ocrx_word' id='word_1_178' title='bbox 640 2998 797 3069; x_wconf 81' lang='lat' dir='ltr'><strong>Afranius</strong></span> <span class='ocrx_word' id='word_1_179' title='bbox 824 2997 937 3093; x_wconf 90' lang='lat' dir='ltr'><strong>procul</strong></span> <span class='ocrx_word' id='word_1_180' title='bbox 957 3001 1044 3068; x_wconf 86' lang='lat' dir='ltr'><strong>visos</strong></span> <span class='ocrx_word' id='word_1_181' title='bbox 1066 3023 1141 3068; x_wconf 89' lang='lat' dir='ltr'><strong>cum</strong></span> <span class='ocrx_word' id='word_1_182' title='bbox 1165 2998 1296 3067; x_wconf 88' lang='lat' dir='ltr'><strong>Petreio</strong></span> 
     </span>
     <span class='ocr_line' id='line_1_24' title="bbox 265 3118 1294 3212; baseline 0.001 -27"><span class='ocrx_word' id='word_1_183' title='bbox 265 3119 450 3211; x_wconf 86' lang='lat' dir='ltr'><strong>conspexit,</strong></span> <span class='ocrx_word' id='word_1_184' title='bbox 467 3141 551 3187; x_wconf 89' lang='lat' dir='ltr'><strong>nova</strong></span> <span class='ocrx_word' id='word_1_185' title='bbox 568 3143 604 3188; x_wconf 92' lang='lat' dir='ltr'><strong>re</strong></span> <span class='ocrx_word' id='word_1_186' title='bbox 622 3119 832 3212; x_wconf 89' lang='lat' dir='ltr'><strong>perterritus,</strong></span> <span class='ocrx_word' id='word_1_187' title='bbox 850 3118 929 3188; x_wconf 88' lang='lat' dir='ltr'><strong>locis</strong></span> <span class='ocrx_word' id='word_1_188' title='bbox 944 3119 1167 3212; x_wconf 85' lang='lat' dir='ltr'><strong>superioribus</strong></span> <span class='ocrx_word' id='word_1_189' title='bbox 1186 3118 1294 3186; x_wconf 90' lang='lat' dir='ltr'><strong>consi·</strong></span> 
     </span>
     <span class='ocr_line' id='line_1_25' title="bbox 266 3233 1298 3338; baseline 0 -34"><span class='ocrx_word' id='word_1_190' title='bbox 266 3239 339 3324; x_wconf 89' lang='lat' dir='ltr'><strong>stit,</strong></span> <span class='ocrx_word' id='word_1_191' title='bbox 354 3239 520 3330; x_wconf 80' lang='lat' dir='ltr'><strong>aciemque</strong></span> <span class='ocrx_word' id='word_1_192' title='bbox 540 3240 683 3308; x_wconf 86' lang='lat' dir='ltr'><strong>instruit.</strong></span> <span class='ocrx_word' id='word_1_193' title='bbox 702 3242 813 3308; x_wconf 78' lang='lat' dir='ltr'><strong>Caesar</strong></span> <span class='ocrx_word' id='word_1_194' title='bbox 832 3240 866 3307; x_wconf 91' lang='lat' dir='ltr'><strong>in</strong></span> <span class='ocrx_word' id='word_1_195' title='bbox 885 3239 1009 3331; x_wconf 88' lang='lat' dir='ltr'><strong>campis</strong></span> <span class='ocrx_word' id='word_1_196' title='bbox 1022 3239 1200 3307; x_wconf 84' lang='lat' dir='ltr'><strong>exercitum</strong></span> <span class='ocrx_word' id='word_1_197' title='bbox 1222 3233 1298 3338; x_wconf 85' lang='lat' dir='ltr'><strong>reli-</strong></span> 
     </span>
     <span class='ocr_line' id='line_1_26' title="bbox 265 3355 1297 3452; baseline -0.004 -26"><span class='ocrx_word' id='word_1_198' title='bbox 265 3359 325 3443; x_wconf 92' lang='lat' dir='ltr'><strong>cit,</strong></span> <span class='ocrx_word' id='word_1_199' title='bbox 347 3381 389 3426; x_wconf 89' lang='lat' dir='ltr'><strong>ne</strong></span> <span class='ocrx_word' id='word_1_200' title='bbox 408 3355 571 3428; x_wconf 84' lang='lat' dir='ltr'><strong>defessum</strong></span> <span class='ocrx_word' id='word_1_201' title='bbox 594 3356 712 3452; x_wconf 77' lang='lat' dir='ltr'><strong>proelio</strong></span> <span class='ocrx_word' id='word_1_202' title='bbox 729 3357 874 3451; x_wconf 82' lang='lat' dir='ltr'><strong>objiciet.</strong></span> <span class='ocrx_word' id='word_1_203' title='bbox 893 3359 1023 3427; x_wconf 86' lang='lat' dir='ltr'><strong>Rursus</strong></span> <span class='ocrx_word' id='word_1_204' title='bbox 1044 3371 1202 3426; x_wconf 90' lang='lat' dir='ltr'><strong>conantes</strong></span> <span class='ocrx_word' id='word_1_205' title='bbox 1220 3370 1297 3449; x_wconf 87' lang='lat' dir='ltr'><strong>pro-</strong></span> 
     </span>
     <span class='ocr_line' id='line_1_27' title="bbox 265 3474 1297 3571; baseline -0.004 -26"><span class='ocrx_word' id='word_1_206' title='bbox 265 3475 357 3571; x_wconf 77' lang='lat' dir='ltr'><strong>gredi</strong></span> <span class='ocrx_word' id='word_1_207' title='bbox 382 3478 565 3571; x_wconf 86' lang='lat' dir='ltr'><strong>insequitur</strong></span> <span class='ocrx_word' id='word_1_208' title='bbox 589 3493 622 3547; x_wconf 91' lang='lat' dir='ltr'><strong>et</strong></span> <span class='ocrx_word' id='word_1_209' title='bbox 644 3491 802 3547; x_wconf 83' lang='lat' dir='ltr'><strong>moratur.</strong></span> <span class='ocrx_word' id='word_1_210' title='bbox 829 3474 882 3546; x_wconf 93' lang='lat' dir='ltr'><strong>Illi</strong></span> <span class='ocrx_word' id='word_1_211' title='bbox 911 3477 1093 3545; x_wconf 86' lang='lat' dir='ltr'><strong>necessario</strong></span> <span class='ocrx_word' id='word_1_212' title='bbox 1117 3475 1297 3560; x_wconf 84' lang='lat' dir='ltr'><strong>maturius,</strong></span> 
     </span>
     <span class='ocr_line' id='line_1_28' title="bbox 265 3593 1297 3690; baseline -0.006 -26"><span class='ocrx_word' id='word_1_213' title='bbox 265 3596 627 3688; x_wconf 81' lang='lat' dir='ltr'><strong>quemconstituerant,</strong></span> <span class='ocrx_word' id='word_1_214' title='bbox 638 3611 744 3668; x_wconf 90' lang='lat' dir='ltr'><strong>castra</strong></span> <span class='ocrx_word' id='word_1_215' title='bbox 756 3609 886 3690; x_wconf 92' lang='lat' dir='ltr'><strong>ponunt</strong></span> <span class='ocrx_word' id='word_1_216' title='bbox 906 3621 914 3662; x_wconf 90' lang='lat'><strong>:</strong></span> <span class='ocrx_word' id='word_1_217' title='bbox 932 3595 1089 3663; x_wconf 83' lang='lat' dir='ltr'><strong>suberant</strong></span> <span class='ocrx_word' id='word_1_218' title='bbox 1104 3593 1190 3660; x_wconf 90' lang='lat' dir='ltr'><strong>enim</strong></span> <span class='ocrx_word' id='word_1_219' title='bbox 1202 3616 1297 3659; x_wconf 92' lang='lat' dir='ltr'><strong>mon·</strong></span> 
     </span>
     <span class='ocr_line' id='line_1_29' title="bbox 244 3710 1299 3813; baseline -0.005 -30"><span class='ocrx_word' id='word_1_220' title='bbox 244 3765 247 3773; x_wconf 81' lang='lat'>-</span> <span class='ocrx_word' id='word_1_221' title='bbox 266 3729 326 3799; x_wconf 88' lang='lat' dir='ltr'><strong>tes,</strong></span> <span class='ocrx_word' id='word_1_222' title='bbox 346 3731 444 3810; x_wconf 87' lang='lat' dir='ltr'><strong>atque</strong></span> <span class='ocrx_word' id='word_1_223' title='bbox 467 3741 487 3785; x_wconf 91' lang='lat' dir='ltr'><strong>a</strong></span> <span class='ocrx_word' id='word_1_224' title='bbox 508 3717 652 3788; x_wconf 77' lang='lat' dir='ltr'><strong>nrillibus</strong></span> <span class='ocrx_word' id='word_1_225' title='bbox 674 3741 830 3813; x_wconf 83' lang='lat' dir='ltr'><strong>passuum</strong></span> <span class='ocrx_word' id='word_1_226' title='bbox 849 3739 870 3786; x_wconf 87' lang='lat' dir='ltr'>v</span> <span class='ocrx_word' id='word_1_227' title='bbox 890 3716 1009 3785; x_wconf 85' lang='lat' dir='ltr'><strong>itinera</strong></span> <span class='ocrx_word' id='word_1_228' title='bbox 1032 3710 1177 3781; x_wconf 84' lang='lat' dir='ltr'><strong>difficilia</strong></span> <span class='ocrx_word' id='word_1_229' title='bbox 1200 3725 1299 3803; x_wconf 91' lang='lat' dir='ltr'><strong>atque</strong></span> 
     </span>
     <span class='ocr_line' id='line_1_30' title="bbox 266 3827 1298 3929; baseline -0.005 -29"><span class='ocrx_word' id='word_1_230' title='bbox 266 3848 402 3926; x_wconf 85' lang='lat' dir='ltr'><strong>angusta</strong></span> <span class='ocrx_word' id='word_1_231' title='bbox 421 3837 639 3929; x_wconf 85' lang='lat' dir='ltr'><strong>excipiebant.</strong></span> <span class='ocrx_word' id='word_1_232' title='bbox 663 3841 732 3906; x_wconf 89' lang='lat' dir='ltr'><strong>Hos</strong></span> <span class='ocrx_word' id='word_1_233' title='bbox 756 3839 843 3905; x_wconf 88' lang='lat' dir='ltr'><strong>intra</strong></span> <span class='ocrx_word' id='word_1_234' title='bbox 870 3847 999 3904; x_wconf 88' lang='lat' dir='ltr'><strong>montes</strong></span> <span class='ocrx_word' id='word_1_235' title='bbox 1023 3856 1058 3900; x_wconf 90' lang='lat' dir='ltr'><strong>se</strong></span> <span class='ocrx_word' id='word_1_236' title='bbox 1079 3827 1298 3924; x_wconf 84' lang='lat' dir='ltr'><strong>recipiebant,</strong></span> 
     </span>
     <span class='ocr_line' id='line_1_31' title="bbox 267 3951 1297 4051; baseline -0.002 -34"><span class='ocrx_word' id='word_1_237' title='bbox 267 3963 304 4019; x_wconf 93' lang='lat' dir='ltr'><strong>ut</strong></span> <span class='ocrx_word' id='word_1_238' title='bbox 318 3954 500 4044; x_wconf 87' lang='lat' dir='ltr'><strong>equitatum</strong></span> <span class='ocrx_word' id='word_1_239' title='bbox 518 3955 701 4051; x_wconf 79' lang='lat' dir='ltr'><strong>effugerent</strong></span> <span class='ocrx_word' id='word_1_240' title='bbox 720 3959 874 4042; x_wconf 76' lang='lat' dir='ltr'><strong>Gesseris,</strong></span> <span class='ocrx_word' id='word_1_241' title='bbox 894 3951 1118 4048; x_wconf 74' lang='lat' dir='ltr'><strong>presidiisque</strong></span> <span class='ocrx_word' id='word_1_242' title='bbox 1140 3951 1173 4021; x_wconf 82' lang='lat' dir='ltr'><strong>ia</strong></span> <span class='ocrx_word' id='word_1_243' title='bbox 1194 3971 1297 4041; x_wconf 81' lang='lat' dir='ltr'><strong>angu-</strong></span> 
     </span>
    </p>
   </div>
   <div class='ocr_carea' id='block_1_3' title="bbox 0 0 1557 4766">
    <p class='ocr_par' dir='ltr' id='par_1_4' title="bbox 0 0 1557 4766">
     <span class='ocr_line' id='line_1_32' title="bbox 0 0 1557 4766; baseline 0 0"><span class='ocrx_word' id='word_1_244' title='bbox 0 0 1557 4766; x_wconf 95' lang='lat' dir='ltr'><strong> </strong></span> 
     </span>
    </p>
   </div>
  </div>
 </body>
</html>
