3048 4770
434 399 487 454 DE
507 398 628 478 BELLQ
650 397 810 455 GALLICO
830 401 899 454 LIB.
916 401 939 454 1.
1169 401 1201 455 13

162 524 507 618 ,equestreadvcrsum
524 523 640 614 paucis
656 537 734 592 ante
754 523 869 591 dicbus
887 538 972 592 esset
988 524 1125 613 facturn,
1142 527 1204 595 ini·

168 645 252 712 tium
271 644 343 737 ejus
362 641 448 735 fugae
468 641 590 709 factum
609 665 628 710 a
649 642 859 736 Dumnorige
880 656 978 734 atque
995 643 1067 735 ejus
1082 648 1202 738 equiti-

169 763 229 830 bus
238 762 331 854 (nam
346 761 523 853 equitatui,
538 785 635 853 quem
650 760 774 830 auxilio
784 762 904 830 Caesari
916 761 1013 848 AEdui
1027 764 1204 852 miserant,

168 883 358 952 Dumnorix
377 881 550 974 praeerat),
572 905 686 950 eorum
707 879 789 977 fuga
805 879 969 973 reliquum
992 886 1061 952 esse
1081 886 1205 976 equita·

172 1017 241 1071 tum
261 1001 516 1094 perterritum.»

215 1123 306 1190 XIX.
322 1119 455 1208 Quibus
471 1119 571 1188 rebus
586 1122 742 1215 cognitis,
755 1145 858 1214 quum
876 1121 918 1190 ad
930 1121 989 1190 has
1001 1121 1203 1216 suspiciones

167 1239 354 1308 certissima
379 1263 431 1308 res
453 1240 665 1328 accederent,
686 1240 776 1333 quod
794 1241 951 1334 perfines
973 1244 1202 1335 Sequanorum

167 1357 334 1428 Helvetios
352 1359 566 1445 traduxisset,
578 1358 670 1452 quod
687 1359 816 1428 obsides
833 1361 991 1430 intereos
1007 1361 1204 1432 dandoscu-

166 1495 287 1565 rasset,
303 1479 394 1574 quod
405 1505 444 1548 ea
456 1481 568 1550 omnia
582 1505 649 1548 non
667 1479 768 1550 modo
784 1481 912 1574 injussu
925 1506 985 1550 suo
997 1497 1031 1551 et
1044 1484 1201 1570 civitatis,

166 1600 342 1671 sedetiam
363 1600 578 1670 inscientibus
597 1600 677 1694 ipsis
697 1599 839 1687 fecissen
859 1601 950 1693 quod
968 1625 987 1670 a
1007 1602 1201 1697 magistrat-u

165 1721 352 1790 AEduorum
378 1733 607 1805 accusaretur3
631 1721 710 1788 satis
738 1744 808 1788 esse
836 1743 942 1790 causae
966 1721 1202 1811 arbitrabatur,

165 1865 271 1932 quare
295 1843 331 1909 in
355 1863 433 1908 eum
458 1854 518 1908 aut
542 1839 612 1930 ipse
637 1838 932 1925 animadverteret,
956 1855 1015 1909 aut
1036 1842 1203 1911 civitatem

164 1959 433 2028 animadvertere
449 1959 593 2052 juberet.
611 1959 671 2027 His
687 1958 841 2028 omnibus
861 1959 959 2028 rebus
979 1961 1084 2031 unum
1104 1986 1203 2055 repu-

164 2078 414 2174 gnataequm
429 2077 587 2148 Divitiaci
604 2076 717 2146 fratris
732 2102 898 2146 summum
916 2082 952 2146 in
968 2080 1130 2174 populum
1147 2108 1202 2151 ro-
1285 2165 1300 2176 ἢ

163 2225 302 2270 manum
320 2200 489 2284 studium,
508 2222 670 2267 summam
691 2199 726 2264 in
745 2222 779 2265 se
793 2197 1016 2278 voluntatem,
1035 2203 1202 2296 egregiam

161 2321 286 2405 fidem,
308 2321 491 2414 justitiam,
512 2317 766 2411 temperantiam
790 2333 1022 2410 cognoverat:
1045 2344 1138 2408 nam,
1161 2347 1202 2390 ne

162 2445 239 2535 ejus
265 2438 430 2534 supplicio
451 2438 609 2508 Divitiaci
629 2435 776 2504 animum
802 2435 999 2523 offenderet,
1018 2439 1201 2510 verebatur.

162 2564 283 2653 ltaque
305 2560 497 2653 priusquam
520 2553 703 2650 quidquam
724 2570 918 2639 conaretur,
938 2558 1138 2628 Divitiacum
1160 2562 1201 2629 ad

162 2707 199 2753 ee
225 2683 335 2750 vocari
354 2683 467 2773 jubet,
491 2693 545 2767 et,
566 2674 766 2772 quotidianis
790 2672 1023 2766 interpretibus
1047 2669 1200 2758 remotis,

162 2826 230 2898 per
244 2804 282 2872 C.
291 2799 462 2869 Valerium
474 2796 670 2884 Procillum,
684 2794 867 2889 principem
880 2790 997 2859 Galliae
1010 2790 1201 2881 provinciae,

165 2919 364 2993 familiarem
389 2937 503 2997 suum,
527 2911 581 2979 cui
605 2933 768 2978 summam
793 2933 915 2980 rerum·
931 2911 1079 2980 omnium
1104 2909 1202 2979 fidem

166 3042 327 3126 habebat,
344 3061 421 3106 cum
433 3061 473 3105 eo
487 3033 690 3127 colloquitur
708 3059 716 3100 ε
734 3029 832 3101 simul
850 3028 1119 3116 commonefacit,
1130 3055 1203 3125 quae
1222 3105 1225 3114 ,

166 3161 240 3254 ipso
258 3171 419 3252 praesente
441 3157 475 3224 iu
493 3152 636 3226 concilio
651 3148 828 3221 Gallorum
848 3148 889 3217 de
910 3150 1120 3243 Dumnorige
1138 3151 1205 3220 sint

164 3279 276 3366 dicta,
297 3293 330 3347 et
351 3275 513 3362 ostendit,
535 3297 609 3368 quae
629 3271 805 3366 separatim
827 3269 966 3363 quisque
988 3268 1029 3336 de
1052 3293 1093 3337 eo
1116 3267 1205 3362 apud

164 3425 201 3469 se
222 3398 343 3468 dixerit
361 3423 369 3465 :
386 3397 470 3490 petit
484 3409 584 3487 atque
600 3393 769 3475 hortatur,
787 3403 825 3458 ut
841 3390 911 3458 sine
932 3390 1003 3482 ejus
1023 3387 1205 3458 ofsensione

165 3519 271 3588 animi
287 3517 341 3586 vel
358 3519 428 3610 ipse
448 3515 489 3583 de
505 3537 561 3598 eo,
579 3533 678 3580 causa
694 3511 845 3604 cognita,
862 3523 1002 3594 statuat,
1018 3507 1069 3576 rel
1091 3509 1205 3576 civita-

166 3653 237 3708 tem
258 3651 403 3706 statuere
419 3633 546 3728 jubeat

214 3759 293 3827 XX.
319 3755 505 3826 Divitiacns
525 3749 641 3821 multis
657 3775 734 3820 cum
754 3748 921 3842 lacrymis,
937 3751 1099 3818 Caesarem
1115 3771 1206 3814 com·

167 3875 303 3968 plexus,
327 3875 500 3942 obsecrare
525 3870 638 3964 coepit,
663 3868 839 3962 «nequid
860 3869 989 3961 gravius
1014 3868 1048 3933 in
1073 3865 1207 3933 fratrem

167 4003 329 4064 statueret
351 4021 359 4061 ι
376 3994 459 4062 scire
476 4015 531 4075 se,
546 3988 602 4058 illa
617 4011 685 4059 esse
701 4011 795 4074 vera,
815 4013 875 4055 nec
890 4009 1090 4079 quemquam
1111 4009 1150 4054 ex
1167 4009 1206 4054 eo
