3096 4762
278 401 316 480 με
432 402 462 458 e.
484 404 581 461 Juui
604 403 766 462 cassius
786 399 1149 462 conunurinioauu

277 527 423 595 vendum
444 533 553 600 Caesar
577 531 784 602 existimabat
810 555 983 625 :namque
1009 530 1157 598 omnium
1177 555 1307 617 rerum,

277 672 350 738 quae
372 648 414 716 ad
439 647 564 718 bellum
589 653 663 720 usui
687 665 796 738 erant,
824 675 950 720 summa
973 659 1045 718 erat
1069 651 1103 719 in
1124 675 1164 720 eo
1187 651 1310 744 oppido

277 765 413 838 facultas
431 793 439 836 ε
460 768 560 862 idque
577 785 696 840 natura
711 769 776 839 loci
796 770 842 839 sic
864 771 1087 858 muniebatur,
1105 786 1142 839 ut
1157 795 1310 865 magnam

277 885 319 954 ad
337 887 526 957 ducendum
544 888 669 958 belluni
688 890 782 960 daret
802 889 1009 976 facultatem3
1026 905 1199 983 propterea
1221 891 1310 983 quod

209 1035 215 1044 ¹
279 1004 404 1074 flumen
428 1009 553 1096 Dubis,
577 1024 616 1077 nt
640 1011 765 1094 circino
789 1009 1068 1097 circumductum,
1089 1033 1181 1103 paene
1203 1024 1310 1078 totum

241 1104 250 1122 „
278 1126 437 1218 oppidum
461 1129 584 1223 cingit3
605 1128 769 1223 reliquum
791 1131 951 1223 spatium,
971 1128 1061 1221 quod
1082 1142 1132 1195 est
1152 1151 1220 1195 non
1240 1153 1314 1195 anis

280 1243 366 1336 plius
382 1246 504 1338 pedum
523 1272 585 1335 nc,
603 1273 667 1342 qua
683 1249 806 1317 flumen
824 1249 1031 1334 intermittit,
1049 1271 1144 1315 mons
1163 1248 1311 1315 continet

280 1387 400 1458 magna
421 1365 611 1455 altitudine,
627 1370 673 1436 ita
689 1383 725 1438 ut
744 1367 870 1436 radices
886 1369 955 1459 ejus
972 1367 1094 1435 montis
1110 1391 1149 1434 ex
1171 1379 1312 1458 utraque

281 1499 374 1576 parte
394 1487 472 1580 ripae
489 1487 635 1557 lluminis
654 1490 858 1581 contingant.
878 1490 977 1555 Hune
998 1511 1113 1555 murus
1128 1485 1312 1554 circumda·

281 1621 332 1671 tus
352 1629 460 1673 arcem
481 1605 598 1686 efficit,
616 1621 649 1675 et
669 1631 746 1675 cum
762 1605 885 1698 oppido
906 1606 1088 1699 conjungit.
1110 1609 1185 1672 Huc
1204 1609 1312 1676 Caesar

282 1725 409 1818 magnis
426 1724 553 1793 diurnis
570 1728 806 1817 nocturnisque
819 1724 993 1794 itineribus
1008 1724 1193 1813 contendit,
1212 1750 1312 1794 occu·

282 1857 424 1936 petoque
442 1843 577 1937 oppido,
594 1845 639 1912 ibi
658 1842 845 1936 praesidium
860 1843 1009 1913 collocat.

261 2009 268 2017 -
328 1965 500 2030 XXXIX..
513 1967 602 2030 Dum
621 1987 743 2056 paucos
768 1962 837 2031 dies
858 1963 899 2031 ad
918 1965 1156 2033 Vesontionem
1174 1966 1221 2033 rei
1242 1965 1313 2033 iru-

283 2083 451 2150 mentariae
475 2097 741 2175 commeatusque
764 2105 860 2151 causa
885 2096 1050 2170 moratur,
1075 2107 1115 2150 ex
1141 2099 1312 2178 perconta-

287 2199 373 2268 tione
389 2215 599 2289 nostrorum,
614 2202 814 2295 vocibusque
829 2200 1003 2272 Gallorum
1020 2227 1058 2271 ac
1077 2217 1312 2288 mercatorum,

284 2320 340 2412 qui
361 2321 487 2414 ingenti
510 2321 736 2416 magnitudine
755 2346 933 2415 corporum
950 2323 1151 2408 Germanos,
1174 2321 1314 2389 incredi-

285 2437 340 2506 bili
362 2440 483 2508 virtute
503 2427 602 2532 atque
626 2443 860 2510 exercitatione
886 2442 1041 2510 inarmis
1066 2465 1136 2510 esse
1159 2439 1315 2532 pradica-

283 2559 378 2645 bant,
399 2583 623 2652 sepenumero
648 2585 718 2628 sese
743 2585 819 2628 cum
843 2561 882 2629 iis
907 2569 1098 2654 congressos
1125 2583 1166 2628 ne
1184 2557 1315 2626 vultum

283 2679 417 2773 quidem
434 2695 532 2772 atque
548 2683 652 2749 aciem
668 2680 837 2750 oculorum
851 2679 936 2750 ferre
951 2682 1110 2773 potuisse,
1128 2695 1240 2749 tantus
1260 2705 1315 2748 su·

284 2799 354 2867 bito
370 2801 469 2868 timor
487 2825 620 2869 ornnem
640 2801 817 2870 exercitum
836 2801 1027 2893 occupavit,
1047 2814 1084 2868 ut
1103 2825 1170 2868 non
1191 2799 1317 2867 medio-

285 2917 384 2986 criter
402 2921 551 2987 omnium
572 2934 699 2988 mentes
719 2921 911 3011 animosque
928 2919 1146 3011 perturbaret.
1166 2919 1228 2986 Hic
1250 2918 1317 3010 pri-

285 3060 376 3103 mum
391 3051 484 3105 ortus
496 3052 545 3106 est
561 3063 580 3106 a
596 3038 738 3107 tribunis
753 3036 913 3124 militum,
925 3061 964 3106 ac
978 3037 1153 3130 praefectis,
1168 3035 1319 3127 reliquis·

287 3178 367 3250 que,
396 3159 454 3248 qui
482 3181 522 3224 ex
552 3157 649 3242 urbe,
683 3157 833 3225 amicitiae
865 3181 978 3239 eausa,
1003 3158 1166 3224 Caesarem
1195 3157 1318 3230 secuti,

286 3299 442 3368 magnum
454 3275 638 3368 periculum
654 3277 906 3362 miserabantur,
921 3275 1011 3367 quod
1027 3298 1093 3342 non
1110 3297 1266 3367 magnum
1284 3277 1319 3338 in

287 3419 321 3462 re
340 3391 476 3462 militari
493 3419 588 3464 usum
607 3395 773 3464 habebant
790 3419 959 3488 :quorum
980 3394 1064 3464 alius
1085 3395 1150 3463 alia
1166 3419 1264 3463 causa
1282 3393 1321 3462 il-

287 3511 369 3596 lata,
390 3537 489 3606 quam
510 3514 572 3582 sibi
588 3513 630 3583 ad
650 3513 923 3607 proficiscendum
942 3517 1159 3584 neeessariam
1182 3539 1251 3584 esse
1270 3516 1321 3580 di-

288 3648 391 3721 ceret,
408 3635 553 3726 petebat,
570 3649 609 3702 ut
627 3635 697 3728 ejus
712 3634 882 3704 voluntate
899 3635 1067 3704 discedere
1083 3635 1197 3702 liceret
1215 3659 1222 3700 :
1240 3657 1322 3700 non-

286 3750 387 3839 nulli,
405 3752 531 3845 pudore
547 3752 699 3840 adducti,
718 3769 757 3821 ut
776 3754 904 3822 timoris
919 3753 1141 3844 suspicionem
1162 3753 1318 3836 vitarent,

286 3872 510 3940 remanebant.
529 3873 573 3940 Hi
593 3897 699 3965 neque
715 3871 845 3941 vultum
865 3871 1008 3965 lingere,
1028 3895 1134 3963 neque
1153 3869 1320 3938 interdum

288 3990 445 4086 lacrymas
454 4007 566 4062 tenere
575 3991 861 4085 poteraut2abditi
870 3994 904 4060 in
914 3991 1216 4079 tabernaculis,aut
1225 4014 1318 4060 sunm
