3026 4768
227 345 281 404 136
381 347 412 402 C.
436 349 534 406 JULll
554 347 716 406 CAESARIS
739 347 1105 405 commutationum

224 472 316 543 turio
330 475 500 559 amiserat,
514 489 549 543 ct
563 473 731 544 celeritate
744 489 779 543 ct
794 473 897 567 copiis
912 472 1041 558 docuit,
1058 470 1140 565 quid
1155 468 1270 565 populi

225 595 357 662 romani
373 592 550 688 disciplina
563 609 662 687 atque
678 617 757 688 opes
773 607 918 688 possent.

273 716 318 782 II.
337 713 517 783 Interfecto
527 714 773 800 Indutiomaro,
790 729 829 782 ut
844 712 1034 800 docuimus,
1049 710 1092 779 ad
1110 711 1180 804 ejus
1196 734 1272 803 pro-

226 836 369 930 pinquos
386 836 564 904 aTreviris
578 836 754 930 imperium
771 834 929 904 defertur.
947 831 1001 903 Illi
1018 833 1179 902 finitimos
1194 833 1274 900 Ger·

226 980 343 1024 manos
359 952 553 1042 sollicitare,
575 970 608 1025 ct
627 957 805 1049 pecuniam
821 953 970 1050 polliceri
989 979 1057 1022 non
1078 947 1243 1020 desistunt
1265 977 1272 1018 :

227 1098 332 1167 quum
362 1075 403 1143 ab
433 1076 595 1169 proximis
621 1078 800 1171 impetrare
827 1100 894 1144 non
922 1086 1070 1168 possent,
1100 1069 1275 1140 ulteriores

229 1207 370 1264 tentant.
392 1197 542 1264 Inventis
566 1194 734 1266 nonnullis
758 1197 961 1283 civitatibus,
980 1191 1199 1288 jurejurando
1223 1193 1275 1258 in-

228 1329 281 1385 ter
297 1343 332 1390 se
349 1315 563 1405 confirmant,
580 1316 816 1410 obsidibusque
832 1315 1025 1410 depecunia
1039 1327 1181 1382 cavent:
1196 1316 1276 1381 Am·

228 1435 394 1529 biorigcm
410 1436 473 1504 sibi
494 1438 651 1506 societate
670 1451 704 1505 et
722 1436 846 1506 foedere
861 1435 1060 1529 adjungunt.
1078 1434 1210 1522 Quibus
1226 1456 1278 1499 re-

229 1554 293 1624 bus
308 1557 467 1650 cognitis,
486 1558 611 1644 Caesar,
623 1581 729 1650 quum
744 1554 892 1656 undique
912 1552 1038 1623 bellum
1054 1555 1165 1647 parari
1185 1551 1277 1620 vidc-

231 1687 299 1762 ret,
316 1676 473 1764 Nervios,
491 1675 701 1763 Aduatucos,
718 1677 908 1769 Menapios,
926 1674 1094 1768 adjunctis
1110 1673 1279 1742 cisrhena·

231 1795 284 1864 nis
293 1795 450 1865 omnibus
462 1797 656 1884 Germanis,
669 1820 739 1865 csse
753 1797 788 1864 in
800 1797 917 1883 armis,
928 1797 1076 1864 Senones
1089 1794 1132 1862 ad
1140 1794 1280 1887 impera·

232 1929 304 1984 tum
321 1941 392 1984 non
408 1917 541 2004 venire,
563 1931 596 1984 et
613 1941 689 1986 cum
706 1916 910 1986 Carnutibus
925 1914 1143 2008 finitimisque
1161 1915 1278 2010 civita·

232 2036 322 2104 tibus
345 2034 485 2106 consilia
509 2038 771 2124 communicare,
794 2062 814 2105 a
835 2037 982 2105 Treviris
998 2039 1185 2105 Germanos
1205 2061 1278 2105 cre-

232 2155 301 2224 bris
316 2154 539 2252 legationibus
555 2154 745 2246 sollicitari,
762 2159 926 2226 maturius
943 2157 1006 2225 sibi
1022 2157 1063 2224 de
1082 2154 1170 2225 bello
1188 2158 1279 2252 cogi-

232 2277 372 2346 tandum
389 2277 530 2372 puq'rvit.

281 2399 342 2467 III.
362 2400 481 2491 Itaque
505 2398 657 2468 nondum
679 2399 787 2468 bieme
806 2398 971 2486 confecta,
991 2397 1151 2493 proximis
1174 2419 1210 2466 tv
1232 2396 1280 2466 le·

236 2518 391 2610 gionibus
408 2519 546 2608 coactis,
564 2518 606 2586 de
625 2519 809 2613 improviso
826 2518 860 2584 in
878 2517 959 2587 fines
976 2519 1180 2588 Nerviorum
1198 2541 1279 2585 con·

236 2639 358 2725 tendit;
380 2655 430 2728 et,
451 2641 663 2734 priusquam
683 2637 732 2709 illi
753 2654 812 2708 aut
828 2640 1007 2708 convenire
1028 2653 1085 2707 aut
1104 2637 1281 2732 profugere

234 2775 394 2852 possent,
412 2783 534 2855 magno
549 2759 678 2852 pecoris
695 2773 796 2853 atque
815 2760 991 2828 hominum
1009 2782 1150 2828 numero
1169 2773 1281 2851 capto,

234 2893 335 2971 atquc
349 2880 519 2974 eapraeda
531 2879 693 2948 militibus
710 2904 882 2968 concessa,
899 2881 1103 2973 vastatisque
1120 2880 1230 2973 agris,
1246 2879 1281 2946 in

236 2994 440 3073 deditionem
455 3001 568 3069 venire
585 3015 685 3094 atque
700 2999 832 3068 obsides
851 3000 914 3068 sibi
931 3000 1011 3068 dare
1029 3002 1147 3095 coegit.
1162 3004 1213 3069 Eo
1230 3025 1282 3068 cc-

235 3115 350 3185 leriter
368 3119 522 3188 confecto
544 3122 694 3214 negotio,
711 3145 827 3189 rursus
845 3119 992 3214 legiones
1012 3123 1046 3188 in
1066 3121 1208 3191 hiberno
1231 3145 1282 3188 re-

234 3238 340 3307 duxit.
371 3239 524 3308 Concilio
549 3239 666 3311 Galliae
691 3242 798 3329 primo
819 3265 911 3326 vere,
931 3243 982 3309 uti
1002 3242 1208 3328 instituerat,
1235 3243 1284 3309 in·

237 3359 344 3446 dicto,
364 3380 466 3450 quum
484 3357 622 3452 reliqui,
643 3374 765 3454 praeter
785 3363 949 3450 Senones,
968 3364 1152 3448 Carnutes,
1168 3365 1284 3431 Trevi-

236 3505 359 3575 rosque
378 3481 566 3569 venissent,
592 3481 724 3562 initium
745 3481 825 3550 belli
850 3507 889 3552 ac
912 3484 1106 3554 defectionis
1128 3486 1193 3554 hoc
1214 3509 1283 3554 esse

235 3603 432 3690 arbitratus,
444 3617 482 3670 ut
491 3602 604 3671 omnia
618 3615 819 3695 postponere
829 3604 1017 3694 videretur,
1028 3605 1209 3674 concilium
1218 3609 1284 3675 Lu·

117 3711 120 3717 ¹
237 3724 352 3792 tetiam
361 3723 567 3792 Parisiorum
581 3721 747 3791 transfert.
761 3722 918 3792 Confines
928 3725 1068 3792 eranthi
1078 3727 1282 3816 Sendnibus,

236 3844 470 3936 civitatemque
488 3859 621 3938 patrum
635 3846 796 3914 memoria
810 3847 1070 3940 conjunxerant3
1087 3849 1146 3916 sed
1162 3849 1282 3918 abhoc

237 3961 381 4031 concilio
404 3963 547 4033 abfuisse
571 3966 855 4035 existimabantur.
880 3973 951 4036 Hac
976 3993 1097 4061 repro
1123 3984 1282 4064 suggestu
