3014 4780
308 387 363 444 aas
474 391 505 446 c.
527 389 627 444 tutu
647 369 812 444 cestius
832 387 1028 444 conamur.
1053 389 1165 446 mnan

307 535 484 607 perumque
500 513 542 581 ad
560 527 667 582 castra
690 527 801 580 nostra
816 507 1049 606 pervenerant,
1071 513 1214 610 precisis
1236 517 1353 584 mani-

308 633 370 702 bus
390 634 479 702 missi
498 650 574 701 sunt
593 630 679 700 facti
697 635 773 700 Pari
791 632 1047 720 consuetudine,
1066 632 1177 726 vigilia
1195 635 1351 704 secunda

308 777 348 821 ex
365 752 489 847 oppido
507 755 615 847 ignem
636 751 777 822 multum
794 753 1002 846 telorumque
1022 751 1271 822 multitudinem
1287 756 1349 848 ja-

275 877 278 886 ’
307 874 1350 968 ctando,benemagnumtempusconsumpserunt,complures-

308 1021 372 1088 que
397 994 589 1065 vulneribus
614 994 805 1063 affecerunt.
832 994 1002 1062 Preterito
1029 995 1136 1062 noctis
1162 1008 1347 1087 tempore,

307 1117 514 1210 eruptionem
529 1115 562 1181 in
577 1111 741 1207 legionem
756 1128 881 1182 sextam
896 1112 1061 1198 fecerunt,
1073 1137 1176 1206 quum
1190 1115 1223 1183 in
1236 1139 1346 1207 opere

308 1236 411 1306 nostri
422 1235 555 1303 distenti
566 1247 690 1320 essent,
704 1234 887 1326 acriterque
898 1256 1046 1326 pugnare
1057 1247 1227 1326 coeperunt
1238 1258 1346 1326 :quo-

306 1380 381 1426 rum
400 1356 448 1421 vis
464 1377 611 1446 repressa
635 1379 655 1422 a
675 1354 809 1438 nostris,
824 1355 885 1422 etsi
901 1352 1060 1447 oppidani
1078 1355 1246 1447 superiore
1262 1352 1343 1422 loeo

308 1472 578 1542 defendebantur.
600 1475 647 1560 Ii,
665 1499 769 1566 quum
793 1474 1000 1566 eruptionem
1020 1473 1126 1542 secere
1146 1475 1342 1568 coepissent,

223 1648 225 1652 .
307 1608 416 1695 tamen
438 1594 561 1662 virtute
594 1592 737 1662 militum
764 1605 975 1679 nostrorum,
997 1594 1070 1686 qui,
1096 1593 1157 1661 etsi
1184 1592 1341 1661 inferiore

308 1715 380 1784 loeo
396 1714 648 1808 premebantur,
664 1728 775 1782 tamen
790 1711 913 1807 repulsi
931 1712 1108 1782 adversarii
1126 1712 1209 1782 bene
1223 1711 1341 1782 maltis

308 1834 497 1904 vulneribus
515 1833 627 1904 eflecti
647 1835 682 1903 in
701 1833 859 1928 oppidum
878 1857 913 1902 se
928 1831 1151 1902 contulerunt.

354 1959 445 2023 XIII.
472 1959 607 2025 Postero
626 1957 680 2024 die
696 1957 872 2048 Pompeius
889 1979 929 2023 ex
949 1955 1063 2024 castris
1080 1954 1146 2022 suis
1163 1954 1336 2023 brachium

306 2077 406 2168 coepit
422 2075 465 2143 ad
478 2075 599 2143 flumen
620 2073 749 2143 Salsum
766 2073 884 2142 ducere
901 2100 909 2142 τ
925 2088 959 2143 et
972 2098 1075 2167 quum
1090 2074 1194 2142 nostri
1209 2075 1337 2167 equites

306 2193 402 2289 pauci
417 2195 451 2261 in
467 2195 607 2263 statione
624 2192 761 2261 fuissent
778 2217 797 2260 a
814 2192 965 2286 pluribus
981 2196 1121 2287 reperti,
1139 2193 1179 2262 de
1195 2196 1338 2263 statione

306 2329 382 2384 sunt
400 2314 539 2407 dejecti,
555 2328 589 2382 et
605 2313 704 2382 occisi
721 2327 797 2381 tres.
812 2316 863 2380 Eo
876 2311 929 2381 die
946 2316 986 2382 A.
1002 2311 1159 2407 Valgius,
1176 2315 1336 2383 senatoris

305 2434 410 2524 filius,
430 2435 523 2528 cujus
542 2433 643 2502 frater
662 2434 696 2500 in
715 2433 829 2502 castris
847 2433 993 2527 Pompeii
1022 2433 1153 2521 fuisset,
1181 2433 1334 2502 omnibus

306 2558 372 2625 suis
390 2554 486 2624 rebus
506 2551 648 2641 relictis,
665 2577 787 2647 equum
813 2552 1019 2640 conscendit,
1038 2568 1072 2622 et
1095 2553 1189 2647 fugit.
1209 2557 1334 2647 Specu-

306 2675 391 2744 lator
409 2675 451 2744 de
468 2673 598 2770 legione
614 2673 756 2744 secunda
772 2675 973 2767 Pompeiana
988 2687 1103 2767 captus
1119 2698 1138 2741 a
1155 2672 1332 2760 militibus,

305 2810 338 2863 et
353 2794 545 2864 interfectus
563 2809 613 2863 est
631 2819 639 2863 :
658 2792 811 2886 idemque
825 2794 982 2887 temporis
997 2792 1088 2887 glans
1100 2795 1196 2861 missa
1210 2806 1276 2878 est,
1288 2793 1334 2860 in·

305 2917 442 3010 scripta,
471 2945 489 2980 a
512 2939 579 3008 quo
596 2913 649 2982 die
666 2913 708 2982 ad
729 2912 888 3007 oppidum
905 2912 1102 3007 capiendum
1122 2913 1332 2998 accederent,

305 3059 373 3104 sese
386 3051 515 3103 scutum
524 3057 594 3102 esse
607 3034 823 3127 positurum.»
833 3036 908 3122 Qua
921 3058 978 3127 spe
990 3031 1140 3102 nonnulli
1152 3085 1161 3118 ,
1171 3033 1250 3102 dum
1263 3034 1333 3102 sine

305 3151 451 3245 periculo
468 3177 601 3221 murum
617 3152 814 3241 ascendere,
835 3166 870 3221 et
887 3131 1044 3247 oppidum
1063 3155 1164 3247 potiri
1181 3177 1274 3247 posse
1298 3176 1332 3221 se

305 3285 456 3365 sperant,
477 3285 610 3366 postero
630 3271 683 3342 die
710 3273 752 3342 ad
772 3299 904 3342 murum
920 3300 1003 3369 opus
1023 3273 1128 3344 lacere
1144 3287 1332 3368 coeperunt,

305 3407 338 3460 et
355 3391 438 3459 bene
455 3415 574 3484 magna
589 3390 709 3486 prioris
726 3395 813 3462 muri
838 3419 913 3487 pars
930 3394 1055 3488 dejecta
1073 3407 1131 3464 est.
1148 3397 1226 3483 Quo
1245 3393 1333 3462 sacto

229 3565 233 3572 .
304 3512 345 3580 ab
361 3509 556 3604 oppidanis,
576 3513 657 3580 acsi
678 3537 813 3582 suarum
831 3515 976 3607 partium
990 3531 1116 3600 essent,
1131 3513 1332 3594 conservati,

306 3632 421 3700 missos
439 3631 545 3700 lacere
561 3629 733 3717 loricatos,
752 3635 874 3727 quique
892 3634 1035 3727 praesidii
1052 3659 1148 3704 causa
1166 3634 1329 3726 praepositi

306 3748 429 3844 oppido
454 3775 472 3817 a
498 3752 655 3844 Pompeio
675 3768 801 3839 essent,
828 3752 977 3820 orabant.
1005 3755 1136 3844 Quibus
1162 3751 1331 3845 respondit

306 3873 424 3955 Cesar,
436 3897 453 3934 u
464 3893 498 3937 se
510 3871 717 3940 conditiones
732 3871 826 3957 dure,
840 3896 908 3940 non
921 3873 1330 3968 recipere,consuevisse.s

306 3991 375 4076 Qui
392 4013 495 4081 quum
526 3990 559 4058 in
587 3991 746 4084 oppidum
777 3994 1005 4084 revertissent,
1026 3993 1129 4082 relato
1156 4017 1330 4088 responso,
