3014 4780
480 403 530 460 ms
551 403 672 460 nmo
693 403 940 492 msrmmnsr.
1160 427 1213 484 29,

192 531 298 600 verbis
314 529 466 596 nuntium
485 529 604 616 mittit,
624 552 762 621 equum
781 531 889 597 minus
906 527 989 598 belle
1005 530 1160 619 haberet,
1179 549 1216 602 ut

194 651 358 718 mitterent
386 647 554 732 lecticam,
583 671 648 739 qua
673 649 706 716 in
731 648 890 742 oppidum
917 647 1036 718 deferri
1064 651 1176 744 possit.
1199 683 1215 715 s

193 769 324 837 Litteris
336 769 458 854 missis,
469 767 643 859 Pompeius
654 767 821 835 Carteiam
833 766 989 836 defertur.
1001 769 1070 856 Qui
1084 768 1214 840 illarum

193 889 335 981 partium
356 886 497 954 fautores
513 888 848 973 esseut,conveniunt
859 887 893 954 in
910 885 1058 975 domum,
1070 904 1215 981 quoerat

193 1005 319 1074 delatus
341 1006 416 1099 (qni
434 1005 582 1073 arbitrati
601 1019 679 1073 sunt
704 1003 890 1075 clanculum
917 1007 1081 1102 venisse),
1108 1024 1145 1078 ut
1173 1011 1215 1078 ab

194 1151 251 1215 eo,
270 1151 341 1220 quae
361 1125 475 1212 vellet,
498 1124 539 1193 de
558 1122 645 1192 bello
668 1127 882 1218 requirerent.
898 1127 1012 1214 Quum
1031 1126 1215 1223 frequentia

193 1247 417 1332 convenisset,
434 1245 474 1313 de
499 1244 612 1314 lectica
637 1247 812 1337 Pompeius
826 1269 941 1314 eorum
966 1247 1000 1315 in
1019 1246 1117 1317 fidem
1136 1273 1215 1317 con·

193 1365 285 1458 fugit.

241 1487 398 1554 XXXIII.
418 1486 540 1568 Cesar,
558 1507 597 1552 ex
613 1481 727 1576 proelio
741 1482 869 1554 Munda
887 1485 1068 1555 munitione
1082 1489 1217 1556 circum·

194 1603 286 1684 data,
296 1602 486 1672 Cordubam
502 1603 603 1670 venit.
612 1602 681 1689 Qui
695 1625 735 1670 ex
751 1601 837 1671 caede
853 1627 892 1672 eo
905 1603 1111 1698 refugerant,
1131 1629 1214 1697 pon·

194 1738 259 1790 tem
282 1734 534 1813 occupaverunt.
557 1721 672 1808 Quum
691 1744 731 1788 eo
747 1735 831 1788 esset
859 1735 1010 1806 ventum,
1039 1723 1215 1791 conviciari

192 1853 379 1933 coeperunt,
393 1867 410 1902 r
420 1863 481 1907 nos
497 1863 536 1906 ex
551 1838 666 1932 proelio
682 1863 803 1932 paucos
813 1863 979 1932 superesse
996 1865 1085 1933 :quo
1104 1841 1216 1910 consu-

193 1957 386 2052 geremusfn
405 1961 456 2026 Its
479 1981 625 2051 pugnare
644 1971 813 2051 coeperunt
839 1958 880 2027 de
898 1974 1007 2053 ponte.
1029 1962 1137 2030 Caesar
1154 1959 1216 2030 flu·

193 2101 266 2145 men
285 2078 468 2170 transjecit,
486 2091 519 2144 et
533 2091 637 2145 castra
655 2077 773 2168 posuit.
794 2077 949 2170 Scapula,
969 2081 1068 2148 totius
1085 2079 1216 2149 seditio·

192 2198 243 2263 nis
262 2194 392 2264 familie
405 2211 437 2264 et
452 2194 680 2264 libertinorum
701 2211 814 2288 caput,
832 2221 872 2265 ex
891 2197 1006 2290 proelio
1023 2197 1215 2268 Cordubam

193 2339 294 2406 qutun
312 2317 466 2400 venisset,
488 2314 642 2384 familiam
663 2327 695 2382 et
719 2313 850 2384 libertos
872 2319 1080 2403 convocavit,
1099 2343 1214 2412 pyram

192 2433 253 2500 sibi
274 2435 451 2518 exstruxit,
467 2457 592 2502 ooenam
608 2432 720 2502 afferri
738 2457 838 2526 quam
857 2436 1001 2525 opimam
1021 2437 1215 2528 imperavit,

192 2553 270 2620 item
284 2544 418 2645 optimis
432 2550 677 2619 insternendum
693 2550 911 2618 vestimentis:
929 2555 1102 2644 pecuniam
1120 2569 1153 2621 et
1164 2577 1217 2621 ar·

192 2687 326 2763 gentum
352 2673 384 2736 in
410 2669 581 2760 presentia
599 2665 727 2734 familiae
754 2666 899 2735 donavit„
918 2671 992 2760 lpse
1010 2669 1051 2738 de
1070 2687 1216 2764 tempore
1290 2668 1292 2672 ’

190 2789 345 2872 coensvit,
361 2787 498 2853 resinam
516 2799 547 2854 et
565 2784 705 2853 nardum
722 2783 899 2855 identidem
918 2787 979 2855 sibi
993 2788 1146 2858 infundit.
1164 2793 1214 2861 Ita

191 2905 369 2974 novissimo
391 2917 535 2996 tempore
550 2927 680 2972 servum
690 2905 787 2996 jussit
803 2917 837 2972 et
853 2903 1022 2994 libertum,
1034 2906 1216 3000 quisuisset

191 3026 261 3117 ejus
275 3024 493 3106 concubium,
505 3020 642 3090 alterum
661 3045 696 3090 se
703 3021 870 3116 jugulare,
889 3023 1027 3094 alterum
1040 3051 1153 3121 pyram
1167 3031 1218 3097 in·

189 3141 336 3211 uendere.

238 3263 394 3332 XXXIV.
414 3261 579 3356 Oppidani
595 3277 722 3349 autem,
739 3261 835 3332 simul
850 3263 958 3333 Caesar
977 3281 1082 3334 castra
1098 3281 1212 3335 contra

190 3380 351 3475 oppidum
368 3383 492 3474 posuit,
511 3380 698 3486 discordare
716 3397 887 3476 coeperunt
904 3405 1006 3476 usque
1023 3409 1081 3471 eo,
1092 3401 1138 3474 ‚ut
1151 3383 1218 3454 ela-

189 3526 263 3570 mor
278 3503 310 3568 in
338 3515 443 3572 castra
469 3515 579 3568 nostra
598 3501 782 3593 perveniret
802 3499 887 3588 fere,
913 3501 998 3570 inter
1013 3504 1216 3572 Caesarisrms

190 3637 223 3690 ct
242 3624 327 3690 inter
345 3620 571 3714 Pompeianos.
587 3624 693 3689 Erant
711 3619 763 3688 hic
779 3617 944 3714 legiones,
961 3645 1033 3714 qum
1049 3645 1090 3690 ex
1109 3621 1218 3714 perfu-

191 3744 240 3833 gis
260 3742 473 3834 conscriptae,
491 3741 609 3833 partim
628 3739 869 3833 oppidanorum
887 3743 993 3828 servi,
1012 3743 1068 3834 qui
1087 3757 1217 3811 eranta

191 3863 289 3928 Sexto
299 3861 456 3953 Pompeio
472 3861 675 3946 manumissi,
686 3873 766 3928 tunc
782 3860 815 3926 iu
826 3860 963 3928 Ceteris
974 3859 1154 3928 adventum
1165 3859 1219 3927 de-

192 3979 344 4048 scendere
354 3993 535 4071 coeperunt.
550 3979 651 4070 Legio
667 4001 732 4062 mn
744 3979 903 4072 oppidum
914 3978 1086 4052 defendere
1095 3980 1193 4074 coepit
1209 4004 1217 4046 :
