3026 4768
426 371 478 427 os
497 367 619 423 annno
639 365 802 422 ossmco
823 364 891 420 un.
908 365 956 420 1v.
1090 365 1092 370 ·
1174 362 1210 438 93

178 495 270 566 arido
289 495 528 577 constiterunt,
551 491 618 559 suis
640 488 794 558 omnibus
818 487 1015 574 consecutis,
1041 489 1076 555 in
1101 487 1212 558 hostes

179 615 340 708 impetum
356 613 520 695 fecerunt,
538 623 636 701 atque
652 593 708 678 eos
728 609 762 676 in
778 606 891 702 fugam
907 605 1086 691 dederunt;
1105 631 1212 702 neque

179 734 310 828 longius
322 729 477 824 prosequi
493 741 688 820 potuerunt,
700 724 792 820 quod
799 725 927 818 equites
938 748 1072 792 cursum
1084 738 1211 814 tenere,

178 869 277 946 atque
294 847 435 918 insulam
452 871 569 940 capere
580 870 645 915 non
661 859 852 940 potuerant,
864 847 937 913 Hoc
953 867 1057 912 unum
1073 837 1116 912 ad
1130 846 1214 938 pris·

179 973 282 1040 tinam
300 968 466 1038 fortunam
482 965 604 1036 Caesari
624 965 736 1034 defirit.

225 1091 364 1158 XXVII.
391 1090 508 1155 Hostes
530 1083 647 1178 proelio
675 1087 834 1179 superati,
862 1085 960 1154 simul
987 1100 1086 1180 atque
1110 1112 1144 1156 se
1172 1112 1212 1158 ex

178 1209 254 1302 fuga
265 1197 474 1300 receperunt,
489 1205 601 1273 statim
617 1204 659 1273 ad
677 1207 839 1274 Caesarem
854 1202 978 1299 legatos
994 1205 1035 1274 de
1050 1231 1132 1299 pace
1148 1211 1212 1276 mi-

178 1339 290 1395 serunt
306 1351 313 1393 :
327 1323 457 1393 obsides
470 1322 619 1410 daturos,
636 1347 774 1417 quaeque
807 1324 1012 1418 imperasset,
1026 1351 1096 1396 sese
1106 1326 1213 1397 factu·

178 1470 245 1532 ros,
266 1442 404 1537 polliciti
424 1457 511 1511 sunt.
529 1445 606 1512 Una
621 1467 697 1512 cum
716 1443 768 1511 his
785 1445 901 1537 legatis
918 1446 1091 1515 Commius
1113 1449 1211 1516 Atre-

178 1565 234 1634 bas
255 1565 366 1649 venit,
389 1586 487 1656 quem
512 1587 612 1655 supra
637 1560 940 1632 demonstraveram
956 1563 986 1632 'a
1011 1535 1142 1634 Caesare
1175 1568 1211 1634 in

176 1684 383 1754 Britanniam
397 1683 611 1778 premissum.
624 1685 723 1750 Hunc
733 1679 781 1750 illi
791 1683 893 1750 enavi
907 1707 1093 1778 egressum,
1106 1708 1210 1778 quum

177 1805 220 1873 ad
244 1794 300 1873 eos
322 1805 463 1872 oratoris
486 1801 585 1872 modo
613 1802 1001 1897 imperatoris-mandata
1029 1803 1209 1896 perserret,

177 1922 516 2018 comprehenderant,
539 1937 638 2015 atque
660 1925 693 1990 in
710 1921 844 1990 vincula
864 1913 1074 2015 conjecerant
1093 1950 1102 1992 t
1121 1938 1210 2011 tum,

177 2040 294 2135 proelio
315 2041 419 2128 facto,
443 2041 659 2125 remiserunt,
681 2042 772 2110 etin
795 2041 937 2147 petenda
957 2065 1053 2137 pace,
1069 2043 1138 2138 ejus
1162 2047 1210 2119 rei

177 2161 309 2255 culpam
333 2164 369 2231 in
390 2160 639 2230 multitudinem
659 2158 889 2248 contulerunt,
911 2177 963 2249 et,
983 2177 1121 2257 propter
1145 2164 1210 2232 im-

179 2275 391 2375 prudentiam
407 2296 446 2350 ut
463 2282 703 2374 ignosceretur,
722 2277 921 2371 petiverunt.
937 2283 1046 2351 Caesar
1059 2297 1209 2377 questus,

178 2389 285 2495 quod,
305 2420 407 2494 quum
427 2398 517 2469 ultro
536 2400 571 2466 in
590 2398 816 2466 continentem
833 2397 949 2492 legatis
966 2401 1072 2488 missis
1093 2427 1208 2495 pacem

179 2545 197 2588 a
214 2541 248 2587 se
266 2521 440 2613 petissent,
460 2517 586 2588 bellum
609 2519 679 2586 sine
694 2540 796 2600 causa
815 2516 1019 2607 intulissent,
1037 2519 1210 2614 ignoscere

178 2638 410 2731 imprudentiae
432 2636 529 2726 dixit,
550 2635 745 2729 obsidesque
767 2635 974 2730 imperavit:
997 2622 1140 2732 quorum
1159 2638 1208 2708 illi

177 2769 308 2852 partem
334 2759 445 2824 statim
475 2752 656 2845 dederunt,
684 2766 832 2849 partem,
857 2781 897 2825 ex
924 2755 1208 2849 longinquioribus

178 2872 261 2945 locis
285 2877 493 2964 arcessitam,
522 2877 635 2970 paucis
654 2873 769 2944 diebus
793 2899 862 2944 sese
885 2876 1020 2944 daturos
1042 2874 1207 2948 dixerunt.

178 2997 310 3066 Interea
325 3021 400 3065 suos
415 2996 595 3090 remigrare
609 2996 644 3062 in
660 3019 755 3090 agros
768 2995 938 3087 jusserunt
956 3021 964 3063 :
980 2996 1208 3091 principesque

179 3115 326 3209 nudique
348 3109 541 3202 convenire,
560 3128 594 3182 et
611 3136 646 3182 se
662 3115 874 3209 civitatesque
890 3115 969 3184 snas
980 3116 1101 3200 Caesari
1118 3143 1209 3187 com·
1329 3149 1331 3154 ¹

179 3234 336 3304 mandare
350 3248 530 3329 coeperunt.

225 3352 381 3425 xxvtu.
407 3357 468 3426 His
480 3355 580 3423 rebus
595 3379 677 3448 pace
693 3353 901 3441 confirmata,
919 3370 994 3449 post
1008 3356 1094 3424 diem
1109 3380 1208 3450 quar·

179 3491 264 3563 tarn,
283 3499 382 3569 quarn
408 3475 508 3542 estin
529 3475 734 3544 Britanniam
753 3489 903 3562 ventum,
927 3499 1024 3544 naves
1049 3499 1148 3563 xvrn,
1168 3477 1209 3546 de

178 3595 299 3688 quibus
312 3617 411 3687 supra
420 3593 681 3662 demonstratum
692 3609 756 3679 est,
770 3617 843 3686 quae
854 3595 981 3692 equites
996 3595 1209 3682 sustulerant,

178 3739 219 3784 ex
238 3713 407 3808 superiore
421 3727 521 3806 portu
541 3712 606 3781 leni
619 3725 718 3780 vento
734 3709 912 3781 solverunt.
928 3715 1012 3803 Quae
1030 3738 1133 3808 quum
1150 3739 1209 3808 ap-

178 3836 441 3930 propinquarent
456 3832 648 3917 Britannia,
664 3845 697 3900 ct
712 3855 752 3899 ex
768 3833 882 3900 castris
898 3832 1101 3922 viderentur,
1118 3847 1210 3903 tanta
1284 3819 1287 3832 ¹

180 3969 355 4050 tempestas
373 3953 483 4052 subito
503 3965 616 4019 coorta
630 3965 695 4037 est,
717 3947 862 4018 utnulla
880 3975 993 4020 carum
1012 3953 1145 4023 cursum
1164 3969 1210 4025 te-
