3062 4766
267 389 322 446 1⁸8
423 391 454 447 C.
478 391 574 448 JULII
594 393 758 451 efflatus
780 387 1147 448 COMMENTARIORUM

265 513 437 584 iracundia
460 530 494 585 et
515 519 699 605 temeritas,
728 541 801 611 qua
826 515 968 585 maxime
990 510 1039 580 illi
1060 513 1233 580 hominum
1253 534 1310 601 ge·

266 633 336 700 neri
348 633 399 702 est
415 637 547 721 innata,
559 650 597 704 ut
613 635 719 705 levem
732 637 937 705 auditionem
952 633 1074 703 habeat
1092 655 1204 726 prore
1222 653 1310 698 com·

265 767 370 847 perta.
400 756 492 823 Bona
521 755 646 824 civium
674 779 889 825 romanorum
917 752 1096 846 diripiunt,
1126 749 1229 819 caedes
1260 747 1309 817 fa·

265 875 376 960 ciunt,
395 873 431 942 in
452 876 646 943 servitutem
665 875 873 945 abstrahunt.
893 873 1039 966 Adjuvat
1057 896 1126 940 rem
1144 867 1309 964 proclina-

266 1007 336 1062 tam
350 992 641 1079 Conuictolitauis,
654 993 851 1089 plebemque
863 992 905 1060 ad
919 993 1067 1060 furorem
1082 988 1241 1083 impellit,
1255 1001 1310 1072 ut,

265 1111 414 1182 facinore
429 1112 587 1199 admisso,
603 1113 645 1182 ad
664 1115 838 1184 sanitatem
855 1113 978 1207 pudeat
996 1112 1127 1179 reverti.
1148 1113 1195 1178 Μ.
1218 1111 1310 1179 Aris·

266 1234 367 1318 tium,
393 1233 565 1302 tribunum
591 1232 751 1322 militum,
777 1235 840 1302 iter·
861 1233 904 1301 ad
926 1230 1090 1326 legionem
1114 1229 1308 1315 facientem,

267 1350 344 1420 data
361 1349 441 1436 lide,
454 1375 493 1420 ex
510 1353 636 1447 oppido
648 1349 823 1423 Cabillono
839 1352 987 1420 educunt
1004 1375 1013 1418 ε
1031 1348 1119 1417 idem
1134 1348 1243 1416 facere
1256 1371 1311 1415 co·

235 1507 241 1516 ·
268 1486 354 1566 gunt
367 1495 422 1540 eos
438 1473 496 1565 qui
513 1473 704 1567 negotiandi
720 1497 817 1541 causa
834 1471 879 1539 ibi
902 1455 1131 1538 constiterant.
1147 1471 1216 1537 Hos
1231 1491 1310 1534 con-

270 1592 365 1660 tinuo
384 1591 419 1658 in
437 1592 555 1662 itinere
572 1591 702 1677 adorti,
721 1590 877 1660 omnibus
897 1589 1143 1683 impedimentis
1163 1601 1310 1670 exuunt;

268 1724 491 1806 repugnantes
505 1712 593 1780 diem
608 1727 806 1804 noctemque
826 1707 996 1794 obsident3
1009 1707 1123 1777 multis
1143 1708 1310 1798 utrimque

270 1829 470 1916 interfectis,
487 1807 649 1925 majorem
669 1828 919 1900 multitudinem
936 1828 978 1896 ad
997 1852 1087 1897 arma
1104 1827 1283 1895 concitant.

317 1951 439 2018 XLIII.
460 1951 597 2018 Interim
622 1951 741 2019 nuntio
766 1948 886 2036 allato,
908 1973 1024 2017 omnes
1047 1971 1163 2015 eorum
1188 1944 1311 2014 milites

271 2067 306 2134 in
330 2081 493 2160 potestate
518 2071 655 2139 Caesaris
686 2070 805 2156 teneri,
830 2080 1036 2138 concurrunt
1060 2066 1103 2134 ad
1131 2066 1311 2148 Aristium3

271 2185 355 2256 nihil
374 2187 509 2282 publico
526 2188 650 2260 factum
670 2190 808 2260 consilio
828 2190 1076 2271 demonstrant;
1095 2187 1310 2279 questionem

272 2306 314 2376 de
334 2307 431 2376 bonis
451 2308 588 2403 direptis
613 2309 811 2397 decernunt3
832 2309 973 2378 Litauici
1001 2305 1207 2398 fratrumque
1223 2306 1311 2374 bona

271 2426 458 2522 publicant;
477 2427 602 2524 legatos
619 2431 661 2499 ad
676 2434 840 2500 Caesarem
857 2430 907 2497 sui
927 2425 1092 2522 purgandi
1110 2427 1215 2520 gratia
1236 2425 1313 2493 mit·

272 2564 359 2620 tunt.
381 2553 458 2619 Haec
482 2551 607 2620 faciunt
632 2549 935 2644 recuperandorum
952 2571 1088 2616 suorum
1108 2570 1205 2614 causa
1227 2545 1311 2614 :sed

272 2672 490 2741 contaminati
518 2671 684 2757 facinore,
710 2685 743 2740 et
771 2673 859 2764 capti
883 2666 1082 2763 compendio
1110 2693 1149 2736 ex
1174 2668 1312 2762 direptis

272 2791 382 2880 bonis,
397 2791 487 2886 quod
499 2816 537 2861 ea
551 2813 604 2860 res
619 2791 660 2860 ad
677 2787 798 2860 multos
812 2790 1015 2884 pertinebat,
1031 2805 1064 2858 ct
1079 2792 1198 2859 timore
1208 2813 1312 2882 poenae

273 2913 438 2999 exterriti,
459 2909 595 2981 consilia
615 2910 700 2979 clam
718 2909 758 2978 de
781 2907 869 2978 bello
891 2911 975 2978 inire
995 2910 1177 3004 incipiunt,
1200 2909 1313 2976 civita-

274 3042 388 3121 tesque
404 3030 545 3122 reliquas
561 3028 779 3124 legationibus
792 3027 979 3099 sollicitant.
993 3032 1079 3119 Qua
1093 3028 1223 3098 tametsi
1239 3029 1311 3096 Cae·

272 3169 324 3215 sar
343 3146 562 3246 intelligebat,
583 3164 709 3236 tamen,
730 3173 831 3242 quam
848 3149 1021 3217 mitissime
1039 3164 1167 3242 potest,
1186 3147 1311 3243 legatos

274 3263 445 3359 appellat:
463 3265 588 3339 «Nihil
612 3293 664 3356 se,
689 3282 826 3362 propter
846 3269 1053 3336 inscientiam
1077 3265 1310 3360 levitatemque

273 3383 379 3482 vulgi,
390 3388 523 3481 gravius
534 3387 574 3456 dc
586 3388 717 3456 civitate
724 3387 889 3482 judicare,
899 3410 1005 3480 neque
1018 3386 1129 3454 desua
1143 3385 1178 3455 in
1188 3386 1312 3455 AEduos

272 3504 501 3576 benevolentia
520 3507 749 3576 deminuere.»
765 3509 854 3601 lpse,
872 3508 1031 3601 majorem
1047 3503 1164 3575 Gallia
1182 3520 1310 3574 motum

273 3640 481 3720 exspectans,
497 3651 539 3694 ne
559 3625 600 3694 ab
616 3627 769 3695 omnibus
789 3627 976 3695 civitatibus
992 3627 1310 3708 circumsisteretur,

273 3745 409 3816 consilia
426 3747 552 3834 inibat,
572 3744 851 3840 quemadmodum
868 3745 909 3813 ab
928 3747 1096 3839 Gergovia
1113 3745 1313 3831 discederet,

272 3891 312 3934 ac
330 3889 446 3934 rursus
464 3889 597 3934 omnem
618 3866 797 3934 exercitum
817 3863 1048 3952 contraheret;
1070 3889 1112 3934 ne
1135 3865 1312 3960 profectio,

273 3999 349 4054 nata
367 3982 408 4052 ab
427 3985 544 4054 timore
558 3984 765 4072 delectionis,
780 3983 895 4053 similis
912 3985 996 4080 sugae
1011 3983 1189 4055 videretur.
