3050 4772
484 364 536 420 uc
554 364 675 422 snum
696 365 858 422 GALLlco
879 332 947 421 cnr.
964 367 1027 422 vu.
1224 365 1276 420 ιω

236 501 348 581 spectu
354 541 364 576 ,
378 489 512 582 fereque
525 515 543 558 e
560 489 693 584 regione
707 491 824 560 castris
843 505 951 560 castra
967 504 1120 585 poneret,
1138 489 1278 584 disposi-

236 609 278 676 tis
299 606 564 703 exploratoribus
584 609 704 679 necubi
724 609 843 680 effecto
866 625 986 704 ponte,
1005 611 1146 712 Romani
1167 611 1279 703 copias

236 727 506 817 transducerent,
524 743 595 798 erat
609 731 643 798 in
659 733 787 828 magnis
804 732 926 802 Caesari
944 728 1193 798 difficultatibus
1212 753 1278 812 res,

235 871 278 914 ne
298 849 461 941 majorem
484 851 604 918 aestatis
626 865 754 944 partem
775 851 912 920 flumine
934 849 1165 942 impediretur;
1188 849 1279 943 quod

235 990 303 1034 uon
322 947 391 1036 fere
411 982 488 1036 ante
504 981 704 1040 autumnum
719 971 837 1041 Elaver
853 971 938 1039 vado
955 969 1088 1039 transiri
1105 966 1197 1037 solet.
1212 971 1279 1037 Ita·

234 1109 314 1176 que,
333 1110 375 1154 ne
393 1087 428 1155 id
452 1087 635 1178 accideret,
650 1089 792 1160 silvestri
812 1089 887 1160 loco
907 1090 1022 1160 castris
1042 1086 1173 1182 positis,¹
1189 1111 1209 1155 e
1225 1109 1280 1156 re·

233 1205 330 1296 gione
349 1207 448 1275 unius
470 1231 586 1278 eorum
603 1196 758 1304 pontium
777 1235 861 1304 quos
877 1209 1133 1304 Vercingetorix
1154 1183 1280 1275 iescin·

234 1322 359 1392 dendos
380 1342 569 1416 curaverat,
589 1345 724 1423 postero
744 1330 797 1400 die
817 1355 894 1400 cum
913 1355 939 1400 11
961 1329 1147 1424 legionibus
1166 1328 1202 1395 in
1224 1351 1281 1395 oc·
1365 1419 1372 1430 ἱ

234 1441 324 1514 culto
334 1447 471 1532 restitit;
484 1446 629 1542 reliquas
643 1450 755 1544 copias
766 1475 843 1519 cum
852 1450 1007 1520 omnibus
1016 1449 1279 1544 impedimentis,

233 1578 270 1630 ut
285 1581 518 1654 consueverat,
538 1570 644 1658 misit,
662 1571 768 1663 captis
784 1569 983 1664 quibusdam
999 1569 1214 1654 cohortibus,
1228 1568 1278 1636 uti

234 1709 393 1754 numerus
413 1684 583 1782 legionum
603 1705 755 1760 constare
775 1689 954 1758 videretur.
981 1691 1060 1776 llis,
1078 1711 1178 1782 quam
1203 1685 1278 1755 lon·

233 1808 366 1901 gissime
383 1823 534 1903 possent,
554 1810 709 1904 progredi
726 1809 837 1898 jussis,
853 1833 957 1903 quum
968 1811 1038 1902 jam
1054 1832 1094 1876 ex
1109 1806 1176 1876 diei
1194 1816 1280 1876 tem·

233 1953 314 2020 pore
339 1930 565 2023 conjecturam
586 1943 720 2025 caperet
737 1932 775 2000 in
795 1943 902 2000 castra
925 1941 1141 2024 perventum,
1162 1925 1280 1998 iisdem

232 2047 379 2136 sublicis,
402 2075 543 2143 quarum
570 2076 646 2144 pars
666 2052 803 2120 inferior
821 2053 949 2145 integra
967 2050 1176 2136 remanebat,
1196 2073 1280 2143 pon·

232 2183 298 2236 tem
319 2168 456 2239 reficere
477 2173 588 2264 coepit.
613 2169 777 2240 Celeriter
802 2169 920 2240 effecto
940 2193 1056 2264 opere,
1075 2167 1279 2264 legionibus·

230 2314 295 2383 que
320 2291 499 2374 traductis,
526 2307 559 2361 ct
582 2291 656 2360 loco
681 2293 796 2360 castris
818 2291 940 2361 idoneo
961 2287 1108 2378 delecto,
1133 2287 1278 2384 reliquas
1393 2305 1399 2312 “

230 2413 343 2506 copias
367 2414 544 2482 revocavit.
568 2414 840 2509 Vercingetorix,
862 2437 898 2481 re
926 2412 1076 2506 cognita,
1097 2436 1140 2478 ne
1163 2424 1279 2480 contra

229 2557 324 2600 suain
346 2531 550 2602 voluntatem
571 2533 728 2602 dimicare
745 2547 935 2628 cogeretur,
956 2533 1085 2626 maguis
1102 2531 1277 2599 itineribus

229 2655 416 2721 antecessit.

277 2775 436 2842 xxxvi.
456 2777 566 2844 Caesar
582 2799 622 2843 ex
641 2799 684 2843 eo
704 2772 782 2842 loco
800 2774 926 2867 quintis
942 2773 1057 2840 castris
1073 2769 1278 2865 Gergoviam

228 2895 398 2986 pervenit3
414 2895 625 2987 equestrique
640 2893 756 2988 proelio
773 2893 880 2963 codic
899 2891 963 2960 levi
986 2893 1087 2978 facto,
1104 2903 1280 2985 perspecto

228 3016 319 3084 urbis
341 3016 423 3101 situ,
442 3041 533 3108 que,
554 3017 661 3110 posita
687 3017 721 3086 in
745 3014 906 3085 altissimo
928 3026 1057 3102 monte,
1081 3033 1196 3082 omnes
1221 3010 1280 3081 ad·

227 3136 294 3205 itus
316 3135 469 3205 difficiles
493 3136 657 3226 habebat,
677 3136 719 3206 de
742 3135 989 3232 expugnatione
1013 3133 1217 3231 desperavit,
1237 3135 1279 3203 de

227 3257 418 3327 obsessione
432 3283 500 3327 uon
514 3259 608 3352 prius
620 3257 788 3354 agendum
805 3259 999 3340 constituit,
1013 3281 1112 3350 quam
1128 3281 1199 3324 rem
1214 3255 1279 3324 fru-

231 3380 425 3459 mentariam
451 3378 647 3472 expedisset.
672 3381 717 3448 At
736 3379 1011 3472 Vercingetorix,
1034 3377 1152 3446 castris
1173 3397 1279 3469 prope

227 3497 389 3589 oppidum
408 3500 441 3566 in
463 3513 578 3566 monte
593 3499 725 3592 positis,
742 3499 966 3569 mediocribus
980 3498 1108 3567 circum
1126 3520 1162 3564 se
1176 3497 1280 3564 inter·

228 3614 322 3685 vallis
330 3619 507 3712 separatim
519 3616 725 3713 singularum
735 3618 907 3688 civitatum
916 3619 1029 3712 copias
1042 3614 1278 3702 collocaverat;

227 3754 328 3832 etque
345 3740 502 3807 omnibus
520 3741 592 3832 ejus
610 3739 683 3833 jugi
699 3736 839 3808 collibus
857 3739 1044 3832 occupatis,
1064 3760 1131 3830 qua
1155 3734 1280 3832 despici

228 3874 377 3953 poterat,
395 3859 592 3930 horribilem
605 3860 748 3953 speciem
765 3859 932 3953 praebebat
949 3885 957 3927 τ
976 3858 1211 3953 principesque
1227 3881 1280 3924 ea·

228 4005 304 4049 rum
321 3981 509 4066 civitatum,
529 4004 613 4073 quos
634 3981 695 4048 sibi
714 3980 755 4049 ad
775 3961 950 4051 consilium
970 3979 1170 4075 capiendum
1191 3977 1280 4047 dele·
