3086 4766
296 302 349 372 176
448 305 478 356 e.
501 303 600 357 sucu
621 303 784 361 CAESARIS
805 303 1178 364 commnammnum

289 425 488 515 intervallis,
505 427 662 504 distantes
678 429 815 499 interae
834 429 930 497 binos
949 429 1062 522 pedes,
1081 432 1115 499 in
1138 430 1209 500 solo
1229 431 1331 500 collo·

287 561 415 616 cantur.
433 549 491 615 flae
507 548 739 618 revinciuntur
755 549 934 637 introrsus,
951 564 986 617 et
1002 548 1108 620 multo
1122 573 1241 647 aggere
1262 577 1331 621 ves·

288 666 427 735 tiuntur.
452 671 501 736 Ea
521 680 647 756 autem,
669 692 742 760 quae
768 667 925 756 diximus,
952 668 1127 738 intervalla
1152 669 1330 765 grandibus

287 788 321 854 in
337 787 447 855 fronte
464 788 550 856 saxis
565 786 793 856 elfarciuntur.
811 787 871 858 llis
888 785 1059 858 collocatis
1075 805 1109 858 et
1125 806 1330 884 coagmenta·

238 981 239 984 ,
286 911 343 995 tis,
366 905 449 976 alius
469 909 606 1001 insuper
622 906 706 976 ordo
722 907 893 1000 adjicitur,
911 923 949 976 ut
969 907 1058 978 idem
1074 907 1158 979 illud
1175 909 1330 981 interval·

285 1024 355 1097 lum
373 1019 533 1114 servetur,
558 1021 665 1122 neque
687 1029 774 1096 inter
792 1052 826 1096 se
841 1029 1038 1123 contingant
1057 1029 1180 1117 trabes,
1202 1031 1259 1102 aed
1277 1056 1329 1125 pa·

284 1148 376 1215 ribus
389 1148 582 1217 intermissae
594 1147 724 1249 spatiis,
734 1146 871 1241 singule
879 1145 1018 1242 singulis
1029 1149 1116 1216 saxis
1130 1149 1327 1244 interjectis,

283 1281 354 1335 arte
379 1267 623 1335 contineantur.
649 1268 704 1336 Sic
723 1265 877 1360 deinceps
896 1291 994 1350 omne
1015 1291 1099 1362 opus
1120 1271 1325 1360 contexitur,

284 1385 363 1453 dum
375 1387 462 1479 justa
477 1387 564 1454 muri
581 1383 721 1456 altitudo
735 1384 917 1479 expleatur.
927 1389 1001 1454 Hoc
1013 1411 1116 1480 quum
1132 1387 1324 1484 inspeciem

176 1537 181 1546 ’
282 1507 544 1599 varietatemque
556 1497 643 1600 vopus
659 1505 806 1576 deforme
821 1501 887 1574 non
902 1521 965 1591 est,
978 1505 1114 1577 alternis
1127 1509 1275 1578 trabibus
1286 1535 1325 1580 ac

282 1629 382 1714 saxia,
394 1651 467 1720 quae
481 1627 579 1695 rectis
593 1626 688 1720 lineis
704 1650 780 1694 suos
796 1625 928 1694 ordines
944 1641 1095 1714 servant,
1115 1642 1186 1696 tum
1200 1626 1242 1696 ad
1259 1631 1325 1697 uti-

283 1747 407 1816 litatem
428 1735 461 1814 et
477 1744 701 1815 defensionem
718 1746 851 1814 urbium
867 1743 1031 1814 summam
1047 1746 1149 1814 habet
1162 1763 1323 1842 opportu-

282 1870 435 1952 nitatem,
453 1866 543 1960 quod
559 1879 593 1934 et
608 1865 649 1934 ab
667 1857 820 1932 incendio
839 1861 936 1958 lapis,
956 1878 989 1933 et
1008 1865 1050 1934 ab
1066 1866 1170 1935 ariete
1184 1869 1322 1936 materia

281 1986 451 2066 defendit,
481 2010 571 2079 quae,
591 1987 763 2079 perpetuis·
787 1985 935 2053 trabibus
964 1984 1063 2077 pedes
1093 1985 1321 2081 quadragenos

280 2103 476 2198 plerumque
501 2097 848 2192 introrsusrevincta,
870 2097 978 2196 neque
1001 2106 1188 2198 perrumpi,
1214 2131 1320 2200 neque

187 2279 190 2284 .
279 2225 417 2294 distrahi
434 2235 554 2318 potest.

326 2347 448 2424 xxtv„
476 2346 520 2413 Iis
537 2357 587 2412 tot
602 2343 701 2412 rebus
720 2345 878 2438 impedita
894 2345 1163 2438 oppugnatione,
1180 2343 1317 2433 milites,

277 2489 379 2559 quum
396 2478 468 2532 toto
489 2477 638 2556 tempore
661 2461 783 2558 frigore
807 2477 841 2532 et
862 2463 1001 2533 assiduis
1026 2465 1188 2534 imbribus
1209 2467 1318 2536 tarda·

277 2600 408 2671 rentur,
435 2599 544 2652 tamen
568 2584 751 2652 continenti
775 2581 886 2651 labore
915 2585 1027 2652 omnia
1054 2584 1123 2654 haec
1140 2610 1315 2680 superate·

276 2682 370 2793 runt,
392 2720 427 2773 et
445 2703 561 2772 diebus
579 2726 646 2771 xxv
663 2726 832 2798 aggerem,
856 2701 961 2772 latum
980 2704 1081 2797 pedes
1100 2730 1250 2793 cccxxx,
1270 2705 1315 2776 al·

277 2841 346 2894 tum
373 2825 472 2919 pedes
495 2847 600 2909 cxxx,
626 2836 868 2892 exstruxerunt.
891 2825 1005 2912 Quum
1027 2827 1055 2894 is
1077 2849 1211 2894 murum
1236 2827 1313 2896 hos·

276 2947 359 3014 tium
385 2971 477 3038 paene
497 2947 719 3038 contingeret,
735 2958 768 3013 et
786 2947 895 3013 Caesar
909 2944 953 3012 ad
972 2969 1057 3037 opus
1074 2945 1314 3017 consuetudine

232 3043 234 3048 ,
274 3053 469 3152 excubaret,
500 3064 685 3158 militesque
719 3061 948 3132 cohortaretur
983 3088 1025 3134 ne
1055 3067 1146 3158 quod
1176 3069 1313 3138 omnino

276 3199 403 3278 tempus
419 3183 461 3250 ab
482 3206 582 3276 opere
599 3185 887 3270 intermitteretur,
904 3179 1005 3275 paulo
1022 3199 1099 3251 ante
1116 3188 1246 3254 tertiam
1267 3190 1313 3253 vi-

259 3303 384 3399 giliam
414 3317 464 3372 est
473 3303 754 3390 animadversum,
768 3303 895 3371 fumare
910 3325 1085 3395 aggerem,
1102 3327 1200 3395 quem
1217 3305 1311 3373 cuni·

273 3421 348 3494 culo
361 3423 472 3492 hostes
485 3420 724 3491 succenderant
739 3447 747 3488 :
765 3421 946 3515 codemque
960 3429 1109 3516 ternpore
1126 3437 1197 3492 toto
1213 3447 1310 3492 muro

273 3543 417 3613 clamore
436 3540 587 3628 sublato,
606 3541 735 3610 duabus
757 3543 860 3634 portis
881 3543 923 3610 ab
943 3556 1086 3635 utroque
1112 3542 1215 3612 latere
1237 3559 1308 3612 tur·

272 3667 358 3733 rium
372 3664 503 3756 eruptio
519 3661 627 3730 fiebat.
642 3660 707 3730 Alii
725 3661 811 3732 faces
827 3677 927 3754 atque
940 3662 1065 3732 aridam
1082 3665 1254 3733 materiem
1267 3665 1308 3734 de
1370 3660 1373 3666 ’

271 3810 368 3852 muro
385 3785 419 3851 in
438 3805 592 3876 aggerem
608 3781 739 3849 eminus
755 3781 936 3874 jaciebant,
955 3783 1060 3876 picem
1074 3782 1129 3853 alii
1146 3784 1307 3878 reliquas·

269 3927 400 3996 queres
422 3901 543 3995 quibus
563 3900 647 3993 ignis
665 3900 800 3970 excitari
817 3916 926 3995 potest
942 3901 1143 3992 fitndebant3
1165 3921 1220 3994 ut,
1240 3931 1307 3998 quo
