3014 4780
336 400 393 457 300
503 399 534 453 C.
556 399 654 454 JULll
675 397 838 454 CAESARIS
858 397 1050 454 comum
1079 397 1203 454 LIBER

337 522 421 590 liunt
439 547 447 590 :
465 522 551 590 diem
577 537 610 590 et
636 536 763 590 noctem
787 523 850 590 iter
868 521 994 590 fatiunt
1017 523 1216 614 Pompeius
1239 521 1367 590 humero

335 657 367 712 ct
378 642 510 710 sinistro
519 665 614 710 crure
625 641 831 710 vehementer
839 656 909 711 erat
919 641 1064 709 saucius.
1083 643 1168 709 Huc
1180 640 1369 722 accedebat,

337 776 373 828 ut
393 763 491 828 ctiam
512 759 611 828 talum
630 761 806 828 intorsisset
825 783 913 852 :qua
929 759 1141 828 reamanime
1161 757 1370 852 impediebat.

337 883 387 947 lta
397 877 511 948 lectica
529 904 549 948 a
565 894 657 948 turre
668 930 678 965 ,
689 903 753 970 qua
763 893 845 946 esset
858 875 987 964 allatus,
1002 879 1036 946 in
1048 901 1091 946 ea
1107 877 1300 946 ferebatur.
1315 881 1372 944 Ln-

335 1000 459 1068 sitanus
484 1024 574 1068 more
593 996 746 1084 militari,
763 1021 865 1089 quom
888 997 1058 1070 aCaesaris
1077 997 1251 1090 praesidio
1270 997 1373 1066 finisset

336 1133 546 1211 conspectus,
565 1117 714 1186 celeriter
733 1118 878 1209 equitatu
897 1117 1160 1210 cohortibusque
1180 1114 1373 1186 circumclu-

336 1238 436 1305 ditur.
454 1241 534 1306 Erat
551 1261 696 1308 accessus
722 1235 786 1306 loci
804 1235 985 1306 difficnuas.
1007 1239 1096 1308 Nam
1119 1237 1273 1324 idcirco,
1290 1233 1372 1330 quod

336 1369 472 1448 propter
487 1380 564 1424 suos
581 1381 600 1424 a
618 1371 730 1425 nostro
748 1355 897 1449 presidio
913 1355 1021 1425 luisset
1034 1371 1274 1450 conspectus,
1292 1351 1370 1422 cele·

335 1475 415 1540 riter
439 1475 604 1542 munitum
624 1472 733 1543 locum
755 1488 888 1560 natura,
906 1499 999 1566 quem
1021 1491 1163 1568 ceperat
1188 1475 1255 1543 sibi
1278 1477 1370 1542 Porn-

337 1593 447 1683 peius,
468 1594 617 1686 quamvis
635 1617 753 1688 magna
774 1592 981 1662 multitudine
1000 1594 1139 1664 deducti
1163 1595 1321 1662 homines
1335 1613 1370 1656 er

335 1714 503 1805 superiore
526 1711 598 1781 loco
618 1712 789 1781 defendere
814 1728 965 1805 possent,
986 1713 1141 1782 subeunt.
1170 1718 1213 1782 In
1233 1713 1368 1780 adventu

337 1833 440 1900 nostri
457 1831 667 1923 depelluntur
685 1830 777 1900 telis:
797 1832 915 1923 quibus
930 1831 1117 1900 cedentibus
1129 1883 1141 1920 ,
1154 1831 1316 1925 cupidius
1325 1830 1370 1894 in·

335 1950 556 2039 sequebantur
572 1949 767 2036 adversarii,
793 1963 826 2018 et
853 1949 1020 2018 confestim
1046 1949 1235 2020 tardabant
1260 1949 1302 2017 ab
1318 1971 1366 2013 ac·

335 2089 438 2134 cessu.
456 2071 528 2135 Hoc
547 2070 662 2160 saepius
679 2067 784 2154 lacto,
805 2067 1130 2155 animadvertebatur,
1157 2084 1282 2138 nostro
1303 2087 1366 2132 ma·

335 2207 401 2276 gno
434 2185 467 2252 id
490 2184 560 2253 fieri
597 2182 754 2277 periculo.
784 2189 894 2277 Opere
916 2188 1175 2257 circummunire
1202 2184 1365 2267 instituit,

335 2303 406 2396 pari
420 2318 529 2371 autem
558 2317 591 2371 et
620 2301 717 2372 celeri
746 2302 952 2373 festinatione
976 2308 1310 2385 circummunitioncs
1333 2302 1362 2368 iu

330 2422 412 2514 jugo
429 2419 594 2514 dirigunt,
615 2436 652 2488 ut
676 2445 769 2514 aequo
786 2421 867 2516 pe'de
886 2449 961 2492 cnm
982 2424 1178 2497 adversariis
1207 2417 1362 2516 congredi

335 2555 476 2630 possent.
497 2544 526 2609 Α
541 2540 659 2633 quibus
673 2565 775 2632 quum
795 2542 1056 2612 animadversum
1074 2561 1176 2634 essct,
1202 2545 1285 2638 fuga
1303 2537 1360 2607 sibi
1473 2545 1474 2552 ’

334 2659 519 2750 praesidium
535 2663 681 2753 capiunt.

380 2779 536 2848 XXXIX.
556 2781 748 2872 Pompeius,
767 2795 804 2850 ut
829 2805 929 2876 supra
952 2782 1269 2870 demonstravimus,
1287 2799 1358 2846 ⁸⁸¹1·

331 2895 401 2962 cius
418 2910 451 2964 et
462 2898 585 2966 intorto
607 2896 690 2985 talo,
711 2899 835 2969 idcirco
860 2901 1050 2971 tardabatur
1068 2902 1110 2970 ad
1130 2901 1328 2996 fugiendum
1348 2917 1357 2958 ε

332 3014 477 3105 itemque
497 3031 631 3110 propter
651 3016 712 3086 loci
739 3018 965 3090 difficultatem
994 3047 1099 3114 neque
1122 3047 1229 3116 equo,
1255 3035 1357 3108 neque

330 3130 483 3200 vehiculo
502 3133 600 3204 saluti
615 3161 681 3205 suae
701 3137 888 3231 praesidium
910 3165 1027 3234 parare
1045 3155 1185 3235 poterat.
1206 3138 1320 3212 Caedcs
1339 3155 1356 3198 θ

330 3249 451 3316 nostris
478 3252 623 3344 undique
655 3256 964 3345 administrabatur,
997 3258 1126 3328 exclusa
1155 3260 1356 3332 munitione,

329 3365 519 3460 amissisque
536 3371 682 3444 auxiliis.
702 3375 753 3445 Ad
770 3376 952 3446 convallem
974 3393 1084 3448 autem
1108 3393 1207 3472 atque
1225 3391 1355 3448 exesum

328 3480 461 3570 locum,
487 3502 525 3556 nt
540 3490 575 3558 in
585 3491 802 3585 speluncam,
820 3499 994 3587 Pompeius
1008 3496 1223 3564 seoccultare
1237 3491 1355 3586 eoepiis

327 3614 363 3667 ut
384 3625 404 3668 a
424 3609 544 3676 nostris
562 3635 629 3680 non
647 3613 739 3682 lacile
762 3615 977 3696 inveniretur,
996 3613 1059 3680 nisi
1076 3614 1283 3704 captivorum
1304 3612 1355 3676 in·
1469 3647 1470 3674 t

327 3715 423 3785 dicio.
446 3725 496 3792 Ita
512 3726 557 3794 ibi
578 3704 781 3802 interficitur.
799 3735 910 3818 Quum
928 3731 1039 3796 Caesar
1054 3728 1205 3800 Gadibus
1223 3732 1351 3805 fuisset.

327 3835 485 3926 Hispalim
509 3845 615 3936 pridie
629 3848 672 3916 id.
694 3849 805 3941 aprilis
823 3860 922 3939 caput
935 3845 1092 3936 allatum,
1108 3863 1140 3916 et
1156 3849 1283 3944 populo
1300 3848 1354 3916 du·
1468 3895 1469 3936 ,

327 3963 396 4016 tum
412 3969 463 4022 cst
480 3960 514 4052 in
533 3983 753 4060 conspectum.
