3060 4768
520 389 570 443 DE
591 388 715 444 BELLO
736 388 983 444 HISPANIENSI.
1214 391 1269 466 293

240 532 387 610 tempore
403 515 623 606 Ventisponte
640 512 798 607 oppidum
820 537 923 606 quum
941 536 1132 607 oppugnare
1153 517 1269 610 coepis-

240 649 304 722 set,
323 607 488 702 deditione¹
508 632 615 718 sacta,
634 633 696 700 iter
710 633 788 702 lecit
811 633 844 698 in
870 635 1068 716 Carrucam,
1091 647 1271 726 contraque

239 753 433 844 Pompeium
451 739 555 820 castis
575 751 695 844 posuit.
714 751 891 843 Pompeius
902 749 1061 843 oppidum
1073 801 1082 838 ,
1093 752 1182 844 quod
1196 777 1272 822 con·

241 888 293 939 tra
314 892 373 940 sua
391 868 543 962 presidia
563 883 676 962 portas
694 867 881 954 clausisset,
899 866 1064 956 incendit3
1089 868 1271 964 milesque,

239 989 297 1081 qui
311 987 446 1056 fratrem
464 1011 559 1057 suum
576 989 609 1055 in
629 989 743 1056 castris
758 985 954 1079 jugulasset,
970 987 1171 1082 interceptus
1188 1004 1236 1058 est
1253 1014 1272 1057 a

240 1111 380 1189 nostris,
408 1121 443 1174 et
470 1107 547 1176 lusti
564 1129 745 1199 percussus.
764 1105 850 1174 Hinc
870 1106 986 1174 itinere
1005 1105 1110 1193 facto,
1129 1108 1162 1174 in
1182 1133 1271 1177 cam-

239 1249 318 1318 pum
329 1225 541 1295 mundensem
553 1249 654 1319 quum
667 1239 750 1294 esset
763 1237 915 1310 ventum,
935 1239 1038 1296 castra
1053 1241 1169 1296 contra
1179 1228 1272 1296 Pom-

240 1347 353 1438 peium
374 1347 557 1415 constituit.

288 1468 447 1534 XXVIII.
462 1465 619 1558 Sequenti
629 1463 681 1532 die
691 1488 793 1556 quum
813 1465 875 1533 iter
892 1464 997 1534 lacere
1009 1469 1204 1536 Caesareum
1222 1489 1272 1534 co·

240 1585 302 1677 piis
319 1580 726 1670 vellet,renuntiatumest
738 1584 780 1651 ab
792 1579 1065 1677 speculatoribus,
1079 1587 1271 1677 Pompeium

239 1703 280 1776 de
297 1704 392 1770 tertia
409 1702 521 1795 vigilia
536 1703 569 1769 in
587 1703 656 1770 acie
674 1703 809 1770 stetisse.
828 1706 900 1772 Hoc
908 1704 1027 1770 nuntio
1037 1699 1153 1788 allato,
1166 1702 1271 1772 vexil-

239 1821 308 1890 lum
327 1821 507 1913 proposuit.
527 1821 656 1890 Idcirco
675 1823 762 1889 enim
780 1821 889 1914 copias
909 1820 1081 1905 eduxerat,
1100 1819 1189 1913 quod
1207 1823 1273 1888 Ur·

240 1941 447 2008 sennensium
467 1940 591 2008 civitati
610 1939 746 2008 fuissent
766 1939 909 2008 fautores
928 1965 936 2007 :
957 1953 1052 2008 antea
1071 1938 1194 2008 litteras
1211 1939 1272 2007 mi-

240 2072 342 2144 serat,
362 2087 379 2120 «
395 2059 558 2126 Caesarem
577 2055 664 2126 nolle
682 2059 715 2125 in
739 2056 922 2126 convallem
948 2057 1159 2144 descendere,
1183 2057 1272 2150 quod

239 2177 395 2269 majorem
414 2190 540 2270 partem
558 2178 717 2244 exercitus
736 2177 875 2244 tironem
892 2175 1063 2244 haberet.»
1078 2179 1138 2244 Ha
1158 2175 1273 2244 litterae

238 2295 449 2363 vehementer
469 2295 711 2364 confirmabant
723 2310 848 2364 mentes
859 2294 1112 2387 oppidanorum.
1127 2298 1187 2382 Ita,
1209 2293 1271 2363 hac

239 2414 395 2507 opinione
407 2414 532 2498 lretus,
549 2427 653 2482 totum
674 2436 709 2481 se
728 2413 832 2480 facere
848 2409 1192 2505 posse'existimabat:
1222 2427 1272 2481 et-

238 2533 326 2600 enim
342 2547 374 2600 et
390 2547 506 2601 natura
522 2531 584 2601 loci
601 2529 846 2614 defendebatur,
862 2545 894 2598 et
914 2531 1016 2623 ipsius
1028 2529 1141 2623 oppidi
1168 2531 1273 2598 muni·

239 2651 343 2734 tione,
365 2653 420 2717 ubi
440 2665 546 2718 castra
572 2648 688 2716 habuit
709 2648 904 2716 constituta:
934 2670 1088 2739 namque,
1109 2661 1148 2714 ut
1171 2671 1271 2741 supe·

239 2768 309 2834 rius
322 2766 639 2852 demonstravimus,
650 2765 721 2834 loca
731 2762 921 2834 excellentia
931 2762 1068 2832 tumulis
1090 2765 1271 2854 contineri3

239 2885 371 2952 interim
389 2884 479 2953 nona
499 2861 775 2979 planitudinis.

289 3005 411 3070 XXIX.
431 3002 497 3072 Sed
509 3005 634 3072 ratione
649 3003 740 3072 nulla
756 3003 880 3098 placuit
896 3007 994 3074 taceri
1004 3002 1055 3091 id,
1068 3004 1158 3098 quod
1168 3029 1207 3074 eo
1221 3005 1272 3073 in·

244 3119 324 3189 cidit
338 3135 493 3214 tempore.
503 3119 657 3190 Planities
673 3123 759 3191 inter
769 3139 907 3217 utraque
918 3139 1023 3192 castra
1033 3123 1271 3208 intercedebat,

242 3240 373 3308 circiter
383 3238 486 3308 millia
503 3265 657 3334 passuum
673 3243 838 3336 quinque,
854 3257 890 3310 ut
904 3241 1025 3311 auxilia
1034 3243 1182 3334 Pompeii
1194 3240 1273 3312 dua·

242 3361 304 3427 bus
322 3357 574 3428 defenderentur
593 3361 707 3448 rebus,
729 3361 843 3455 oppidi
861 3360 977 3430 excelsi
1000 3375 1033 3429 et
1052 3359 1116 3430 loci
1142 3374 1269 3430 natura.

243 3478 331 3547 Hinc
350 3477 494 3572 dirigens
514 3479 661 3572 proxima
676 3478 828 3572 planities
842 3479 1043 3572 aequabatur,
1054 3481 1148 3572 cujus
1159 3479 1272 3550 decun

243 3620 315 3664 sum
326 3595 538 3666 antecedebat
551 3598 660 3686 rivus,
676 3599 733 3691 qui
748 3597 791 3666 ad
802 3621 916 3666 eorum
932 3621 1100 3666 accessum
1111 3621 1271 3666 summam

245 3715 405 3785 efficiebat
420 3714 485 3786 loci
504 3718 711 3811 iniquitatem
737 3743 745 3784 :
768 3741 844 3786 nam
866 3716 1004 3811 palustri
1023 3731 1056 3786 et
1076 3719 1271 3811 voraginoso

244 3832 313 3901 solo
326 3851 539 3905 currenserat
555 3835 598 3905 ad
615 3836 779 3906 dextrum.
796 3840 838 3906 Et
857 3839 982 3920 Caesar,
995 3862 1096 3931 quum
1106 3838 1211 3906 aciem
1221 3835 1271 3904 di·

244 3965 366 4018 rectam
386 3953 538 4039 vidisset,
551 3979 617 4024 non
631 3955 746 4025 babuit
762 3955 920 4044 dubium,
942 3956 1021 4048 quin
1039 3954 1145 4024 media
1164 3954 1269 4049 plani·
