3026 4768
243 363 281 418 ss
400 362 430 416 o
454 361 549 420 sunu
570 359 729 416 cnssms
751 349 1116 430 conuenarumnunr

242 489 379 572 Suevos,
398 499 609 578 posteaquam
631 506 690 574 per
703 479 930 573 exploratores
947 496 1082 575 pontem
1097 481 1169 554 lieri
1186 505 1276 550 com-

242 605 422 698 perissent,
442 626 533 670 more
557 625 617 670 suo
638 597 775 686 consilio
797 600 932 688 habito,
951 601 1088 689 ntrntios
1106 601 1141 667 in
1162 621 1276 668 omnes

242 737 351 815 partes
365 721 555 810 dimisisse,
584 723 632 789 uti
657 721 698 788 de
720 720 851 816 oppidis
880 718 1119 814 demigrarent,
1142 716 1275 797 liberos,

241 865 375 930 uxores,
389 865 513 936 suaque
521 842 634 912 omnia
646 843 682 935 in
694 841 792 911 silvas
804 841 1018 939 deponerent,
1036 855 1134 934 atque
1146 861 1277 922 omnes,

240 965 298 1054 qui
322 986 415 1030 arma
435 960 522 1032 serre
548 977 696 1057 possent,
720 986 825 1046 unum
845 963 1004 1028 inlocum
1026 959 1243 1032 convenirent
1265 983 1274 1023 ε

242 1084 331 1150 huno
347 1105 417 1150 esse
437 1078 601 1150 delectum
617 1081 763 1160 medium
779 1081 846 1164 lere
861 1079 1033 1173 regionum
1048 1101 1177 1160 earum,
1194 1101 1276 1169 quas

241 1201 343 1283 Suevi,
365 1200 556 1276 obtinerent
579 1225 587 1268 :
612 1201 667 1269 hic
690 1205 917 1280 Romanorum
938 1196 1116 1272 adrentum
1140 1220 1276 1289 exspec-

242 1335 329 1406 tare,
354 1334 453 1413 atque
475 1320 522 1388 ibi
546 1320 712 1406 decertare
732 1319 948 1399 constituisse.
969 1315 1070 1403 Quod
1090 1315 1147 1384 ubi
1166 1317 1275 1390 Caesar

242 1441 420 1533 comperit,
438 1440 592 1524 omnibus
614 1441 666 1510 his
688 1440 785 1510 rebus
811 1437 982 1524 confectis,
1002 1460 1142 1529 quarum
1163 1457 1275 1504 rerum

241 1583 339 1628 causa
356 1558 540 1642 ,traducere
567 1560 747 1628 exercitum
775 1559 1005 1644 constituerat,
1034 1569 1072 1624 ut
1100 1554 1275 1624 Germanis

244 1691 368 1760 anetum
387 1679 553 1770 injiceret,
574 1693 614 1760 ut
637 1679 825 1773 Sigambros
851 1676 1083 1762 ulcisceretur,
1109 1689 1148 1744 ut
1172 1675 1276 1750 Ubios

242 1795 414 1864 obsidione
434 1795 605 1882 liberaret,
624 1797 739 1868 diebus
753 1797 891 1880 omnino
907 1821 931 1876 ι,
949 1810 983 1875 et
1001 1819 1063 1864 vsu
1082 1811 1173 1871 trans
1189 1795 1276 1865 Rbe-

241 1917 549 2010 numconsumptis,
565 1916 643 2000 satis
660 1929 694 1984 et
710 1915 753 1984 ad
762 1915 893 1985 laudem
909 1914 993 1983 etad
1010 1913 1187 1990 utilitatem
1199 1939 1275 2008 pro·

241 2031 363 2106 sectum
395 2033 594 2122 arbitratus,
618 2058 652 2116 se
679 2033 714 2118 in
737 2031 880 2116 Galliam
908 2033 1047 2126 recepit,
1074 2046 1275 2124 pontemque

241 2150 384 2219 rescidit.
498 2229 500 2235 ¹
643 2228 645 2236 Α
1101 2231 1104 2238 ,

287 2273 364 2339 ΧΧ.
386 2264 515 2366 Exigua
534 2285 628 2365 parte
646 2275 767 2356 astatis
787 2271 932 2366 reliqua,
945 2275 1070 2358 castr,
1090 2271 1151 2338 etsi
1171 2271 1205 2338 in
1222 2268 1274 2342 his

241 2387 337 2476 loeis,
358 2390 448 2481 quod
469 2393 577 2477 omnis
595 2389 705 2460 Gallia
723 2392 765 2461 ad
785 2392 1036 2485 septemtriones
1057 2389 1178 2483 vergit,
1202 2412 1272 2455 ma·

241 2523 322 2577 turae
341 2523 419 2577 sunt
434 2507 574 2596 hiemes,
592 2512 751 2578 tamenin
779 2513 982 2590 Britanniam
1006 2507 1172 2602 proficisci
1194 2531 1273 2577 con·

241 2627 360 2711 tendit,
377 2626 467 2719 quod
486 2628 644 2711 omnibus.
659 2628 726 2700 fere
748 2627 886 2702 Gallicis
902 2629 1011 2718 bellis,
1027 2627 1177 2698 hostibus
1198 2651 1272 2699 nos·

241 2747 299 2814 tris
323 2747 400 2816 inde
419 2747 666 2819 subministrata
685 2746 806 2832 auxilia
824 2746 1027 2844 intelligebat
1045 2774 1053 2816 :
1073 2762 1119 2834 et,
1143 2748 1171 2818 si
1190 2762 1271 2840 tem·

240 2887 301 2956 pus
323 2868 400 2933 anni
425 2868 468 2936 ad
485 2865 809 2962 bellumgerendum
835 2865 1134 2954 deficeret,tamen
1152 2890 1272 2959 magno

240 2982 303 3050 sibi
319 2984 392 3072 usui
407 2983 477 3053 fore
495 2986 731 3072 arbitrabatur,
748 2987 776 3054 si
793 2985 893 3074 modo
909 2985 1049 3055 insulam
1067 2985 1201 3072 adisset,
1218 3009 1272 3079 ge-

240 3125 301 3169 nus
321 3101 496 3176 bominum
509 3105 743 3199 perspexisset,
763 3103 857 3190 loca,
870 3118 1004 3198 portus,
1021 3105 1130 3173 aditus
1151 3129 1272 3198 eogno-

239 3220 338 3290 visset
361 3245 368 3286 :
395 3245 467 3313 quae
491 3225 603 3291 omnia
628 3224 696 3291 fere
718 3221 822 3306 Gallis
845 3235 940 3291 erant
957 3223 1136 3317 incognita.
1155 3224 1274 3317 Neque

239 3341 327 3410 enim
340 3354 477 3428 temere,
490 3355 610 3434 praeter
621 3357 837 3428 mercatores,
849 3341 908 3412 illo
921 3341 1004 3410 adiit
1016 3343 1205 3438 quisquam3
1219 3367 1273 3414 ne·

238 3485 303 3553 que
318 3461 357 3530 iis
376 3461 455 3553 ipsis
473 3459 653 3553 quidquam
669 3513 676 3544 ,
692 3475 810 3554 praeter
827 3487 920 3531 oram
942 3463 1155 3552 maritimam,
1173 3478 1272 3557 atque

238 3604 292 3649 eas
310 3580 477 3674 regiones,
500 3604 573 3673 quae
593 3595 673 3648 sunt
696 3595 810 3658 eontra
827 3579 969 3666 Gallias,
993 3595 1110 3651 notum
1129 3597 1188 3652 est.
1207 3587 1271 3654 Ita·

238 3722 317 3790 que,
333 3701 477 3769 evocatis
494 3697 536 3766 ad
550 3723 584 3767 se
596 3697 744 3790 undique
756 3699 1012 3784 mercatoribus,
1026 3724 1134 3793 neque
1147 3716 1272 3795 quanta
1347 3769 1349 3778 s

236 3829 321 3884 esset
345 3816 458 3886 insuta
492 3817 701 3912 magnitudo,
732 3841 838 3910 neque
868 3843 941 3911 quae
969 3832 1026 3885 aut
1054 3833 1186 3910 quantae
1213 3845 1271 3889 na·

237 3936 342 4003 tiones
371 3932 571 4020 incolerent,
599 3961 706 4030 neque
737 3962 835 4030 quem
863 3963 957 4007 nsum
990 3935 1067 4005 belli
1097 3938 1270 4022 haberent,
