<?xml version="1.0" encoding="UTF-8"?>
<!DOCTYPE html PUBLIC "-//W3C//DTD XHTML 1.0 Transitional//EN"
    "http://www.w3.org/TR/xhtml1/DTD/xhtml1-transitional.dtd">
<html xmlns="http://www.w3.org/1999/xhtml" xml:lang="en" lang="en">
 <head>
  <title>
</title>
<meta http-equiv="Content-Type" content="text/html;charset=utf-8" />
  <meta name='ocr-system' content='tesseract 3.04.00' />
  <meta name='ocr-capabilities' content='ocr_page ocr_carea ocr_par ocr_line ocrx_word'/>
</head>
<body>
  <div class='ocr_page' id='page_1' title='image "./cjcaesarisopera00caesgoog_0403.png"; bbox 0 0 3038 4766; ppageno 0'>
   <div class='ocr_carea' id='block_1_1' title="bbox 506 404 1272 482">
    <p class='ocr_par' dir='ltr' id='par_1_1' title="bbox 506 404 1272 482">
     <span class='ocr_line' id='line_1_1' title="bbox 506 404 1272 482; baseline 0 -19"><span class='ocrx_word' id='word_1_1' title='bbox 506 407 556 464; x_wconf 82' lang='lat' dir='ltr'>nn</span> <span class='ocrx_word' id='word_1_2' title='bbox 581 404 701 463; x_wconf 76' lang='lat' dir='ltr'>anteo</span> <span class='ocrx_word' id='word_1_3' title='bbox 722 405 837 466; x_wconf 82' lang='lat' dir='ltr'>crvur</span> <span class='ocrx_word' id='word_1_4' title='bbox 856 407 926 466; x_wconf 83' lang='lat' dir='ltr'>mn.</span> <span class='ocrx_word' id='word_1_5' title='bbox 947 408 999 463; x_wconf 89' lang='lat'>111.</span> <span class='ocrx_word' id='word_1_6' title='bbox 1236 425 1272 482; x_wconf 78' lang='lat'>97</span> 
     </span>
    </p>
   </div>
   <div class='ocr_carea' id='block_1_2' title="bbox 237 532 1358 4095">
    <p class='ocr_par' dir='ltr' id='par_1_2' title="bbox 237 532 1358 4095">
     <span class='ocr_line' id='line_1_2' title="bbox 241 532 1272 630; baseline 0 -26"><span class='ocrx_word' id='word_1_7' title='bbox 241 533 495 630; x_wconf 84' lang='lat' dir='ltr'>expediendam,</span> <span class='ocrx_word' id='word_1_8' title='bbox 510 555 575 626; x_wconf 91' lang='lat' dir='ltr'>qua</span> <span class='ocrx_word' id='word_1_9' title='bbox 584 545 724 626; x_wconf 81' lang='lat' dir='ltr'><strong>anguste</strong></span> <span class='ocrx_word' id='word_1_10' title='bbox 741 533 907 619; x_wconf 87' lang='lat' dir='ltr'>utebatur,</span> <span class='ocrx_word' id='word_1_11' title='bbox 920 546 990 600; x_wconf 88' lang='lat' dir='ltr'>erat</span> <span class='ocrx_word' id='word_1_12' title='bbox 1003 532 1044 600; x_wconf 94' lang='lat' dir='ltr'>ad</span> <span class='ocrx_word' id='word_1_13' title='bbox 1056 533 1272 619; x_wconf 80' lang='lat' dir='ltr'>Buthrotum,</span> 
     </span>
     <span class='ocr_line' id='line_1_3' title="bbox 241 646 1273 748; baseline 0 -26"><span class='ocrx_word' id='word_1_14' title='bbox 241 655 431 748; x_wconf 87' lang='lat' dir='ltr'>oppositum</span> <span class='ocrx_word' id='word_1_15' title='bbox 449 653 611 745; x_wconf 75' lang='lat' dir='ltr'>Corcyrae.</span> <span class='ocrx_word' id='word_1_16' title='bbox 630 651 681 720; x_wconf 92' lang='lat' dir='ltr'>lbi</span> <span class='ocrx_word' id='word_1_17' title='bbox 701 653 822 720; x_wconf 83' lang='lat' dir='ltr'>certior</span> <span class='ocrx_word' id='word_1_18' title='bbox 837 652 880 720; x_wconf 86' lang='lat' dir='ltr'>ab</span> <span class='ocrx_word' id='word_1_19' title='bbox 899 649 1005 722; x_wconf 82' lang='lat' dir='ltr'>acilio</span> <span class='ocrx_word' id='word_1_20' title='bbox 1022 664 1054 720; x_wconf 90' lang='lat' dir='ltr'>et</span> <span class='ocrx_word' id='word_1_21' title='bbox 1076 646 1197 722; x_wconf 87' lang='lat' dir='ltr'>Murco</span> <span class='ocrx_word' id='word_1_22' title='bbox 1214 678 1273 746; x_wconf 85' lang='lat' dir='ltr'>per</span> 
     </span>
     <span class='ocr_line' id='line_1_4' title="bbox 243 769 1271 866; baseline -0.001 -24"><span class='ocrx_word' id='word_1_23' title='bbox 243 772 369 842; x_wconf 75' lang='lat' dir='ltr'><strong>litteras</strong></span> <span class='ocrx_word' id='word_1_24' title='bbox 388 772 492 841; x_wconf 85' lang='lat' dir='ltr'>lactus</span> <span class='ocrx_word' id='word_1_25' title='bbox 513 771 554 840; x_wconf 88' lang='lat' dir='ltr'>de</span> <span class='ocrx_word' id='word_1_26' title='bbox 576 769 748 866; x_wconf 89' lang='lat' dir='ltr'>postulatis</span> <span class='ocrx_word' id='word_1_27' title='bbox 766 771 903 840; x_wconf 91' lang='lat' dir='ltr'>Libonis</span> <span class='ocrx_word' id='word_1_28' title='bbox 917 784 951 839; x_wconf 89' lang='lat' dir='ltr'>et</span> <span class='ocrx_word' id='word_1_29' title='bbox 966 769 1094 858; x_wconf 91' lang='lat' dir='ltr'>Bibuli,</span> <span class='ocrx_word' id='word_1_30' title='bbox 1111 769 1271 864; x_wconf 84' lang='lat' dir='ltr'><strong>legionem</strong></span> 
     </span>
     <span class='ocr_line' id='line_1_5' title="bbox 241 891 1272 985; baseline -0.002 -23"><span class='ocrx_word' id='word_1_31' title='bbox 241 891 415 985; x_wconf 79' lang='lat' dir='ltr'>relinquit3</span> <span class='ocrx_word' id='word_1_32' title='bbox 428 893 497 985; x_wconf 88' lang='lat' dir='ltr'>ipse</span> <span class='ocrx_word' id='word_1_33' title='bbox 507 892 646 961; x_wconf 89' lang='lat' dir='ltr'>Oricum</span> <span class='ocrx_word' id='word_1_34' title='bbox 658 892 841 960; x_wconf 85' lang='lat' dir='ltr'>revertitur.</span> <span class='ocrx_word' id='word_1_35' title='bbox 850 893 902 959; x_wconf 88' lang='grc' dir='ltr'>-Εο</span> <span class='ocrx_word' id='word_1_36' title='bbox 912 914 1015 983; x_wconf 90' lang='lat' dir='ltr'>quum</span> <span class='ocrx_word' id='word_1_37' title='bbox 1027 891 1182 979; x_wconf 88' lang='lat' dir='ltr'>venisset,</span> <span class='ocrx_word' id='word_1_38' title='bbox 1196 917 1272 960; x_wconf 85' lang='lat' dir='ltr'>evo·</span> 
     </span>
     <span class='ocr_line' id='line_1_6' title="bbox 241 1008 1271 1103; baseline 0 -21"><span class='ocrx_word' id='word_1_39' title='bbox 241 1027 359 1082; x_wconf 87' lang='lat' dir='ltr'>cantur</span> <span class='ocrx_word' id='word_1_40' title='bbox 380 1009 427 1079; x_wconf 91' lang='lat' dir='ltr'>illi</span> <span class='ocrx_word' id='word_1_41' title='bbox 451 1010 495 1079; x_wconf 92' lang='lat' dir='ltr'>ad</span> <span class='ocrx_word' id='word_1_42' title='bbox 517 1008 729 1103; x_wconf 84' lang='lat' dir='ltr'>colloquium.</span> <span class='ocrx_word' id='word_1_43' title='bbox 748 1009 863 1079; x_wconf 87' lang='lat' dir='ltr'>Prodit</span> <span class='ocrx_word' id='word_1_44' title='bbox 886 1010 989 1098; x_wconf 90' lang='lat' dir='ltr'>Libo,</span> <span class='ocrx_word' id='word_1_45' title='bbox 1008 1034 1116 1103; x_wconf 84' lang='lat' dir='ltr'>neque</span> <span class='ocrx_word' id='word_1_46' title='bbox 1138 1027 1271 1082; x_wconf 84' lang='lat' dir='ltr'>excusat</span> 
     </span>
     <span class='ocr_line' id='line_1_7' title="bbox 241 1127 1272 1222; baseline -0.002 -20"><span class='ocrx_word' id='word_1_47' title='bbox 241 1129 417 1218; x_wconf 86' lang='lat' dir='ltr'>Bibulum,</span> <span class='ocrx_word' id='word_1_48' title='bbox 435 1130 554 1222; x_wconf 76' lang='lat' dir='ltr'>«qnod</span> <span class='ocrx_word' id='word_1_49' title='bbox 575 1130 603 1198; x_wconf 89' lang='lat' dir='ltr'>is</span> <span class='ocrx_word' id='word_1_50' title='bbox 622 1127 794 1199; x_wconf 83' lang='lat' dir='ltr'>iracundia</span> <span class='ocrx_word' id='word_1_51' title='bbox 815 1153 942 1202; x_wconf 83' lang='lat' dir='ltr'>summa</span> <span class='ocrx_word' id='word_1_52' title='bbox 959 1143 1050 1216; x_wconf 88' lang='lat' dir='ltr'>erat,</span> <span class='ocrx_word' id='word_1_53' title='bbox 1067 1130 1272 1200; x_wconf 88' lang='lat' dir='ltr'>inimicitias·</span> 
     </span>
     <span class='ocr_line' id='line_1_8' title="bbox 240 1249 1271 1345; baseline -0.001 -25"><span class='ocrx_word' id='word_1_54' title='bbox 240 1276 305 1345; x_wconf 88' lang='lat' dir='ltr'>que</span> <span class='ocrx_word' id='word_1_55' title='bbox 324 1251 465 1322; x_wconf 88' lang='lat' dir='ltr'>babebat</span> <span class='ocrx_word' id='word_1_56' title='bbox 479 1251 577 1319; x_wconf 87' lang='lat' dir='ltr'>ctiam</span> <span class='ocrx_word' id='word_1_57' title='bbox 595 1251 738 1343; x_wconf 80' lang='lat' dir='ltr'>prbratas</span> <span class='ocrx_word' id='word_1_58' title='bbox 754 1273 830 1318; x_wconf 90' lang='lat' dir='ltr'>cum</span> <span class='ocrx_word' id='word_1_59' title='bbox 845 1251 992 1333; x_wconf 75' lang='lat' dir='ltr'>Caesare,</span> <span class='ocrx_word' id='word_1_60' title='bbox 1010 1273 1051 1318; x_wconf 81' lang='lat' dir='ltr'>cx</span> <span class='ocrx_word' id='word_1_61' title='bbox 1066 1249 1219 1320; x_wconf 72' lang='lat' dir='ltr'>aedilitate</span> <span class='ocrx_word' id='word_1_62' title='bbox 1238 1265 1271 1319; x_wconf 86' lang='lat' dir='ltr'>et</span> 
     </span>
     <span class='ocr_line' id='line_1_9' title="bbox 239 1366 1271 1464; baseline -0.001 -25"><span class='ocrx_word' id='word_1_63' title='bbox 239 1385 381 1464; x_wconf 73' lang='lat' dir='ltr'>praetura</span> <span class='ocrx_word' id='word_1_64' title='bbox 398 1383 571 1464; x_wconf 87' lang='lat' dir='ltr'>conceptas</span> <span class='ocrx_word' id='word_1_65' title='bbox 586 1393 596 1455; x_wconf 88' lang='lat'>;</span> <span class='ocrx_word' id='word_1_66' title='bbox 617 1368 748 1437; x_wconf 87' lang='lat' dir='ltr'>obeam</span> <span class='ocrx_word' id='word_1_67' title='bbox 766 1392 835 1437; x_wconf 91' lang='lat' dir='ltr'>rem</span> <span class='ocrx_word' id='word_1_68' title='bbox 854 1366 1055 1462; x_wconf 86' lang='lat' dir='ltr'>colloquium</span> <span class='ocrx_word' id='word_1_69' title='bbox 1073 1371 1207 1450; x_wconf 86' lang='lat' dir='ltr'>vitasse,</span> <span class='ocrx_word' id='word_1_70' title='bbox 1229 1395 1271 1439; x_wconf 91' lang='lat' dir='ltr'>ne</span> 
     </span>
     <span class='ocr_line' id='line_1_10' title="bbox 239 1486 1271 1582; baseline 0 -24"><span class='ocrx_word' id='word_1_71' title='bbox 239 1513 290 1558; x_wconf 87' lang='lat' dir='ltr'>res</span> <span class='ocrx_word' id='word_1_72' title='bbox 307 1489 456 1558; x_wconf 82' lang='lat' dir='ltr'>maximae</span> <span class='ocrx_word' id='word_1_73' title='bbox 472 1489 540 1582; x_wconf 88' lang='lat' dir='ltr'>spei</span> <span class='ocrx_word' id='word_1_74' title='bbox 555 1491 769 1580; x_wconf 77' lang='lat' dir='ltr'>maximaeque</span> <span class='ocrx_word' id='word_1_75' title='bbox 783 1486 933 1557; x_wconf 78' lang='lat' dir='ltr'>utilitatis</span> <span class='ocrx_word' id='word_1_76' title='bbox 943 1490 1013 1581; x_wconf 84' lang='lat' dir='ltr'>ejus</span> <span class='ocrx_word' id='word_1_77' title='bbox 1027 1489 1197 1558; x_wconf 81' lang='lat' dir='ltr'>iracundia</span> <span class='ocrx_word' id='word_1_78' title='bbox 1209 1490 1271 1558; x_wconf 91' lang='lat' dir='ltr'>im·</span> 
     </span>
     <span class='ocr_line' id='line_1_11' title="bbox 239 1609 1268 1703; baseline 0 -27"><span class='ocrx_word' id='word_1_79' title='bbox 239 1609 430 1703; x_wconf 84' lang='lat' dir='ltr'>pedirentur</span> <span class='ocrx_word' id='word_1_80' title='bbox 447 1634 455 1676; x_wconf 76' lang='grc' dir='ltr'><em>τ</em></span> <span class='ocrx_word' id='word_1_81' title='bbox 472 1609 619 1701; x_wconf 87' lang='lat' dir='ltr'>Pompeii</span> <span class='ocrx_word' id='word_1_82' title='bbox 635 1630 798 1676; x_wconf 89' lang='lat' dir='ltr'>summam</span> <span class='ocrx_word' id='word_1_83' title='bbox 815 1631 885 1676; x_wconf 89' lang='lat' dir='ltr'>esse</span> <span class='ocrx_word' id='word_1_84' title='bbox 902 1633 941 1676; x_wconf 86' lang='lat' dir='ltr'>ac</span> <span class='ocrx_word' id='word_1_85' title='bbox 952 1609 1051 1676; x_wconf 87' lang='lat' dir='ltr'>fuisse</span> <span class='ocrx_word' id='word_1_86' title='bbox 1066 1633 1195 1702; x_wconf 89' lang='lat' dir='ltr'>semper</span> <span class='ocrx_word' id='word_1_87' title='bbox 1209 1633 1268 1676; x_wconf 90' lang='lat' dir='ltr'>vo-</span> 
     </span>
     <span class='ocr_line' id='line_1_12' title="bbox 239 1725 1269 1821; baseline -0.001 -25"><span class='ocrx_word' id='word_1_88' title='bbox 239 1725 419 1815; x_wconf 86' lang='lat' dir='ltr'>luntatem,</span> <span class='ocrx_word' id='word_1_89' title='bbox 440 1743 477 1796; x_wconf 91' lang='lat' dir='ltr'>ut</span> <span class='ocrx_word' id='word_1_90' title='bbox 491 1739 778 1821; x_wconf 82' lang='lat' dir='ltr'>componerentur,</span> <span class='ocrx_word' id='word_1_91' title='bbox 798 1741 895 1819; x_wconf 87' lang='lat' dir='ltr'>atque</span> <span class='ocrx_word' id='word_1_92' title='bbox 911 1726 952 1796; x_wconf 88' lang='lat' dir='ltr'>ab</span> <span class='ocrx_word' id='word_1_93' title='bbox 968 1729 1067 1796; x_wconf 86' lang='lat' dir='ltr'>armis</span> <span class='ocrx_word' id='word_1_94' title='bbox 1089 1725 1269 1796; x_wconf 86' lang='lat' dir='ltr'>discedere·</span> 
     </span>
     <span class='ocr_line' id='line_1_13' title="bbox 240 1844 1269 1941; baseline 0 -26"><span class='ocrx_word' id='word_1_95' title='bbox 240 1861 295 1916; x_wconf 89' lang='lat' dir='ltr'>tur</span> <span class='ocrx_word' id='word_1_96' title='bbox 309 1873 317 1916; x_wconf 92' lang='lat'><strong>:</strong></span> <span class='ocrx_word' id='word_1_97' title='bbox 331 1847 388 1917; x_wconf 90' lang='lat' dir='ltr'>sed</span> <span class='ocrx_word' id='word_1_98' title='bbox 400 1861 594 1941; x_wconf 88' lang='lat' dir='ltr'>potestatem</span> <span class='ocrx_word' id='word_1_99' title='bbox 610 1869 643 1914; x_wconf 89' lang='lat' dir='ltr'>se</span> <span class='ocrx_word' id='word_1_100' title='bbox 655 1846 727 1938; x_wconf 87' lang='lat' dir='ltr'>ejus</span> <span class='ocrx_word' id='word_1_101' title='bbox 740 1847 787 1913; x_wconf 93' lang='lat' dir='ltr'>rei</span> <span class='ocrx_word' id='word_1_102' title='bbox 800 1844 922 1914; x_wconf 90' lang='lat' dir='ltr'>nullam</span> <span class='ocrx_word' id='word_1_103' title='bbox 939 1846 1077 1931; x_wconf 88' lang='lat' dir='ltr'>habere,</span> <span class='ocrx_word' id='word_1_104' title='bbox 1095 1859 1269 1940; x_wconf 88' lang='lat' dir='ltr'>propterea</span> 
     </span>
     <span class='ocr_line' id='line_1_14' title="bbox 239 1964 1267 2062; baseline 0.002 -26"><span class='ocrx_word' id='word_1_105' title='bbox 239 1967 329 2060; x_wconf 88' lang='lat' dir='ltr'>quod</span> <span class='ocrx_word' id='word_1_106' title='bbox 343 1966 384 2036; x_wconf 91' lang='lat' dir='ltr'>de</span> <span class='ocrx_word' id='word_1_107' title='bbox 399 1965 526 2036; x_wconf 87' lang='lat' dir='ltr'>consilii</span> <span class='ocrx_word' id='word_1_108' title='bbox 547 1966 707 2034; x_wconf 88' lang='lat' dir='ltr'>sententia</span> <span class='ocrx_word' id='word_1_109' title='bbox 726 1989 887 2034; x_wconf 88' lang='lat' dir='ltr'>summam</span> <span class='ocrx_word' id='word_1_110' title='bbox 907 1964 982 2035; x_wconf 87' lang='lat' dir='ltr'>belli</span> <span class='ocrx_word' id='word_1_111' title='bbox 1003 1991 1178 2062; x_wconf 85' lang='lat' dir='ltr'>rerumque</span> <span class='ocrx_word' id='word_1_112' title='bbox 1194 1993 1267 2038; x_wconf 85' lang='lat' dir='ltr'>orn·</span> 
     </span>
     <span class='ocr_line' id='line_1_15' title="bbox 239 2079 1305 2184; baseline 0.002 -30"><span class='ocrx_word' id='word_1_113' title='bbox 239 2091 331 2156; x_wconf 90' lang='lat' dir='ltr'>nium</span> <span class='ocrx_word' id='word_1_114' title='bbox 346 2087 505 2180; x_wconf 89' lang='lat' dir='ltr'>Pompeio</span> <span class='ocrx_word' id='word_1_115' title='bbox 520 2079 742 2180; x_wconf 88' lang='lat' dir='ltr'>permiserint;</span> <span class='ocrx_word' id='word_1_116' title='bbox 757 2084 813 2154; x_wconf 88' lang='lat' dir='ltr'>sed</span> <span class='ocrx_word' id='word_1_117' title='bbox 826 2084 997 2178; x_wconf 89' lang='lat' dir='ltr'>postulatis</span> <span class='ocrx_word' id='word_1_118' title='bbox 1010 2089 1146 2158; x_wconf 69' lang='lat' dir='ltr'>Caesaris</span> <span class='ocrx_word' id='word_1_119' title='bbox 1157 2091 1271 2184; x_wconf 85' lang='lat' dir='ltr'>cogni·</span> <span class='ocrx_word' id='word_1_120' title='bbox 1302 2145 1305 2156; x_wconf 91' lang='lat'><strong><em>.</em></strong></span> 
     </span>
     <span class='ocr_line' id='line_1_16' title="bbox 241 2204 1269 2302; baseline 0.005 -28"><span class='ocrx_word' id='word_1_121' title='bbox 241 2209 306 2293; x_wconf 91' lang='lat' dir='ltr'>tis,</span> <span class='ocrx_word' id='word_1_122' title='bbox 328 2208 486 2275; x_wconf 78' lang='lat' dir='ltr'>missuros</span> <span class='ocrx_word' id='word_1_123' title='bbox 513 2204 555 2274; x_wconf 88' lang='lat' dir='ltr'>ad</span> <span class='ocrx_word' id='word_1_124' title='bbox 583 2207 793 2299; x_wconf 87' lang='lat' dir='ltr'>Pompeium,</span> <span class='ocrx_word' id='word_1_125' title='bbox 819 2220 917 2299; x_wconf 86' lang='lat' dir='ltr'>atque</span> <span class='ocrx_word' id='word_1_126' title='bbox 936 2204 1027 2277; x_wconf 92' lang='lat' dir='ltr'>illum</span> <span class='ocrx_word' id='word_1_127' title='bbox 1054 2206 1182 2302; x_wconf 89' lang='lat' dir='ltr'>reliqua</span> <span class='ocrx_word' id='word_1_128' title='bbox 1210 2231 1269 2302; x_wconf 89' lang='lat' dir='ltr'>per</span> 
     </span>
     <span class='ocr_line' id='line_1_17' title="bbox 239 2325 1267 2420; baseline 0.003 -25"><span class='ocrx_word' id='word_1_129' title='bbox 239 2351 274 2395; x_wconf 89' lang='lat' dir='ltr'>se</span> <span class='ocrx_word' id='word_1_130' title='bbox 293 2341 466 2412; x_wconf 87' lang='lat' dir='ltr'>acturum,</span> <span class='ocrx_word' id='word_1_131' title='bbox 484 2325 693 2397; x_wconf 81' lang='lat' dir='ltr'>hortantibus</span> <span class='ocrx_word' id='word_1_132' title='bbox 711 2326 789 2420; x_wconf 92' lang='lat' dir='ltr'>ipsis</span> <span class='ocrx_word' id='word_1_133' title='bbox 807 2351 814 2394; x_wconf 94' lang='lat'>:</span> <span class='ocrx_word' id='word_1_134' title='bbox 837 2327 959 2399; x_wconf 80' lang='lat' dir='ltr'>interea</span> <span class='ocrx_word' id='word_1_135' title='bbox 982 2344 1151 2398; x_wconf 89' lang='lat' dir='ltr'>manerent</span> <span class='ocrx_word' id='word_1_136' title='bbox 1169 2329 1267 2399; x_wconf 92' lang='lat' dir='ltr'>indu·</span> 
     </span>
     <span class='ocr_line' id='line_1_18' title="bbox 238 2443 1268 2538; baseline 0.004 -24"><span class='ocrx_word' id='word_1_137' title='bbox 238 2447 318 2530; x_wconf 81' lang='lat' dir='ltr'>ciae,</span> <span class='ocrx_word' id='word_1_138' title='bbox 342 2446 423 2515; x_wconf 91' lang='lat' dir='ltr'>dum</span> <span class='ocrx_word' id='word_1_139' title='bbox 441 2443 555 2514; x_wconf 90' lang='lat' dir='ltr'>abillo</span> <span class='ocrx_word' id='word_1_140' title='bbox 581 2445 680 2514; x_wconf 85' lang='lat' dir='ltr'>rediri</span> <span class='ocrx_word' id='word_1_141' title='bbox 701 2458 832 2538; x_wconf 88' lang='lat' dir='ltr'>posset;</span> <span class='ocrx_word' id='word_1_142' title='bbox 855 2469 935 2516; x_wconf 85' lang='lat' dir='ltr'>neve</span> <span class='ocrx_word' id='word_1_143' title='bbox 955 2445 1148 2518; x_wconf 86' lang='lat' dir='ltr'>alteralteri</span> <span class='ocrx_word' id='word_1_144' title='bbox 1170 2473 1268 2518; x_wconf 87' lang='lat' dir='ltr'>nore·</span> 
     </span>
     <span class='ocr_line' id='line_1_19' title="bbox 239 2564 1358 2662; baseline 0.003 -28"><span class='ocrx_word' id='word_1_145' title='bbox 239 2581 298 2634; x_wconf 89' lang='lat' dir='ltr'>ret.</span> <span class='ocrx_word' id='word_1_146' title='bbox 309 2595 325 2630; x_wconf 78' lang='lat' dir='ltr'>a</span> <span class='ocrx_word' id='word_1_147' title='bbox 338 2569 413 2636; x_wconf 88' lang='lat' dir='ltr'>Huc</span> <span class='ocrx_word' id='word_1_148' title='bbox 424 2565 515 2634; x_wconf 88' lang='lat' dir='ltr'>addit</span> <span class='ocrx_word' id='word_1_149' title='bbox 533 2587 636 2657; x_wconf 88' lang='lat' dir='ltr'>pauca</span> <span class='ocrx_word' id='word_1_150' title='bbox 653 2564 695 2631; x_wconf 89' lang='lat' dir='ltr'>de</span> <span class='ocrx_word' id='word_1_151' title='bbox 708 2588 825 2648; x_wconf 87' lang='lat' dir='ltr'>causa,</span> <span class='ocrx_word' id='word_1_152' title='bbox 846 2577 879 2632; x_wconf 88' lang='lat' dir='ltr'>et</span> <span class='ocrx_word' id='word_1_153' title='bbox 895 2564 937 2634; x_wconf 86' lang='lat' dir='ltr'>de</span> <span class='ocrx_word' id='word_1_154' title='bbox 952 2569 1055 2660; x_wconf 90' lang='lat' dir='ltr'>copiis</span> <span class='ocrx_word' id='word_1_155' title='bbox 1075 2567 1270 2662; x_wconf 80' lang='lat' dir='ltr'>auxiliisque</span> <span class='ocrx_word' id='word_1_156' title='bbox 1352 2642 1358 2654; x_wconf 60' lang='grc'><strong>,</strong></span> 
     </span>
     <span class='ocr_line' id='line_1_20' title="bbox 239 2710 747 2755; baseline 0.008 -3"><span class='ocrx_word' id='word_1_157' title='bbox 239 2710 316 2755; x_wconf 82' lang='lat' dir='ltr'>suis.</span> <span class='ocrx_word' id='word_1_158' title='bbox 738 2730 747 2746; x_wconf 90' lang='lat'><strong>·</strong></span> 
     </span>
     <span class='ocr_line' id='line_1_21' title="bbox 289 2803 1270 2897; baseline 0.003 -23"><span class='ocrx_word' id='word_1_159' title='bbox 289 2807 396 2875; x_wconf 88' lang='lat' dir='ltr'><strong>XVII.</strong></span> <span class='ocrx_word' id='word_1_160' title='bbox 410 2805 543 2893; x_wconf 87' lang='lat' dir='ltr'>Quibus</span> <span class='ocrx_word' id='word_1_161' title='bbox 560 2803 658 2872; x_wconf 75' lang='lat' dir='ltr'>rebus</span> <span class='ocrx_word' id='word_1_162' title='bbox 672 2826 778 2894; x_wconf 88' lang='lat' dir='ltr'>neque</span> <span class='ocrx_word' id='word_1_163' title='bbox 792 2817 862 2870; x_wconf 91' lang='lat' dir='ltr'>tum</span> <span class='ocrx_word' id='word_1_164' title='bbox 879 2805 1143 2897; x_wconf 84' lang='lat' dir='ltr'>respondendum</span> <span class='ocrx_word' id='word_1_165' title='bbox 1160 2812 1270 2877; x_wconf 75' lang='lat' dir='ltr'>Caesar</span> 
     </span>
     <span class='ocr_line' id='line_1_22' title="bbox 239 2924 1269 3016; baseline 0.005 -24"><span class='ocrx_word' id='word_1_166' title='bbox 239 2925 459 3010; x_wconf 87' lang='lat' dir='ltr'>existimavit,</span> <span class='ocrx_word' id='word_1_167' title='bbox 477 2945 588 3015; x_wconf 87' lang='lat' dir='ltr'>neque</span> <span class='ocrx_word' id='word_1_168' title='bbox 609 2944 719 3012; x_wconf 91' lang='lat' dir='ltr'>nunc,</span> <span class='ocrx_word' id='word_1_169' title='bbox 738 2936 776 2990; x_wconf 89' lang='lat' dir='ltr'>ut</span> <span class='ocrx_word' id='word_1_170' title='bbox 794 2925 959 2991; x_wconf 86' lang='lat' dir='ltr'>memoriae</span> <span class='ocrx_word' id='word_1_171' title='bbox 979 2924 1175 3016; x_wconf 87' lang='lat' dir='ltr'>prodantur,</span> <span class='ocrx_word' id='word_1_172' title='bbox 1192 2929 1269 2998; x_wconf 88' lang='lat' dir='ltr'>satis</span> 
     </span>
     <span class='ocr_line' id='line_1_23' title="bbox 240 3038 1270 3138; baseline 0.002 -26"><span class='ocrx_word' id='word_1_173' title='bbox 240 3067 344 3113; x_wconf 75' lang='lat' dir='ltr'>causae</span> <span class='ocrx_word' id='word_1_174' title='bbox 363 3057 530 3137; x_wconf 89' lang='lat' dir='ltr'>putamus.</span> <span class='ocrx_word' id='word_1_175' title='bbox 551 3038 743 3110; x_wconf 86' lang='lat' dir='ltr'>Postulabat</span> <span class='ocrx_word' id='word_1_176' title='bbox 766 3043 886 3126; x_wconf 78' lang='lat' dir='ltr'>Caesar,</span> <span class='ocrx_word' id='word_1_177' title='bbox 908 3057 975 3112; x_wconf 76' lang='lat' dir='ltr'>out</span> <span class='ocrx_word' id='word_1_178' title='bbox 994 3044 1117 3138; x_wconf 83' lang='lat' dir='ltr'>legatos</span> <span class='ocrx_word' id='word_1_179' title='bbox 1142 3045 1204 3113; x_wconf 88' lang='lat' dir='ltr'>sibi</span> <span class='ocrx_word' id='word_1_180' title='bbox 1228 3045 1270 3114; x_wconf 89' lang='lat' dir='ltr'>ad</span> 
     </span>
     <span class='ocr_line' id='line_1_24' title="bbox 238 3159 1271 3258; baseline 0.004 -26"><span class='ocrx_word' id='word_1_181' title='bbox 238 3164 431 3255; x_wconf 88' lang='lat' dir='ltr'>Pompeium</span> <span class='ocrx_word' id='word_1_182' title='bbox 444 3162 513 3231; x_wconf 86' lang='lat' dir='ltr'>sine</span> <span class='ocrx_word' id='word_1_183' title='bbox 523 3159 668 3254; x_wconf 88' lang='lat' dir='ltr'>periculo</span> <span class='ocrx_word' id='word_1_184' title='bbox 682 3162 811 3229; x_wconf 90' lang='lat' dir='ltr'>mittere</span> <span class='ocrx_word' id='word_1_185' title='bbox 820 3159 931 3231; x_wconf 84' lang='lat' dir='ltr'>liceret</span> <span class='ocrx_word' id='word_1_186' title='bbox 941 3187 951 3247; x_wconf 81' lang='lat'>3</span> <span class='ocrx_word' id='word_1_187' title='bbox 962 3162 1062 3258; x_wconf 89' lang='lat' dir='ltr'>idque</span> <span class='ocrx_word' id='word_1_188' title='bbox 1070 3165 1133 3258; x_wconf 89' lang='lat' dir='ltr'>ipsi</span> <span class='ocrx_word' id='word_1_189' title='bbox 1143 3163 1214 3235; x_wconf 85' lang='lat' dir='ltr'>fore</span> <span class='ocrx_word' id='word_1_190' title='bbox 1222 3191 1271 3236; x_wconf 88' lang='lat' dir='ltr'>re·</span> 
     </span>
     <span class='ocr_line' id='line_1_25' title="bbox 237 3280 1270 3376; baseline 0.005 -26"><span class='ocrx_word' id='word_1_191' title='bbox 237 3283 403 3374; x_wconf 85' lang='lat' dir='ltr'>ciperent,</span> <span class='ocrx_word' id='word_1_192' title='bbox 418 3295 477 3351; x_wconf 89' lang='lat' dir='ltr'>aut</span> <span class='ocrx_word' id='word_1_193' title='bbox 493 3294 644 3375; x_wconf 85' lang='lat' dir='ltr'>acceptos</span> <span class='ocrx_word' id='word_1_194' title='bbox 659 3303 719 3374; x_wconf 88' lang='lat' dir='ltr'>per</span> <span class='ocrx_word' id='word_1_195' title='bbox 730 3305 765 3350; x_wconf 92' lang='lat' dir='ltr'>se</span> <span class='ocrx_word' id='word_1_196' title='bbox 775 3280 817 3350; x_wconf 92' lang='lat' dir='ltr'>ad</span> <span class='ocrx_word' id='word_1_197' title='bbox 830 3306 906 3351; x_wconf 87' lang='lat' dir='ltr'>eum</span> <span class='ocrx_word' id='word_1_198' title='bbox 923 3281 1150 3376; x_wconf 86' lang='lat' dir='ltr'>perducerent.</span> <span class='ocrx_word' id='word_1_199' title='bbox 1167 3286 1270 3373; x_wconf 89' lang='lat' dir='ltr'>Quod</span> 
     </span>
     <span class='ocr_line' id='line_1_26' title="bbox 239 3398 1272 3500; baseline 0.004 -30"><span class='ocrx_word' id='word_1_200' title='bbox 239 3401 282 3470; x_wconf 90' lang='lat' dir='ltr'>ad</span> <span class='ocrx_word' id='word_1_201' title='bbox 295 3401 445 3472; x_wconf 86' lang='lat' dir='ltr'>inducias</span> <span class='ocrx_word' id='word_1_202' title='bbox 455 3403 650 3500; x_wconf 66' lang='lat' dir='ltr'>pertinpret,</span> <span class='ocrx_word' id='word_1_203' title='bbox 662 3400 709 3468; x_wconf 86' lang='lat' dir='ltr'>aio</span> <span class='ocrx_word' id='word_1_204' title='bbox 719 3398 796 3469; x_wconf 86' lang='lat' dir='ltr'>belli</span> <span class='ocrx_word' id='word_1_205' title='bbox 810 3402 970 3470; x_wconf 90' lang='lat' dir='ltr'>rationem</span> <span class='ocrx_word' id='word_1_206' title='bbox 983 3428 1052 3473; x_wconf 88' lang='lat' dir='ltr'>esse</span> <span class='ocrx_word' id='word_1_207' title='bbox 1063 3403 1220 3490; x_wconf 85' lang='lat' dir='ltr'>divisam,</span> <span class='ocrx_word' id='word_1_208' title='bbox 1235 3422 1272 3474; x_wconf 89' lang='lat' dir='ltr'>ut</span> 
     </span>
     <span class='ocr_line' id='line_1_27' title="bbox 238 3517 1270 3617; baseline 0.005 -29"><span class='ocrx_word' id='word_1_209' title='bbox 238 3519 286 3589; x_wconf 90' lang='lat' dir='ltr'>illi</span> <span class='ocrx_word' id='word_1_210' title='bbox 301 3519 403 3592; x_wconf 80' lang='lat' dir='ltr'>classe</span> <span class='ocrx_word' id='word_1_211' title='bbox 421 3544 519 3591; x_wconf 82' lang='lat' dir='ltr'>naves</span> <span class='ocrx_word' id='word_1_212' title='bbox 531 3517 716 3612; x_wconf 84' lang='lat' dir='ltr'>auxiliaque</span> <span class='ocrx_word' id='word_1_213' title='bbox 735 3541 793 3588; x_wconf 85' lang='lat' dir='ltr'>sua</span> <span class='ocrx_word' id='word_1_214' title='bbox 811 3517 1027 3613; x_wconf 81' lang='lat' dir='ltr'>impedirent,</span> <span class='ocrx_word' id='word_1_215' title='bbox 1045 3524 1115 3616; x_wconf 85' lang='lat' dir='ltr'>ipse</span> <span class='ocrx_word' id='word_1_216' title='bbox 1130 3539 1167 3592; x_wconf 91' lang='lat' dir='ltr'>ut</span> <span class='ocrx_word' id='word_1_217' title='bbox 1184 3549 1270 3617; x_wconf 88' lang='lat' dir='ltr'>aqua</span> 
     </span>
     <span class='ocr_line' id='line_1_28' title="bbox 239 3638 1271 3735; baseline 0.004 -27"><span class='ocrx_word' id='word_1_218' title='bbox 239 3655 392 3735; x_wconf 87' lang='lat' dir='ltr'>terraque</span> <span class='ocrx_word' id='word_1_219' title='bbox 407 3664 464 3709; x_wconf 89' lang='lat' dir='ltr'>eos</span> <span class='ocrx_word' id='word_1_220' title='bbox 483 3639 673 3734; x_wconf 86' lang='lat' dir='ltr'>prohiberet</span> <span class='ocrx_word' id='word_1_221' title='bbox 693 3639 744 3708; x_wconf 91' lang='lat' dir='ltr'>:si</span> <span class='ocrx_word' id='word_1_222' title='bbox 758 3638 822 3710; x_wconf 91' lang='lat' dir='ltr'>boc</span> <span class='ocrx_word' id='word_1_223' title='bbox 839 3638 900 3707; x_wconf 91' lang='lat' dir='ltr'>sibi</span> <span class='ocrx_word' id='word_1_224' title='bbox 920 3642 1045 3709; x_wconf 84' lang='lat' dir='ltr'>remitti</span> <span class='ocrx_word' id='word_1_225' title='bbox 1062 3641 1204 3726; x_wconf 83' lang='lat' dir='ltr'>vellent,</span> <span class='ocrx_word' id='word_1_226' title='bbox 1221 3667 1271 3712; x_wconf 90' lang='lat' dir='ltr'>re-</span> 
     </span>
     <span class='ocr_line' id='line_1_29' title="bbox 239 3759 1270 3855; baseline 0.004 -27"><span class='ocrx_word' id='word_1_227' title='bbox 239 3763 405 3833; x_wconf 85' lang='lat' dir='ltr'>mitterent</span> <span class='ocrx_word' id='word_1_228' title='bbox 421 3761 485 3855; x_wconf 92' lang='lat' dir='ltr'>ipsi</span> <span class='ocrx_word' id='word_1_229' title='bbox 503 3760 544 3829; x_wconf 87' lang='lat' dir='ltr'>de</span> <span class='ocrx_word' id='word_1_230' title='bbox 561 3759 732 3829; x_wconf 89' lang='lat' dir='ltr'>maritimis</span> <span class='ocrx_word' id='word_1_231' title='bbox 751 3759 924 3847; x_wconf 86' lang='lat' dir='ltr'>custodiis;</span> <span class='ocrx_word' id='word_1_232' title='bbox 940 3761 990 3829; x_wconf 92' lang='lat' dir='ltr'>sin</span> <span class='ocrx_word' id='word_1_233' title='bbox 1010 3759 1092 3830; x_wconf 90' lang='lat' dir='ltr'>illud</span> <span class='ocrx_word' id='word_1_234' title='bbox 1104 3777 1270 3850; x_wconf 81' lang='lat' dir='ltr'>tenerent,</span> 
     </span>
     <span class='ocr_line' id='line_1_30' title="bbox 239 3879 1271 3977; baseline 0.006 -31"><span class='ocrx_word' id='word_1_235' title='bbox 239 3902 272 3946; x_wconf 91' lang='lat' dir='ltr'>se</span> <span class='ocrx_word' id='word_1_236' title='bbox 289 3903 420 3973; x_wconf 90' lang='lat' dir='ltr'>quoque</span> <span class='ocrx_word' id='word_1_237' title='bbox 439 3879 473 3949; x_wconf 92' lang='lat' dir='ltr'>id</span> <span class='ocrx_word' id='word_1_238' title='bbox 490 3895 694 3950; x_wconf 85' lang='lat' dir='ltr'>retenturum</span> <span class='ocrx_word' id='word_1_239' title='bbox 713 3905 721 3947; x_wconf 76' lang='grc' dir='ltr'><em>τ</em></span> <span class='ocrx_word' id='word_1_240' title='bbox 746 3879 960 3950; x_wconf 88' lang='lat' dir='ltr'>nibilominus</span> <span class='ocrx_word' id='word_1_241' title='bbox 979 3895 1087 3950; x_wconf 88' lang='lat' dir='ltr'>tamen</span> <span class='ocrx_word' id='word_1_242' title='bbox 1106 3884 1159 3977; x_wconf 86' lang='lat' dir='ltr'>agi</span> <span class='ocrx_word' id='word_1_243' title='bbox 1177 3907 1271 3977; x_wconf 77' lang='lat' dir='ltr'>posse</span> 
     </span>
     <span class='ocr_line' id='line_1_31' title="bbox 238 3997 1270 4095; baseline 0.007 -30"><span class='ocrx_word' id='word_1_244' title='bbox 238 3997 279 4066; x_wconf 89' lang='lat' dir='ltr'>de</span> <span class='ocrx_word' id='word_1_245' title='bbox 297 3999 552 4092; x_wconf 89' lang='lat' dir='ltr'>compositione,</span> <span class='ocrx_word' id='word_1_246' title='bbox 565 4013 602 4069; x_wconf 85' lang='lat' dir='ltr'>ut</span> <span class='ocrx_word' id='word_1_247' title='bbox 619 3999 689 4070; x_wconf 76' lang='lat' dir='ltr'>bne</span> <span class='ocrx_word' id='word_1_248' title='bbox 704 4023 771 4069; x_wconf 92' lang='lat' dir='ltr'>non</span> <span class='ocrx_word' id='word_1_249' title='bbox 785 4002 1050 4072; x_wconf 85' lang='lat' dir='ltr'>remitterentur:</span> <span class='ocrx_word' id='word_1_250' title='bbox 1063 4025 1170 4095; x_wconf 88' lang='lat' dir='ltr'>neque</span> <span class='ocrx_word' id='word_1_251' title='bbox 1184 4003 1270 4072; x_wconf 90' lang='lat' dir='ltr'>hanc</span> 
     </span>
    </p>
   </div>
   <div class='ocr_carea' id='block_1_3' title="bbox 381 4141 1133 4220">
    <p class='ocr_par' dir='ltr' id='par_1_3' title="bbox 381 4141 1133 4220">
     <span class='ocr_line' id='line_1_32' title="bbox 381 4141 1133 4220; baseline 0.001 -34"><span class='ocrx_word' id='word_1_252' title='bbox 381 4141 415 4186; x_wconf 88' lang='lat'>11.</span> <span class='ocrx_word' id='word_1_253' title='bbox 1114 4147 1133 4220; x_wconf 81' lang='grc'>7</span> 
     </span>
    </p>
   </div>
   <div class='ocr_carea' id='block_1_4' title="bbox 0 0 1524 4766">
    <p class='ocr_par' dir='ltr' id='par_1_4' title="bbox 0 0 1524 4766">
     <span class='ocr_line' id='line_1_33' title="bbox 0 0 1524 4766; baseline 0 0"><span class='ocrx_word' id='word_1_254' title='bbox 0 0 1524 4766; x_wconf 95' lang='lat' dir='ltr'> </span> 
     </span>
    </p>
   </div>
  </div>
 </body>
</html>
