3020 4768
241 357 296 414 268
556 361 672 416 NOTAE
693 360 735 414 IN
755 360 902 416 LIBRUM
924 358 965 413 l'l

239 473 310 528 eloh.
325 474 380 530 Sed
395 473 438 527 hae
451 471 654 546 descriptiones
669 474 837 529 nullomodo
851 472 1006 528 caesarianae
1018 472 1197 527 conveniunt.
1214 473 1278 528 Buf-

239 564 301 632 fon,
314 565 411 636 virque
425 564 601 620 doctissimus
614 565 674 638 ipse
688 565 790 620 Cuvier
806 565 878 620 nihil
891 565 960 620 certi
973 563 1068 637 quoad
1081 563 1202 636 speciem
1214 565 1278 619 ani-

237 656 318 710 malis
330 656 422 712 inesse
438 657 568 712 latentur.
581 679 593 706 a
608 659 670 729 Ego
687 667 796 726 autem,
813 657 907 730 quoad
921 656 1123 730 etymologiam
1141 657 1277 724 nominis,

238 758 315 802 certo
326 747 398 802 mihi
407 748 507 803 certius
523 757 581 803 est:
601 749 631 801 1⁰
643 747 715 802 nihil
728 749 773 804 bic
786 749 878 804 celtici
888 749 995 818 inesse,
1005 749 1039 802 2⁰
1048 751 1148 816 Alces,
1161 748 1237 820 quod
1252 759 1280 804 et

238 836 317 894 fluvii
335 859 439 895 nomen
455 849 496 895 est
513 840 589 914 apud
605 840 741 911 Plinium,
761 833 962 898 effictum'esse
979 860 1015 897 cx
1037 859 1129 915 graeco
1150 837 1279 911 tantan,

238 931 431 986 contractione
454 926 559 1001 cinaris,
582 932 677 1002 tortis,
700 945 839 1002 strenuus,
856 951 975 989 munero
1001 934 1103 1007 plurali
1126 931 1230 1004 ἄλκας,
1250 946 1280 990 ut

238 1033 313 1077 recte
332 1023 431 1078 scribit
450 1042 553 1098 graecus
571 1025 724 1098 interpres,
741 1025 819 1098 quod
833 1025 988 1098 scripsisset
1002 1017 1107 1094 ainai,
1120 1026 1143 1081 si
1156 1028 1193 1083 ab
1206 1023 1277 1085 ἀλκὴ

238 1114 413 1170 substantivo
433 1115 590 1172 derivatum
608 1127 692 1186 esset,
710 1127 740 1171 nt
754 1117 886 1172 nonnulli
903 1118 1015 1186 volunt;
1033 1116 1066 1172 3⁰
1079 1119 1196 1174 nomina
1212 1137 1278 1193 ger-

238 1207 347 1263 manica
362 1209 419 1276 elk,
434 1209 511 1277 eloh,
526 1212 587 1282 elg,
606 1211 685 1282 aelg,
702 1211 779 1283 oelg,
795 1211 836 1276 el,
856 1226 890 1264 ex
913 1209 1029 1264 nomine
1044 1227 1135 1282 graeco
1149 1222 1279 1284 cormpta

239 1317 311 1367 esse,
326 1301 359 1364 4⁰
368 1318 474 1355 nomen
490 1301 622 1374 gallicum
634 1302 699 1354 elan
712 1300 788 1354 idem
802 1318 907 1356 esseae
924 1319 1024 1356 vocem
1038 1303 1104 1356 elan
1120 1320 1174 1374 pro
1195 1306 1280 1358 e'lan-

238 1402 361 1457 cement,
380 1392 556 1465 proindeque
578 1391 701 1448 nominis
714 1391 803 1464 'graeci
821 1394 898 1446 alces
914 1393 1085 1461 versionem3
1107 1391 1140 1447 5⁰
1156 1395 1280 1450 Machla's

239 1482 365 1552 ejsudem
389 1483 516 1538 animalis
530 1502 637 1539 nomen
656 1484 686 1537 in
701 1483 807 1552 Plinio,
822 1501 876 1556 pro
892 1485 964 1538 aclis
975 1495 1109 1552 ¹truncato
1126 1504 1185 1540 non
1205 1505 1279 1554 esse,

238 1571 289 1628 scd
305 1591 412 1628 meram
431 1593 530 1630 vocem
550 1593 667 1648 graecam
685 1571 823 1649 asyam,
840 1571 969 1645 lascivus,
989 1576 1079 1644 salax,
1100 1575 1279 1645 libidinosus,

236 1661 367 1739 μαχλῒς,
380 1666 495 1734 lasciva,
507 1666 649 1722 meretrix.
661 1667 765 1736 Quoad
778 1665 906 1721 animalis
919 1684 1006 1740 genus
1016 1707 1024 1733 ‚
1034 1684 1089 1739 pro
1102 1667 1279 1740 phantastico

239 1756 363 1813 numinis
376 1758 455 1812 Alcas
469 1758 636 1814 emblemate
652 1759 753 1814 habeo.

279 1878 484 1933 ctaxxvllt.
502 1875 557 1932 [th
574 1877 608 1932 ld
626 1887 666 1932 cst
682 1877 770 1932 boves
789 1877 934 1944 montani,
950 1895 986 1932 ex
1002 1877 1194 1951 etymologia:
1213 1898 1277 1934 utus

240 1969 315 2024 enim
329 1969 418 2024 dietus
435 1980 477 2024 est
491 1989 507 2024 a
520 1987 611 2043 graeco
628 1955 716 2043 alpos,
731 1987 784 2042 pro
800 1966 870 2039 ipos,
891 1986 990 2038 mons,
1014 1968 1089 2024 unde
1111 1970 1279 2042 adjectivum

239 2059 541 2134 ipatus,montanus,in
556 2063 700 2120 montibus
713 2061 832 2134 degens,
841 2061 992 2117 subaudito
1005 2055 1151 2131 liciados.
1167 2053 1278 2119 Seriius

240 2156 367 2212 adhunc
383 2173 494 2210 versum
510 2155 564 2222 374
582 2154 676 2226 virg„
689 2153 738 2207 lib.
756 2173 799 2222 tt,
815 2155 936 2226 Georg.:

362 2303 491 2370 sylvestres
503 2301 541 2350 uri
554 2300 659 2361 assidua,
672 2315 809 2367 capreasque
820 2314 938 2366 sequaces.

242 2446 389 2517 Sylvesues
412 2445 468 2510 uri,
493 2443 545 2510 ait,
565 2444 656 2498 idest
673 2442 753 2496 boves
769 2451 894 2516 agrestes
912 2441 964 2514 qui
983 2443 1013 2495 in
1030 2442 1168 2512 Pyrenaeo
1188 2455 1280 2498 monte

239 2548 390 2592 nascuntur
401 2536 472 2590 sister
484 2536 596 2589 Gallias
609 2545 637 2588 et
648 2534 806 2608 Hispanias
813 2534 917 2607 posito.
932 2532 1012 2588 Idem
1025 2533 1221 2588 celeberrima
1235 2534 1279 2588 vir

241 2629 343 2685 Cuvier
362 2627 398 2682 de
419 2626 474 2682 uris
496 2626 535 2680 ita
554 2625 704 2698 loquitur:
728 2650 740 2674 a
760 2625 816 2680 Uri.
835 2624 928 2680 Boeufs
945 2641 1087 2698 sauuages.
1107 2627 1147 2678 La
1165 2627 1278 2698 plupart

240 2722 290 2777 des
306 2719 480 2776 nattualistes
497 2729 617 2792 pensent
633 2737 686 2790 que
699 2718 789 2772 e'ctait
805 2717 929 2773 l’animal
944 2717 1042 2790 appele
1058 2735 1160 2771 encore
1177 2717 1277 2772 urochs

239 2833 277 2868 ou
289 2811 439 2867 ouer-aclis
451 2829 503 2885 par
517 2811 557 2865 les
573 2809 747 2878 Allemand53
760 2809 913 2866 aner-ochra
927 2805 1037 2882 signifie
1054 2808 1135 2864 boeul'
1146 2809 1181 2864 de
1196 2828 1278 2864 mon-

239 2915 323 2978 tagne
336 2925 342 2958 :
357 2905 392 2960 ils
407 2905 507 2979 jugent
522 2904 610 2972 aussi,
626 2921 699 2976 pour
717 2904 743 2957 la
763 2904 889 2975 plupart,
909 2920 963 2976 que
980 2903 1006 2957 le
1023 2902 1106 2956 bison
1129 2902 1165 2957 de
1182 2903 1278 2972 Pline,

239 2994 287 3048 liv.
304 3014 423 3066 v111,c.
447 2997 496 3065 15,
518 2995 625 3050 semble
642 2994 773 3066 indiquer
795 2996 821 3048 le
838 2995 915 3049 biron
937 3005 965 3049 et
984 2995 1065 3049 l’ams
1078 3012 1188 3048 comme
1205 2995 1276 3050 deux

239 3083 363 3156 aspices,
379 3098 407 3142 et
416 3087 465 3158 j’ai
479 3086 631 3142 decouvert
638 3125 648 3151 ‚
666 3104 701 3140 en
718 3085 800 3153 eflet,
815 3086 882 3158 qu’il
891 3105 908 3158 y
917 3103 933 3140 a
943 3103 978 3140 eu
986 3085 1118 3140 autrefois
1127 3105 1162 3140 en
1173 3088 1277 3141 France

239 3177 314 3231 deux
330 3177 439 3248 especes
454 3178 490 3232 de
507 3178 597 3232 boeatfs
612 3195 752 3250 sauvarges.
771 3200 783 3225 υ
797 3179 907 3234 Nomen
920 3177 1109 3250 germanicum
1123 3177 1222 3232 umens
1241 3178 1278 3232 ab

239 3267 391 3324 aaenoclts
406 3280 580 3324 contractum
593 3280 650 3337 est;
665 3269 813 3323 auen-mles
829 3279 921 3325 autem
936 3267 973 3323 ab
988 3267 1072 3335 ecles,
1088 3278 1198 3338 taurus,
1211 3268 1277 3337 bos,

240 3372 352 3429 etcaer,
361 3359 500 3432 adjectivo
510 3360 547 3414 ab
560 3379 627 3427 aaa,
635 3361 774 3432 planities,
783 3379 909 3433 campus,
921 3360 1064 3428 derivato,
1077 3361 1277 3434 compositum,

239 3465 375 3527 sonatque
388 3453 474 3526 igitur
481 3453 662 3526 boragrestis,
672 3461 703 3504 ut
717 3471 784 3506 uras
797 3452 918 3525 explicat
931 3453 1051 3507 Servius.
1066 3453 1199 3507 Errarent
1208 3471 1276 3526 ergo

240 3545 288 3618 qui
306 3564 411 3601 nomen
435 3564 501 3600 uras
518 3564 534 3599 a
555 3543 716 3616 germanico
737 3561 808 3597 aner
831 3544 1022 3610 contractione
1043 3545 1193 3601 sonnatum
1215 3564 1275 3600 esse

240 3637 393 3693 crederent.
404 3638 453 3692 llas
465 3637 526 3693 duae
535 3653 618 3692 voces
628 3635 746 3689 omnino
754 3634 958 3706 significatione
973 3646 1001 3690 et
1013 3637 1123 3710 origiue
1132 3637 1273 3693 differunt.

281 3777 345 3830 Can.
366 3777 491 3831 XXXII.
509 3775 694 3830 Aduaacam.
716 3771 862 3826 Editiones
883 3784 991 3828 veteres
1013 3786 1164 3848 nosterque
1184 3775 1275 3833 codex

240 3870 332 3942 regius
347 3865 551 3938 antiquissimus
562 3864 668 3941 (5763)
678 3865 785 3919 babent
799 3867 841 3918 ad
853 3867 1002 3931 Vaaacam3
1011 3867 1081 3920 alter
1090 3886 1158 3922 vero
1175 3866 1273 3943 (5763)

240 3980 297 4014 non
316 3958 462 4014 deterioris
479 3969 567 4027 notae,
586 3959 772 4012 Aduatucam.
787 3956 903 4012 Ursinus
926 3959 1044 4032 primus,
1062 3969 1088 4013 et
1106 3961 1274 4031 posthunc,
