3014 4780
493 427 544 484 DE
565 425 685 482 naam
705 423 910 482 artmano.
1163 419 1218 480 2⁵3

184 561 368 636 Cothonem
388 579 423 625 sc
437 555 597 624 universae
613 549 838 622 coutulerunt
856 552 965 620 Caesar
988 548 1102 618 eodem
1120 565 1219 620 vento

186 677 450 776 promontorium
460 695 616 767 superare
630 695 699 740 non
717 670 841 764 potuit,
859 680 958 761 atque
974 669 1007 736 in
1023 667 1092 738 salo
1108 669 1142 738 in
1159 693 1219 738 an·

185 801 271 870 ooris
286 822 325 867 ea
344 808 441 868 noete
459 806 697 878 conmoratus,
712 791 821 884 prima
839 787 912 860 luce
930 787 1149 858 Adrumetum
1164 813 1220 858 ec·

185 919 292 1006 cedit,
311 916 422 1008 ibique
436 912 577 982 navibus
589 910 766 994 numanis,
783 931 857 1001 quse
875 921 1078 999 erantextra
1095 908 1224 978 Cotho-

187 1063 279 1127 nem,
300 1033 456 1121 incensis,
475 1030 696 1124 omnibusque
710 1027 846 1122 reliquis
863 1024 936 1096 aliis
956 1041 1013 1130 aaut
1032 1025 1221 1117 subductis,

187 1173 246 1228 aut
265 1159 300 1226 in
318 1153 504 1225 Gothorum
521 1146 717 1244 compulsis,
735 1145 904 1241 paulisper
922 1160 1163 1231 commoretur,
1194 1149 1222 1216 si

187 1279 273 1348 forte
286 1273 409 1346 vellent
425 1271 527 1342 classe
543 1269 716 1355 dimicare,
733 1291 848 1338 rumua
863 1291 900 1336 se
916 1267 1041 1361 recepit
1056 1267 1092 1338 in
1104 1281 1221 1338 casm.

235 1398 355 1467 LXIV.
375 1397 415 1464 ln
434 1415 474 1462 ea
496 1413 581 1462 nave
606 1403 721 1483 captus
745 1403 795 1457 est
811 1391 847 1456 P.
866 1387 1017 1458 Vestrius
1042 1411 1142 1480 eques
1166 1411 1222 1456 ro-

188 1541 323 1601 manus,
342 1529 376 1584 et
394 1516 431 1582 P.
449 1511 602 1606 Ligarius
619 1507 839 1593 Afranianus,
857 1530 957 1601 quem
974 1509 1085 1577 Cesar
1105 1507 1138 1574 in
1155 1509 1225 1576 His·

188 1637 287 1732 pania
300 1657 375 1704 cum
396 1630 530 1724 reliquis
544 1627 729 1712 dimiserau
745 1639 779 1694 et
794 1640 957 1720 postesse
972 1623 1015 1694 ad
1030 1627 1224 1722 Pompeium

187 1754 390 1838 contulerat3
409 1751 487 1821 inde
505 1773 546 1818 ex
564 1746 681 1842 proelio
699 1744 878 1840 effugerat,
897 1745 932 1814 in
950 1743 1161 1838 Africamque
1180 1745 1224 1814 sd

185 1878 317 1946 Varum
333 1884 466 1940 venerat
483 1891 611 1963 equem
628 1867 672 1935 ob
692 1865 875 1960 perjurium
897 1863 1135 1958 perfidiamque
1161 1865 1227 1936 co

191 2017 247 2064 sar
266 1993 364 2086 jussit
379 1989 515 2074 necari;
542 1990 579 2056 P.
594 1986 727 2057 vestris
753 1999 886 2071 autem,
912 1983 1004 2077 quod
1027 1985 1098 2078 ejus
1123 1983 1225 2054 frater

188 2116 307 2182 Rome
322 2109 494 2203 pecuniam
511 2109 706 2201 imperatam
726 2117 977 2209 numeraverat,
995 2117 1028 2172 et
1045 2103 1134 2196 quod
1155 2105 1225 2198 ipse

189 2255 285 2302 suam
308 2251 440 2299 causam
467 2227 587 2300 Caesari
613 2223 824 2320 probaverat,
846 2247 900 2310 ae,
932 2222 1101 2294 aNasidii
1126 2221 1228 2293 classe

190 2363 347 2443 captum,
364 2371 467 2443 quum
483 2344 526 2416 ad
540 2367 655 2414 necem
673 2343 865 2431 duceretur,
882 2341 1043 2414 beneficio
1058 2343 1141 2413 Vari
1157 2364 1227 2414 este

189 2483 375 2556 servatum,
397 2482 509 2563 postea
539 2461 728 2535 facultatem
755 2461 817 2530 sibi
837 2459 962 2532 nullam
989 2459 1099 2532 duam
1122 2477 1226 2532 bans-

190 2589 314 2679 eundi,
332 2590 470 2683 ignovit.

242 2711 346 2780 LXV.
375 2711 436 2778 Est
461 2708 496 2776 in
516 2704 628 2775 Africa
649 2702 857 2772 consuetudo
885 2701 1089 2791 incolarum,
1127 2705 1227 2774 utin
1296 2708 1304 2729 '

192 2819 298 2923 agris,
323 2839 356 2896 et
380 2827 414 2893 in
437 2823 591 2892 omnibus
615 2821 684 2892 fere
706 2819 791 2890 villis
821 2820 989 2892 subterra
1017 2843 1133 2916 specus
1155 2847 1231 2894 oon·

193 2945 295 3016 dendi
319 2942 475 3012 frumenti
496 2942 604 3036 gratia
621 2939 706 3010 clem
725 2940 887 3027 babeant,
911 2953 1011 3033 atque
1033 2939 1067 3008 id
1092 2955 1231 3038 propter

194 3063 282 3134 belle
291 3062 448 3148 maxime,
462 3060 672 3154 hostiumque
689 3059 836 3131 subitum
845 3059 1022 3130 adventum
1033 3075 1230 3154 preparent.

194 3185 274 3272 Qua
291 3181 332 3252 ‹le
345 3204 381 3250 re
400 3184 509 3252 Ceasar
534 3182 655 3250 certior
673 3203 734 3274 per
760 3179 901 3250 indicem
923 3179 1049 3268 factos,
1069 3181 1166 3251 tertia
1185 3182 1232 3250 vi·

196 3299 277 3399 gilla
296 3299 442 3397 legiones
460 3323 486 3370 u
501 3324 578 3370 cum
595 3299 746 3393 equitatu
762 3299 865 3370 mittit
884 3299 927 3369 ab
944 3300 1059 3370 castris
1077 3301 1144 3372 suia
1163 3299 1233 3370 mil·

196 3422 241 3492 lia
259 3445 414 3515 passuum
427 3445 467 3507 x,
478 3435 577 3514 atque
592 3419 669 3488 inde
682 3441 805 3512 magno
821 3441 961 3489 numero
979 3419 1135 3492 frumenti
1147 3445 1234 3492 ouu-

195 3557 266 3622 atos
283 3541 399 3634 recipit
414 3541 449 3610 in
464 3552 580 3608 castra.
600 3537 732 3627 Quibus
753 3538 852 3608 rebus
871 3540 1028 3634 cognitis,
1044 3539 1232 3627 Labienus,

198 3683 391 3756 progressus
410 3683 432 3730 a
451 3659 518 3730 suis
541 3660 656 3729 castris
673 3655 776 3728 millia
792 3681 948 3753 passuum
966 3683 1014 3728 vn
1035 3683 1094 3754 per
1113 3661 1232 3753 jugum

199 3793 233 3880 et
249 3777 383 3868 oollam,
398 3801 456 3872 per
471 3801 569 3871 quern
584 3780 693 3848 Cesar
708 3777 814 3872 pridie
831 3779 893 3848 iter
908 3777 1051 3865 feceret,
1066 3779 1111 3848 ibi
1126 3793 1234 3850 castra

202 3895 342 3966 duarum
360 3894 527 3992 legionum
546 3897 641 3987 facit3
658 3911 759 3990 atque
776 3899 846 3992 ipse
860 3897 1025 3992 quotidie,
1041 3899 1233 3972 existimus

202 4015 366 4089 curem
374 4013 488 4084 eedem
500 4039 585 4108 saepe
600 4015 824 4089 frumentandi
837 4017 1235 4112 grabaoomrueaturnm,
