3038 4766
495 383 546 439 DE
566 383 689 439 BELLO
710 382 825 438 ClVILI
846 383 917 437 LlB.
936 383 959 439 1.
1205 379 1240 437 δι

209 505 269 575 diae
294 505 516 601 relinquatur,
542 531 583 574 ne
609 505 650 574 ad
676 505 831 575 ultimum
861 503 1059 599 supplicium
1088 503 1244 599 progredi

208 649 339 694 necesse
354 624 536 694 habeant.»
555 629 633 694 Haec
647 649 746 718 quam
767 639 876 720 potest
895 624 1126 694 demississime
1146 638 1245 717 atque

208 745 447 838 subjectissime
467 747 614 839 exponit.

255 867 424 934 LXXXV.
443 865 494 936 Ad
511 889 549 934 ea
565 867 676 935 Caesar
687 867 858 961 respondit
874 864 1015 936 :cNulli
1023 867 1173 934 omnium
1185 865 1245 935 has

208 997 318 1078 partes
343 983 393 1052 vel
418 986 650 1078 querimonia,
672 984 724 1055 vel
744 986 981 1069 miserationis,
1002 987 1110 1055 minus
1129 1009 1247 1055 conve·

210 1105 321 1172 nisse:
339 1103 484 1199 reliquos
507 1106 596 1174 enim
623 1129 737 1175 omnes
752 1129 848 1174 suum
872 1105 1020 1175 officium
1038 1107 1245 1200 praestitisse3

209 1249 259 1314 se,
271 1227 327 1320 qui
344 1227 444 1295 etiam
460 1226 548 1294 bons
563 1225 769 1314 conditione,
783 1241 817 1294 et
831 1223 905 1295 loco
921 1240 954 1295 et
970 1240 1119 1320 tempore
1134 1250 1246 1321 aequo,

208 1346 385 1442 confligere
395 1344 557 1432 noluerit,
567 1360 712 1440 utquam
728 1347 938 1440 integerrima
953 1360 1062 1415 essent
1078 1345 1120 1414 ad
1130 1371 1245 1440 pacem

209 1467 340 1554 omnia3
357 1468 538 1536 exercitum
554 1491 666 1554 suum,
679 1468 751 1559 qui,
766 1467 888 1559 injuria
903 1467 1002 1536 ctiam
1017 1481 1151 1560 accepta
1166 1467 1247 1534 ruis·
1319 1484 1322 1492 ’

209 1609 275 1680 que
288 1585 484 1674 interfectis,
503 1611 587 1680 quos
604 1589 639 1654 in
664 1609 724 1655 sua
743 1600 906 1680 potestate
921 1587 1094 1675 habuerit,
1115 1610 1248 1655 conser-

176 1697 184 1716 '
209 1707 295 1774 varit
310 1721 344 1775 et
360 1708 494 1794 texerit;
513 1704 601 1774 illius
621 1704 764 1799 denique
785 1707 946 1774 exercitus
963 1703 1101 1788 milites,
1117 1706 1175 1798 qui
1187 1729 1248 1798 per

210 1823 299 1894 sede
316 1823 521 1895 consilianda
537 1849 619 1920 pace
638 1827 767 1921 egerint
788 1851 796 1894 :
818 1850 884 1918 qua
900 1824 935 1893 in
952 1850 987 1894 re
1003 1827 1154 1894 omnium
1173 1849 1247 1893 suo-

176 1976 182 1988 ·
209 1969 284 2013 rum
307 1946 384 2014 vitre
400 1944 639 2015 consulendum
658 1949 816 2040 putarint.
840 1945 892 2014 Sic
914 1948 1064 2014 omnium
1092 1945 1247 2015 ordinum

210 2079 321 2159 partes
331 2067 366 2134 in
377 2066 602 2135 misericordia
616 2067 802 2135 constitisse
820 2066 930 2159 :ipsos
946 2066 1047 2136 duces
1063 2090 1083 2134 a
1097 2089 1178 2160 pace
1190 2065 1249 2134 ab·

209 2183 377 2254 horruisse
399 2211 407 2254 :
425 2209 482 2254 eos
503 2210 611 2280 neque
626 2184 800 2279 colloquii,
817 2209 925 2279 neque
942 2187 1150 2257 induciarum
1170 2188 1248 2280 jura

209 2327 371 2394 servasse,
391 2320 423 2375 et
439 2306 590 2375 homines
607 2307 792 2399 imperitos,
810 2321 842 2375 et
854 2332 913 2402 per
936 2305 1138 2401 colloquium
1155 2306 1248 2377 dece·

209 2439 283 2517 ptos
299 2424 522 2495 crudelissime
542 2426 751 2496 interfecisse.
767 2428 933 2497 Accidisse
949 2429 1054 2523 igitur
1069 2429 1137 2517 his,
1156 2429 1248 2522 quod

209 2543 403 2639 plerumque
422 2545 613 2615 hominibus
630 2546 732 2615 nirnia
745 2548 927 2640 pertinacia
944 2549 1248 2644 atquearmgantia

209 2664 356 2734 accidere
371 2662 494 2751 soleat,
512 2665 561 2732 uti
582 2687 622 2732 eo
642 2679 836 2752 recurrant,
856 2681 890 2734 et
905 2666 940 2734 id
963 2666 1174 2761 cupidissime
1189 2692 1248 2761 pe·

210 2797 298 2869 tant,
318 2781 408 2875 quod
425 2780 525 2876 paulo
540 2797 617 2850 ante
632 2785 901 2879 contempserint.
919 2786 1037 2878 Neque
1056 2810 1145 2855 nunc
1162 2811 1197 2856 se
1215 2787 1250 2856 il·

209 2899 319 2970 lorum
337 2900 536 2989 humilitate,
556 2925 663 2994 neque
686 2901 797 2996 aliqua
815 2907 970 2999 temporis
998 2909 1249 3000 opportunitate
1363 2921 1365 2926 ’

210 3019 391 3114 postulare,
418 3019 539 3115 quibus
567 3021 666 3092 rebus
691 3039 875 3118 augeantur
895 3049 974 3120 opes
996 3050 1085 3115 sure;
1112 3027 1170 3097 sed
1191 3053 1248 3099 eos

209 3139 393 3224 exercitus,
422 3165 505 3233 quos
527 3155 645 3211 contra
662 3167 696 3212 se
717 3142 839 3214 multos
860 3145 929 3239 jam
955 3171 1061 3217 annos
1088 3146 1247 3236 aluerint,

210 3257 294 3328 velle
308 3257 441 3329 dimitti.
457 3261 574 3356 Neque
588 3262 676 3331 enim
690 3287 747 3332 sex
767 3262 913 3360 legiones
926 3266 990 3336 alia
1008 3267 1049 3335 de
1061 3293 1161 3339 causa
1175 3271 1249 3340 mis·

210 3405 261 3449 sas
276 3381 311 3450 in
326 3382 535 3476 Hispaniam,
555 3383 794 3477 septimamque
810 3385 855 3453 ibi
881 3387 1121 3482 oomcriptam,
1142 3413 1249 3482 neque

210 3514 262 3568 tot
287 3514 460 3594 tantasque
480 3499 599 3572 classes
625 3517 773 3596 paratas,
797 3529 903 3598 neque
924 3507 1103 3576 submissos
1129 3507 1249 3597 duces,

211 3621 258 3688 rei
278 3619 429 3690 militaris
455 3623 602 3716 peritos:
622 3620 704 3691 nihil
729 3623 848 3692 horum
881 3626 923 3695 ad
951 3625 1114 3719 pacandas
1134 3628 1250 3721 Hispa·

212 3742 299 3829 nias,
328 3740 412 3811 nihil
441 3741 483 3811 ad
507 3767 604 3812 usum
633 3745 815 3814 Provincia
839 3747 1029 3840 provisum,
1054 3770 1148 3839 quae,
1171 3771 1249 3841 pro·

213 3875 287 3952 pter
302 3860 553 3934 diuturnitatem
572 3866 684 3958 pacis,
705 3863 836 3936 nullum
859 3867 1018 3937 auxilium
1038 3867 1249 3958 desiderarit;

213 3981 322 4049 omnia
345 3982 413 4053 haec
436 3985 505 4078 jam
539 3985 666 4080 pridem
693 4001 810 4056 contm
833 4011 867 4058 se
897 3989 1026 4082 parari;
1048 3989 1084 4057 in
1110 4013 1145 4059 se
1172 3992 1250 4060 novi

1060 4112 1094 4194 Δ.
