3068 4772
467 381 517 438 DE
538 379 662 438 BELLO
683 381 959 442 unumunurm
1039 441 1045 454 ,
1176 405 1226 464 ¹9¹

206 509 310 578 tectus
320 507 412 576 estin
421 503 606 598 Illyricum,
621 506 868 601 maritimasque
880 507 1055 578 nonnullas
1068 511 1230 600 civitates,

206 649 280 720 ques
301 624 502 712 defecerant,
529 625 734 719 Octavioque
761 648 796 694 se
825 625 1088 717 transdiderant,
1110 632 1230 724 partim

207 744 403 837 recipiebat,
418 745 537 838 partim
556 759 759 815 remanentes
777 743 811 815 in
828 765 889 814 suo
905 744 1043 816 consilio
1059 761 1232 841 prater-vs-
1299 796 1304 805 ·

209 860 509 950 bebatur3necsibi
517 857 614 932 ullius
621 863 667 932 rei
678 887 803 934 moram
816 866 1108 960 necessitatemque
1122 867 1231 961 injun-

208 979 541 1076 gebat,quin,quam
552 979 719 1051 celerrime
729 997 855 1076 posset,
866 985 973 1078 ipsum
983 986 1156 1055 Octavium
1163 1009 1232 1080 per·

207 1112 408 1191 sequeretur.
423 1101 541 1186 Hunc,
554 1115 801 1194 oppugnantem
816 1101 1021 1195 Epidaurum
1032 1117 1119 1172 terra
1132 1105 1231 1172 mari·
1265 1129 1268 1136 ·

208 1217 350 1311 que,ubi
361 1231 548 1288 nostrorum
556 1231 626 1286 erat
635 1217 987 1311 presidium,adventu
996 1245 1057 1291 suo
1066 1219 1232 1292 discedere

209 1335 250 1404 ab
264 1336 507 1432 oppugnatione
526 1337 650 1432 coegit,
668 1338 919 1434 praesidiumque
930 1354 1077 1434 nostrum
1098 1343 1230 1434 recepit.

191 1547 194 1554 Ι
255 1456 358 1524 XLV.
379 1456 558 1544 Octavius,
578 1479 681 1549 quum
700 1458 869 1526 Vatinium
889 1456 1023 1528 classem
1049 1483 1167 1555 magna
1191 1483 1232 1528 ex

209 1585 303 1666 parte
316 1572 498 1644 confectam
516 1597 556 1642 ex
576 1573 733 1644 naviculis
751 1574 903 1645 actuariis
922 1576 1041 1646 habere
1058 1579 1232 1672 cognovis-

210 1706 272 1778 set,
288 1691 430 1762 confisus
446 1717 506 1763 sua
521 1690 636 1780 classe,
653 1694 798 1763 substitit
814 1693 856 1763 ad
874 1693 1015 1764 insulam
1032 1695 1206 1767 Tauridem
1223 1723 1230 1765 :

209 1835 274 1904 qua
300 1812 436 1906 regione
461 1809 615 1881 Vatinius
640 1811 814 1906 insequens
834 1812 1025 1908 navigabam
1050 1837 1118 1882 non
1143 1811 1233 1906 quod

209 1931 385 2000 Octavium
416 1929 462 1999 ibi
489 1929 643 2000 restitisse
669 1931 772 2018 scire,
802 1931 858 2000 sed
881 1930 971 2024 quod
999 1955 1075 2002 eurn
1104 1930 1234 2026 longius

212 2071 422 2142 progressum
431 2048 557 2142 insequi
565 2048 763 2119 decreverat.
773 2051 886 2137 Quum
896 2051 1048 2144 proprius
1056 2051 1233 2120 Tauridem

212 2166 573 2255 accessisset,distensis
583 2169 650 2238 suis
665 2168 821 2257 navibus,
830 2167 921 2262 quod
933 2183 966 2237 et
979 2181 1154 2264 tempestas
1164 2185 1234 2240 erat

211 2283 418 2370 turbulenta,
443 2301 475 2354 et
495 2285 585 2356 nulla
602 2289 743 2381 suspicio
757 2289 879 2371 bostis,
903 2303 1041 2381 repente
1064 2288 1234 2359 adversam

211 2401 254 2472 ad
269 2425 305 2473 se
319 2404 502 2475 venientem
516 2428 650 2495 navem,
664 2407 815 2476 antennis
827 2404 869 2474 ad
885 2405 1030 2476 medium
1044 2405 1166 2476 matum
1178 2407 1235 2477 de·

213 2522 334 2608 missis,
352 2523 544 2594 instructam
562 2523 862 2618 propugnatoribus
880 2522 1119 2594 animadvertit.
1136 2523 1253 2613 Quod,

211 2641 268 2710 ubi
286 2643 473 2736 conspexit,
491 2639 639 2710 celeriter
654 2638 727 2710 vela
743 2637 897 2728 subduci,
913 2639 1106 2734 demittique
1122 2657 1237 2712 anten-

211 2783 271 2829 nas
289 2759 400 2852 jubet,
421 2773 456 2828 et
474 2757 594 2828 milites
613 2759 734 2828 armari
759 2783 768 2827 r
794 2773 845 2847 et,
870 2756 989 2828 vexillo
1008 2757 1151 2843 sublato,
1170 2784 1238 2854 quo

213 2877 382 2972 pugnandi
390 2877 488 2947 dabat
506 2880 738 2972 signumque
754 2880 867 2973 primae
884 2902 983 2948 nares
998 2879 1239 2974 subsequeban-

213 3009 287 3084 tur,
309 2997 395 3066 idem
422 3012 460 3067 ut
475 2995 635 3085 facerent,
657 2997 869 3094 significabat
890 2998 1055 3069 Parabant
1085 3021 1120 3068 se
1147 3003 1240 3070 Vati·

213 3114 319 3202 niani,
345 3129 480 3210 repente
501 3116 649 3210 oppressi
674 3141 683 3185 ε
709 3119 815 3211 parati
835 3117 990 3212 deinceps
1007 3119 1180 3188 Octaviani
1199 3141 1241 3188 ex

213 3246 312 3327 portu
330 3233 559 3328 procedebant.
570 3236 749 3304 instruitur
764 3237 920 3329 utrinque
935 3235 1036 3324 aciem
1048 3235 1165 3307 ordine
1180 3235 1242 3314 diss

213 3353 320 3455 posita
339 3353 443 3448 magis
463 3354 662 3443 Octauiana,
682 3355 828 3448 paratior
851 3351 992 3424 miiitum
1012 3355 1130 3426 animis
1150 3358 1242 3428 vsti-
1320 3437 1323 3444 y

214 3493 323 3542 mana
1237 3497 1240 3504 ’

261 3593 382 3662 xnvt
411 3593 582 3680 Vatinius,
604 3613 706 3688 qaum
733 3593 881 3663 animum
907 3591 1109 3680 adverteret,
1135 3615 1243 3688 neque

216 3709 348 3780 narium
362 3709 647 3808 semagnitudine,
667 3733 774 3806 neque
790 3733 930 3782 numero
944 3733 1058 3806 parem
1074 3733 1160 3800 esee,
1175 3711 1244 3781 tor·

219 3825 311 3894 tuito
330 3827 548 3901 dimicationis
568 3829 708 3902 tonans
731 3853 801 3902 rem
821 3831 1027 3900 committere
1044 3827 1161 3901 noluit.
1180 3833 1245 3900 lta·

217 3965 283 4034 que
297 3945 423 4036 primus
441 3971 500 4017 sua
515 3949 745 4043 quinqueremi
760 3951 794 4018 in
812 3948 1056 4043 quadriremem
1068 3949 1171 4044 ipsius
1183 3953 1245 4019 Oo
