3042 4772
479 409 529 465 ut
551 407 978 468 automedonta
1087 435 1092 442 ¹
1184 411 1235 468 183

213 535 395 616 tumidam,
409 531 534 624 majore
546 556 586 601 ex
603 532 733 610 duobus
746 534 854 627 pueris
872 557 950 630 rege
963 534 1101 620 amisso,
1117 537 1243 608 minori·

208 651 389 724 transdidit
403 673 560 744 regnum,
586 651 768 745 majorique
785 675 824 723 ex
843 651 970 724 duabus
985 651 1076 742 filiis,
1099 651 1235 750 Cleopa-

210 789 287 858 tra,
306 793 379 865 qua
396 783 560 841 manserat
584 770 618 839 in
642 767 706 840 fide
725 769 944 865 presidiisque
960 772 1030 866 ejus
1050 772 1237 844 :minorem

210 891 396 976 Arsinoen,
410 889 509 983 cujus
524 889 657 961 nomine
675 888 732 960 diu
745 913 900 985 regnasse
914 891 1111 986 impotenter
1123 892 1235 985 Gany·

210 1008 329 1080 medan
346 1007 535 1096 docuimus,
559 1006 722 1080 deducere
744 1031 784 1078 ex
817 1033 920 1105 regno
935 1009 1066 1098 statuit,
1098 1033 1140 1080 ne
1171 1033 1237 1104 qua

211 1153 330 1200 rursus
353 1151 439 1209 nora
470 1126 627 1200 dumosio
653 1128 843 1221 priusquam
866 1126 1084 1198 diuturnitate
1117 1128 1238 1200 confir

213 1263 383 1320 murentur
400 1271 515 1341 regum
532 1245 685 1344 imperia,
703 1269 763 1340 per
780 1245 927 1316 homines
942 1246 1112 1318 seditiosos
1130 1272 1239 1320 amoc·

213 1367 636 1463 retoulegionereteruna
651 1377 741 1436 sexta
760 1387 869 1434 aarum
887 1365 1040 1456 reducta,
1052 1380 1180 1440 ceteras
1193 1367 1239 1438 ibi

213 1483 364 1580 reliquit,
376 1509 442 1580 quo
451 1483 577 1556 firmins
594 1496 676 1554 esset
693 1507 807 1554 eorum
825 1507 963 1579 regnum
977 1485 1239 1579 imperiom‚qui

214 1628 320 1700 neque
339 1628 484 1676 amorem
503 1627 636 1673 suorum
665 1601 786 1672 bahem
807 1616 977 1698 poterant,
995 1603 1083 1698 quod
1101 1602 1240 1674 fideliter

213 1737 461 1819 permanserant
481 1724 515 1792 in
528 1721 664 1792 Caesaris
681 1721 842 1808 amicitia;
862 1745 968 1815 neque
988 1723 1160 1807 vetustatis
1177 1746 1238 1792 au·

217 1844 421 1930 ctoritatem,
437 1843 549 1935 paucis
567 1839 682 1908 diebus
698 1863 790 1934 reget
809 1839 978 1910 constituti
991 1863 999 1910 ε
1010 1836 1106 1909 simul
1125 1840 1240 1910 adim·
1352 1879 1355 1884 ·

215 1961 298 2055 perii
310 1961 414 2030 nostri
432 1958 625 2055 dignitatem
644 1954 883 2050 utilitatemque
894 1956 1059 2052 publicam
1077 1961 1240 2052 pertinere

215 2077 437 2164 existimabat,
452 2077 480 2147 si
498 2089 726 2171 permanerent
742 2077 777 2144 in
796 2074 860 2146 fide
876 2099 988 2172 reges,
1008 2076 1165 2170 praesidiis
1182 2101 1238 2148 eos

215 2198 336 2268 nostris
351 2221 421 2268 esse
435 2211 539 2281 tutos;
557 2209 590 2266 et
605 2195 680 2284 hos,
694 2195 721 2264 si
734 2209 840 2264 essent
858 2197 1000 2290 ingrati,
1013 2217 1108 2291 posse
1125 2195 1240 2268 iisdem

215 2315 372 2412 presidiis
387 2315 542 2386 coerceri.
560 2315 614 2384 Sic
631 2313 727 2386 rebus
744 2313 897 2384 omnibus
915 2314 1071 2386 consectis
1087 2329 1121 2384 et
1136 2314 1238 2386 nolio·

215 2436 315 2522 catis,
332 2436 400 2529 ipse
414 2436 531 2504 itinere
548 2434 692 2504 terrestri
704 2431 870 2526 profectus
885 2448 935 2502 est
946 2434 979 2501 in
996 2435 1133 2526 Syriam.

262 2555 418 2626 XXXIV.
445 2557 535 2624 Dum
553 2551 622 2622 hoec
650 2552 684 2620 in
710 2552 852 2644 AEgypto
868 2565 1041 2646 gero-ntur,
1062 2577 1120 2620 rex
1141 2553 1236 2646 Dejo

216 2687 306 2744 tar-us
322 2671 364 2742 ad
384 2670 567 2742 Domitium
585 2667 780 2755 Calvinum,
799 2669 852 2740 cui
873 2671 982 2740 Caesar
1009 2671 1118 2738 Asiam
1142 2670 1241 2740 finiti·

216 2815 351 2884 masque
384 2787 568 2882 provincias
598 2783 871 2856 administrandas
896 2785 1131 2875 transdiderat,
1153 2790 1242 2862 venit

216 2923 363 2994 oratum,
377 2930 419 2975 ne
443 2905 631 2978 Armeniam
654 2904 833 2992 minorem,
862 2927 1000 2999 regnum
1022 2927 1139 2992 suum,
1161 2931 1242 2978 neve

217 3024 477 3120 Cappadociam,
496 3046 634 3118 regnum
653 3021 901 3112 Ariobarzanis,
921 3022 1078 3118 possideri
1105 3028 1242 3098 vastari·

218 3169 282 3240 que
302 3159 469 3240 pateretur
485 3167 505 3213 a
520 3145 688 3214 Pharnace
706 3169 715 3214 ε
732 3168 799 3238 quo
819 3142 907 3215 malo
923 3144 986 3216 nisi
1005 3144 1242 3234 liberarentur,

219 3265 379 3360 imperata
391 3287 426 3334 se
440 3263 559 3349 facere,
572 3265 810 3358 pecuniamque
824 3265 1019 3359 promissam
1036 3267 1157 3338 Casari
1173 3289 1242 3336 non

219 3408 315 3478 posse
334 3381 527 3478 persdlvere.
543 3383 728 3472 Domitius,
744 3407 811 3453 non
825 3397 954 3458 tantum
971 3383 1013 3458 ad
1029 3383 1244 3482 explicandos

218 3517 370 3598 sumptus
394 3503 443 3572 rei
469 3499 617 3572 militaris
632 3525 737 3594 quum
752 3506 923 3597 pecuniam
940 3507 1154 3584 neeessariam
1174 3530 1244 3576 esse

216 3623 392 3716 judicarem
418 3619 475 3692 sed
504 3621 603 3691 etiam
631 3633 729 3715 turpe
757 3622 881 3720 populo
901 3647 1041 3696 romano
1069 3638 1101 3694 et
1124 3626 1244 3704 Caesari

219 3741 353 3828 victori,
379 3739 510 3834 sibique
530 3739 650 3810 infame
677 3765 746 3822 esse
762 3755 939 3831 stuneret,
960 3765 1062 3838 regns
1076 3743 1241 3814 sociorum

220 3873 321 3954 atque
339 3861 518 3932 amicornm
534 3859 575 3928 ab
588 3874 725 3934 externo
742 3885 819 3957 rege
831 3863 1001 3956 oocupari3
1019 3865 1152 3934 nuntios
1166 3887 1245 3934 eon·

220 3976 329 4046 settim
352 3978 394 4050 ad
421 3977 623 4050 Pharnacem
652 3983 757 4070 misit,
789 3983 943 4054 Ameria
971 3984 1244 4079 Cappadociaque
