3026 4768
454 325 505 380 DE
525 325 644 382 BELDO
665 327 828 384 GALLICO
849 329 915 386 LlB.
932 331 966 385 V.
1176 336 1229 394 115

186 442 1230 554 sebeneliciis,plurimumeiconfiteridebere,quodejusopera

187 568 355 662 stipendio
377 567 535 638 liberatus
552 584 652 659 esset,
674 571 764 664 quod
787 573 968 643 Aduatucis
994 576 1143 648 finitimis
1164 585 1231 651 suis

188 687 334 783 pendere
354 703 558 777 consuesset,
575 690 731 784 quodque
751 693 782 760 ei
804 707 838 762 et
858 692 946 764 filius
965 711 999 766 et
1016 696 1127 768 fratris
1143 697 1230 769 filius

187 809 231 878 ab
256 812 384 880 Caesare
403 811 531 879 remissi
553 825 675 898 essent,
693 827 776 905 quos
793 813 973 904 Aduatuci,
992 816 1146 890 obsidum
1165 845 1228 888 nu·

188 953 282 998 mero
299 932 435 1019 missos,
448 930 538 1025 apud
553 954 587 999 se
600 932 634 999 in
651 934 810 1002 servitute
827 949 862 1004 et
882 937 1006 1005 cetenis
1021 941 1227 1010 tenuissent:

190 1073 296 1143 neque
314 1049 363 1135 id,
379 1049 470 1143 quod
489 1049 604 1120 lecerit
627 1050 669 1120 de
685 1055 935 1147 oppugnatione
954 1071 1155 1143 castrorum,
1172 1075 1231 1128 aut

185 1166 312 1261 judicio
334 1183 392 1238 aut
415 1152 586 1240 voluntate
612 1195 672 1240 sua
694 1171 822 1261 secisse,
846 1172 903 1243 sed
928 1191 1046 1246 coactu
1069 1178 1228 1260 civitatis,

188 1313 313 1383 suaque
327 1314 397 1360 esse
411 1289 573 1384 ejusmodi
589 1291 742 1385 imperia,
761 1307 800 1361 ut
816 1319 883 1380 non
901 1296 1013 1368 minus
1027 1296 1165 1368 heberet
1177 1299 1229 1391 ju·

188 1412 234 1479 ris
259 1412 294 1479 in
311 1435 345 1480 se
369 1409 563 1499 multitudo,
583 1435 684 1506 quem
709 1413 779 1505 ipse
803 1415 838 1484 in
856 1413 1116 1488 multitudinem.
1142 1420 1230 1490 Civi-

190 1533 250 1600 tati
266 1557 366 1626 porro
382 1533 470 1602 hanc
486 1531 585 1602 luisse
599 1530 677 1601 belli
693 1521 840 1622 causam,
853 1535 944 1628 quod
956 1538 1137 1630 repentinae
1153 1538 1230 1607 Gal·

190 1651 298 1724 lorum
312 1653 533 1747 conjurationi
547 1653 698 1724 resistere
714 1679 781 1722 nou
794 1655 941 1748 potuerit
957 1679 964 1722 :
984 1655 1017 1723 id
1030 1681 1064 1724 se
1074 1643 1175 1726 'facile
1188 1681 1228 1726 ex

189 1773 377 1843 hnmilitate
396 1797 456 1842 sue
470 1773 611 1866 probare
633 1797 742 1866 posse,
762 1773 856 1868 quod¹
874 1797 942 1842 non
962 1774 1046 1844 adeo
1064 1777 1107 1846 sit
1126 1777 1229 1869 impe·

190 1895 274 1962 ritus
294 1917 420 1981 rerum,
446 1908 485 1961 ut
501 1893 568 1962 suis
588 1891 693 1986 copiis
709 1890 869 1988 populum
886 1917 1062 1964 romanum
1079 1919 1114 1964 se
1134 1921 1228 1989 supe·

108 2095 115 2106 ,
191 2037 266 2086 rare
275 2012 524 2108 posseconfidet
539 2038 548 2082 t
563 2011 620 2082 sed
634 2036 705 2082 esee
715 2011 835 2082 Gallio
848 2027 1024 2083 commune
1036 2013 1226 2096 consilium,

189 2133 345 2202 omnibns
362 2133 511 2202 hibernis
533 2133 670 2204 (noris
693 2133 923 2228 oppugnandis
946 2133 1037 2212 hunc
1064 2159 1133 2204 esse
1160 2135 1228 2206 dic-

192 2268 263 2324 tum
277 2253 380 2342 diem,
393 2278 435 2323 ne
451 2278 517 2347 qua
530 2252 616 2348 legio
630 2251 725 2322 alteri
739 2251 861 2348 legioni
873 2252 1020 2324 subsidio
1034 2257 1146 2324 venire
1158 2279 1229 2350 pos·

191 2389 241 2444 set
258 2401 265 2443 :
281 2399 349 2444 non
369 2373 465 2442 sacile
479 2370 595 2442 Gallos
611 2370 717 2442 Gallis
733 2395 853 2467 negare
870 2374 1032 2465 potuisse,
1047 2377 1227 2467 praesertim

190 2519 295 2588 quum
314 2493 356 2564 de
371 2491 597 2587 recuperanda
617 2493 786 2562 communi
806 2490 957 2562 libertate
972 2491 1146 2561 eonsilium
1165 2494 1228 2560 ini·

191 2627 263 2684 tum
280 2614 458 2684 videretur.
474 2613 605 2701 Quibus
625 2612 783 2705 quoniam
801 2634 863 2705 pro
879 2612 1001 2706 pietate
1016 2609 1228 2698 satisfecerit,

192 2735 312 2805 habere
330 2760 365 2805 se
386 2757 476 2802 nunc
493 2733 656 2801 rationem
676 2731 778 2800 officii
797 2756 859 2825 pro
876 2729 1044 2802 beneficiis
1063 2731 1227 2798 Caeseris:

193 2879 343 2941 monere,
363 2877 459 2925 orere
477 2852 644 2920 Titurium
670 2876 732 2945 pro
753 2851 911 2945 hospitio,
933 2864 970 2919 ut
995 2871 1061 2917 suae
1084 2873 1123 2918 ac
1142 2850 1228 2919 mili·

192 2989 263 3046 tum
279 2974 377 3046 saluti
388 2971 562 3044 consulat:
579 2995 734 3068 magnam
746 2995 882 3042 manum
896 2974 1141 3042 Germanorum
1153 2997 1230 3042 con·

192 3095 326 3167 ductam
346 3095 502 3164 Rhenum
522 3093 691 3179 transisse3
711 3091 797 3162 hanc
817 3091 920 3162 affore
939 3090 1051 3162 biduo.
1075 3093 1229 3188 Ipsorum

192 3242 261 3290 enee
286 3214 478 3304 consilium,
498 3214 645 3284 velintne
665 3213 774 3307 prius,
796 3235 896 3306 quam
916 3211 1048 3285 finitimi
1071 3217 1230 3301 sentiant,

192 3335 327 3407 eductos
353 3361 394 3406 ex
421 3336 569 3405 hibernis
595 3331 715 3401 milites
742 3331 862 3400 autad
883 3333 1079 3404 Ciceronem
1104 3349 1163 3406 aut
1188 3335 1232 3404 ad

191 3458 377 3527 Labienum
396 3455 576 3543 deducere,
595 3476 739 3547 quorum
760 3449 966 3531 altermillia
986 3477 1145 3548 passuum
1165 3457 1231 3524 cir·

192 3577 276 3646 citer
297 3601 336 3664 n,
361 3573 447 3646 alter
467 3573 568 3670 paulo
587 3572 729 3667 amplius
749 3571 791 3640 ab
811 3571 862 3642 his
882 3573 978 3666 absit.
998 3571 1087 3642 lllud
1108 3599 1143 3643 se
1159 3574 1232 3669 pol·

193 3694 303 3783 liceri,
331 3712 365 3765 et
386 3695 568 3790 jurerando
592 3692 810 3781 confirmare,
837 3705 947 3762 tutum
974 3695 1038 3764 iter
1068 3692 1231 3788 perfines

191 3841 268 3886 euos
293 3817 450 3886 daturum
469 3841 477 3885 ε
494 3813 584 3909 quod
606 3836 710 3908 quum
731 3814 847 3904 faeiat,
862 3826 896 3882 et
914 3815 1042 3884 civitati
1060 3841 1130 3887 sese
1152 3837 1231 3885 oon·

192 3934 319 4026 sulere,
340 3937 432 4030 quod
457 3935 604 4004 hibernis
625 3932 769 4022 levetur,
790 3947 822 4003 et
844 3937 967 4010 Caesari
986 3959 1047 4029 pro
1070 3937 1140 4031 ejus
1164 3961 1232 4006 me·

1065 4038 1091 4094 8.
