3050 4772
23 387 26 456 Ι

457 363 509 418 nn
529 363 649 420 numo
668 365 828 421 camino
848 365 915 420 ns.
936 367 984 422 vr.
1186 367 1242 446 159

201 487 347 581 inipetu,
370 489 517 558 militum
544 491 668 558 virtute
694 503 876 558 servantur.
903 494 948 560 At
973 493 996 558 ii
1021 493 1137 584 quiin
1159 495 1243 591 jugo

201 609 432 692 constiterant,
447 608 541 678 nullo
552 611 652 678 etiam
665 634 755 678 nunc
768 633 831 678 usu
845 611 893 678 rei
902 609 1054 680 militaris
1067 629 1241 706 percepto,

201 749 308 820 neque
327 729 362 796 iu
383 753 443 816 eo,
460 728 551 822 quod
568 730 801 822 probaverant,
818 728 957 799 consilio
975 755 1185 825 permanere,
1205 749 1243 803 ut

200 871 234 914 se
255 845 328 916 loco
353 849 523 942 superiore
543 849 778 936 defenderent,
799 875 1018 943 nequeam,
1041 877 1141 946 quam
1163 877 1242 946 pro·

201 967 301 1036 fuisse
323 966 394 1036 aliis
415 969 483 1037 vim
507 968 774 1063 celeritatemque
794 971 958 1059 viderant,
984 973 1106 1042 imitari
1124 987 1242 1067 potue-

201 1101 299 1173 ruut;
322 1087 397 1173 sed,
418 1113 452 1158 se
474 1091 507 1156 in
528 1104 635 1158 castra
655 1091 803 1183 recipere
820 1094 946 1179 conati,
966 1091 1120 1186 iniquum
1141 1094 1176 1162 in
1198 1092 1243 1162 lo·

202 1231 277 1274 cum
301 1206 511 1276 demiserant.
536 1211 770 1295 Centuriones,
792 1235 935 1303 quorum
957 1211 1110 1282 nonnulli
1134 1237 1174 1282 ex
1194 1215 1244 1280 in·

202 1326 385 1398 ferioribus'
396 1328 570 1397 ordinibus
587 1327 788 1422 reliquarum
809 1307 979 1425 legionum
995 1331 1127 1412 virtutis
1144 1357 1242 1402 causa

202 1449 236 1514 in
263 1449 450 1542 superiores
477 1464 574 1517 erant
598 1449 729 1518 ordines
754 1450 852 1544 hujus
876 1450 1014 1545 legionis
1042 1451 1241 1536 transducti,

202 1589 244 1634 ue
264 1581 341 1635 ante
361 1582 490 1661 partam
512 1569 560 1636 rei
581 1567 732 1637 militaris
754 1567 887 1638 laudem
903 1572 1109 1657 amitterent,
1129 1570 1242 1640 fortis·

201 1689 283 1756 sime
309 1701 495 1782 pugnantes
510 1687 739 1770 conciderunt.
756 1687 904 1758 Militum
921 1714 1012 1783 pars,
1033 1691 1154 1758 horum
1174 1691 1242 1758 vir·

202 1821 273 1875 tute
298 1807 459 1876 submotis
479 1806 644 1890 hostibus,
666 1819 785 1901 praeter
800 1832 894 1900 spem
914 1808 1090 1877 incolumis
1112 1810 1147 1876 in
1170 1833 1242 1878 cas·
1272 1787 1274 1790 Ι

202 1941 254 1994 tra
268 1928 433 2018 pervenit;
451 1950 527 2019 pars
544 1951 564 1994 a
579 1926 727 1995 barbaris
747 1928 972 1996 circumventa
988 1929 1096 2021 periit.

247 2049 337 2115 XLI.
367 2049 543 2134 Germani,
574 2046 745 2140 desperata
769 2048 1012 2142 expugnatione
1040 2061 1241 2138 castrorum,

200 2165 290 2260 quod
307 2181 437 2236 nostros
450 2169 519 2260 jam
539 2168 724 2236 constitisse
741 2168 775 2235 in
809 2167 1050 2236 munitionibus
1066 2168 1240 2258 videbant,

201 2311 335 2356 cumea
357 2286 469 2381 praeda
489 2311 590 2380 quam
611 2288 645 2355 in
666 2285 758 2355 silvis
779 2286 1018 2380 deposuerant,
1042 2301 1134 2356 trans
1152 2289 1242 2357 Rbe-

201 2432 283 2474 num
303 2431 377 2476 sese
395 2421 601 2501 receperunt.
621 2413 670 2476 Ac
693 2421 804 2476 tantus
822 2406 886 2475 fuit
904 2408 1005 2474 etiam
1025 2420 1100 2501 post
1122 2407 1242 2476 disces·
1293 2501 1300 2508 q

200 2551 274 2595 sum
301 2528 447 2596 hostium
470 2541 593 2613 terror,
615 2541 653 2594 ut
675 2550 713 2594 ea
736 2541 847 2612 nocte,
867 2550 972 2618 quum
994 2529 1034 2596 C.
1052 2524 1241 2596 Volusenus

200 2649 319 2716 missus
335 2673 412 2718 cum
431 2649 580 2740 equitatu
601 2646 643 2714 ad
660 2658 765 2715 castra
782 2647 942 2734 venisset,
958 2645 1059 2714 fidem
1076 2670 1144 2714 non
1160 2645 1242 2714 face·

200 2780 264 2852 ret,
291 2767 404 2835 adesse
428 2790 505 2834 cum
533 2763 693 2834 incolumi
720 2768 882 2836 Qarem
909 2765 1065 2858 exercitu.
1088 2767 1142 2833 Sic
1169 2789 1241 2832 om-

200 2888 295 2955 nium
320 2887 449 2954 animos
470 2887 570 2953 timor
589 2898 891 2978 preoccupaverat,
917 2898 967 2970 ut,
988 2907 1082 2976 paene
1101 2881 1241 2954 alienata

200 3021 332 3090 mente,
350 3003 467 3074 deletis
486 3005 641 3074 omnibus
661 3004 765 3098 copiis
783 3006 967 3096 equitatum
983 3025 1018 3070 se
1037 3026 1077 3071 ex
1098 3001 1176 3098 fuga
1192 3028 1241 3073 re·

199 3127 340 3220 cepisse,
360 3126 528 3211 dicerent;
549 3149 672 3218 neque,
696 3122 855 3194 incolumi
873 3124 1039 3212 exercitu,
1055 3125 1241 3194 Germanos

199 3260 307 3316 castra
331 3261 582 3342 oppugnaturos
603 3245 720 3331 sitisse,
743 3227 991 3314 contenderent}
1012 3247 1122 3335 Quem
1146 3247 1241 3314 timo·

200 3391 270 3435 rem
289 3368 427 3437 Caesaris
444 3366 605 3435 adventus
622 3362 764 3434 sustulit.

248 3488 354 3556 XLII.
369 3490 533 3554 Reversus
542 3483 615 3572 ille,
628 3497 764 3554 eventus
772 3459 849 3554 belli
860 3510 928 3554 non
938 3488 1109 3580 ignorans,
1120 3504 1240 3572 unum,

202 3605 294 3699 quod
319 3606 473 3676 cohortes
495 3629 536 3674 ex
565 3607 707 3674 statione
731 3622 765 3672 et
791 3605 944 3699 praesidio
968 3620 1076 3675 essent
1100 3605 1240 3692 emissae,

201 3740 336 3818 questus
365 3752 406 3796 ne
436 3727 576 3796 minimo
605 3725 740 3819 quidem
771 3750 847 3794 casu
874 3724 983 3794 locum
1010 3723 1154 3818 relinqui
1181 3726 1240 3795 de·

201 3845 327 3935 buisse‚
346 3846 489 3930 multum
507 3847 676 3916 fortunam
692 3847 727 3914 iu
744 3847 920 3940 repentino
935 3844 1081 3915 bostium
1096 3845 1239 3918 adventu
1274 3825 1275 3839 ἵ

203 3968 348 4058 potuisse
366 3968 543 4061 judicavit,
563 3965 669 4035 multo
687 3968 788 4064 etiam
807 3964 963 4059 amplius,
980 3965 1069 4058 quod
1088 3991 1179 4061 piene
1199 3969 1239 4040 ab
