3050 4772
232 338 287 400 168
386 349 417 404 C.
439 347 535 403 Juut
556 347 720 404 CAESARlS
742 345 1105 404 communetotum

229 479 339 540 neant
357 473 495 540 Duabus
517 471 677 568 Agendici
701 471 886 567 legionibus
905 485 1005 566 atque
1025 466 1265 562 impedimentis

229 590 330 658 totius
346 592 511 661 exercitus
525 591 661 681 relictis,
678 593 720 661 ad
736 593 834 661 Boios
849 589 1080 685 proficiscitur.

276 709 338 778 XI.
351 708 467 780 Altero
483 711 555 801 die,
567 736 672 806 quum
682 711 724 780 ad
735 711 897 806 oppidum
910 713 1080 781 Senonum
1093 706 1269 780 Vellauno
1303 703 1308 712 Χ

229 829 358 898 dunum
383 834 541 918 venisset,
562 857 723 926 nequem
748 847 823 926 post
844 857 880 901 se
897 832 1027 901 bostem
1047 829 1269 923 relinqueret,

228 977 296 1047 quo
317 951 520 1046 expeditiore
537 977 573 1020 re
591 953 809 1022 frumentaria
828 965 992 1038 uteretur,
1008 962 1203 1043 oppugnare
1220 950 1269 1015 in·

229 1073 353 1158 stituit,
372 1071 472 1165 idque
490 1071 594 1141 biduo
613 1065 875 1142 circumvallent
892 1096 899 1138 :
919 1071 1018 1139 tertio
1035 1069 1089 1138 die
1105 1068 1211 1136 missis
1231 1093 1271 1136 ex

229 1191 354 1285 oppido
371 1189 486 1286 legatis
502 1191 544 1260 de
560 1190 741 1281 deditione,
757 1216 848 1261 arma
861 1183 1017 1285 proferri,
1031 1190 1182 1283 jumenta
1195 1213 1272 1281 pro·

231 1310 325 1398 duci,
346 1335 392 1382 nc
414 1311 544 1381 obsides
563 1311 633 1382 dari
651 1314 755 1407 jubet.
774 1317 822 1382 Ea
841 1313 898 1408 qui
919 1310 1112 1398 conficeret,
1132 1310 1170 1378 G.
1193 1311 1271 1378 Tre·

230 1431 370 1500 bonium
389 1431 534 1526 legatum
559 1432 716 1527 relinquit
735 1460 743 1502 τ
763 1434 850 1528 ipse,
871 1447 910 1502 ut
928 1455 1028 1525 quem
1046 1431 1190 1524 primurn
1209 1429 1269 1495 iter

230 1551 424 1640 conficeret,
443 1553 621 1621 Cenabum
642 1557 827 1624 Carnutum
850 1551 1087 1647 proficiscitur3
1107 1551 1182 1640 qui,
1202 1563 1270 1616 tum

231 1673 379 1766 primum
403 1670 503 1742 allato
529 1675 649 1743 nuntio
675 1673 716 1742 de
740 1671 988 1767 oppugnatione
1008 1667 1275 1750 Vellaunoduni,

231 1817 336 1885 quum
355 1790 487 1887 longius
504 1817 578 1862 earn
594 1819 665 1863 rem
685 1793 822 1862 ductum
840 1793 881 1860 iri
898 1792 1144 1872 existimarent,
1160 1785 1267 1881 praesi·

232 1910 342 1999 dium,
357 1913 488 1982 Genabi
497 1912 613 1982 tuendi
627 1937 736 2000 causa,
753 1911 843 2006 quod
855 1937 894 1981 eo
910 1913 1095 1996 mitterent,
1106 1929 1274 2001 compara·

232 2031 324 2099 bant.
342 2034 416 2100 Huc
429 2015 532 2100 biduo
546 2033 696 2126 pervenit
713 2058 721 2100 ε
738 2033 854 2101 castris
873 2045 950 2100 ante
966 2029 1127 2124 oppidum
1144 2027 1274 2122 positis,

166 2227 169 2231 ,
234 2147 300 2217 diei
318 2163 468 2244 tempore
489 2149 653 2239 exclusus,
673 2152 707 2218 in
726 2164 895 2246 posterum
913 2150 1197 2243 oppugnationem
1214 2146 1275 2214 dif-

234 2265 316 2357 lert,
339 2293 479 2364 queque
507 2269 549 2339 ad
569 2295 642 2339 earn
661 2295 731 2340 rem
753 2272 829 2338 usui
847 2271 913 2339 sint
932 2267 1093 2338 militibus
1113 2269 1273 2361 imperat,

234 2403 281 2476 et,
301 2389 392 2484 quod
404 2390 564 2485 oppidum
576 2391 752 2459 Genabum
769 2415 852 2484 pons
869 2390 1015 2458 fluminis
1030 2388 1159 2482 Ligeris
1173 2388 1276 2455 conti·

234 2509 350 2596 nebat,
371 2511 496 2580 veritus
522 2535 565 2578 ne
594 2524 696 2578 noctu
722 2533 762 2578 ex
787 2507 912 2606 oppido
936 2508 1168 2603 profugerent,
1194 2507 1276 2576 duas

235 2611 381 2725 legiones
407 2631 441 2698 in
468 2630 570 2698 armis
601 2630 763 2700 excubare
786 2630 891 2723 jubet.
918 2629 1147 2715 Cenabenses,
1177 2624 1276 2721 paulo

235 2761 311 2817 ante
329 2748 473 2818 mediam
490 2763 621 2818 noctem
641 2747 773 2822 silentio
792 2773 833 2817 ex
849 2748 974 2843 oppido
991 2749 1130 2843 egressi,
1152 2747 1276 2814 llumen

236 2869 378 2938 transire
399 2883 582 2964 coeperunt
609 2871 686 2959 Quo
711 2893 747 2936 re
772 2893 832 2962 per
852 2867 1078 2963 exploratores
1104 2867 1276 2950 nuntiata,

235 2985 346 3052 Caeser
367 2984 512 3078 legiones
537 3011 619 3083 quas
640 2987 809 3080 expeditas
831 3011 900 3056 esse
918 2987 1079 3079 jusserat,
1097 2987 1202 3079 portis
1225 2987 1278 3055 in-

235 3103 361 3190 censis,
382 3103 590 3197 intromittit,
614 3121 714 3201 atque
734 3107 859 3201 oppido
880 3105 1022 3199 potitur,
1044 3106 1217 3198 perpaucis
1237 3127 1276 3172 ex

236 3223 382 3291 hostium
406 3245 546 3291 numero
568 3226 759 3296 desideratis
783 3227 865 3319 quin
891 3224 1003 3293 cuncti
1031 3223 1097 3289 vivi
1124 3245 1278 3315 cuperen-

236 3360 308 3428 tur,
333 3341 424 3436 quod
447 3343 560 3436 pontis
584 3357 682 3435 atque
704 3349 862 3417 itinerum
884 3342 1044 3440 augustie
1069 3339 1277 3409 multitudini

236 3464 350 3559 fugam
375 3460 640 3533 intercluserunt
652 3480 655 3490 ’
667 3465 839 3557 Oppidum
861 3465 978 3558 diripit
997 3477 1097 3556 atque
1116 3458 1278 3547 incendit,

238 3582 382 3678 praednm
400 3580 560 3651 militibus
578 3580 695 3670 donat,
716 3586 897 3654 exercitum
913 3585 1060 3677 Ligerim
1076 3579 1278 3669 transducit,

238 3718 337 3794 atque
354 3703 388 3770 in
405 3701 594 3795 Biturigum
608 3699 689 3769 fines
705 3703 865 3794 pervenit

285 3809 362 3890 XII.
379 3820 649 3914 Vercingetorix,
663 3820 719 3888 ubi
734 3819 775 3888 de
789 3821 927 3890 Cnseris
943 3821 1088 3892 adventu
1105 3825 1279 3918 cognovit,

238 3927 489 4033 oppugnatione
510 3937 649 4028 desistit,
673 3951 771 4031 utque
800 3939 932 4012 obvium
953 3943 1073 4013 Caesuri
1100 3942 1280 4037 proficisci·
