3014 4780
291 347 347 404 add
467 349 497 404 C.
516 341 615 404 JULH
634 347 801 406 CAESARIS
820 341 1016 408 ΟΟΜΜΕΝΤ.
1038 351 1149 407 LIBER

290 473 399 568 pionis
416 473 519 566 copiis
535 457 725 568 prostratis,
739 474 926 568 passimque
944 489 1013 543 toto
1028 498 1145 568 campo
1162 473 1327 568 fngienti-

290 593 370 680 bus,
382 591 554 660 confestim
565 571 701 660 Caesnris
716 589 860 686 legiones
876 595 1050 687 consequi,
1067 594 1328 687 spatiumquese

196 709 197 717 '
291 737 358 782 non
377 711 456 782 dore
485 709 668 805 colligendi.
690 713 759 802 Qui
779 729 952 807 postquam
972 713 1015 783 ad
1034 737 1071 782 ea
1099 727 1226 799 castra,
1245 737 1327 807 qnae

290 832 464 927 petebant,
483 831 721 926 perfugerunt,
741 847 798 920 ut,
818 833 945 902 refectis
963 834 1097 920 castris,
1116 857 1230 902 rrrrsus
1249 857 1328 902 sese

291 951 519 1039 defenderent,
540 949 658 1020 ducem
684 950 826 1044 aliquem
846 954 1035 1046 requirunt,
1055 976 1154 1045 quem
1179 954 1328 1046 respice-

291 1087 386 1159 rent,
413 1073 507 1164 cujus
527 1071 724 1140 auctoritate
745 1072 951 1166 imperioque
973 1096 1043 1140 rem
1070 1087 1229 1167 gererent.
1250 1073 1326 1161 Qui

291 1205 465 1284 postquam
483 1190 785 1260 animadverterunt
803 1193 967 1259 neminem
989 1215 1059 1259 esse
1076 1191 1122 1258 ibi
1141 1190 1325 1285 praesidio,

293 1313 463 1404 protinus,
482 1313 580 1379 ermis
598 1312 752 1404 abjectis,
771 1311 805 1378 in
824 1312 912 1404 regia
931 1324 1036 1380 castra
1056 1309 1168 1404 fugere
1183 1326 1324 1379 conten-

293 1415 387 1499 dunt.
402 1431 479 1518 Quo
492 1444 665 1524 postquam
678 1445 916 1525 pervenerunt,
930 1453 968 1498 ea
985 1453 1119 1522 quoque
1130 1429 1171 1498 ab
1180 1433 1198 1498 J
1201 1428 1324 1498 ulianis

296 1550 398 1618 teneri
415 1548 538 1618 vident.
561 1550 744 1644 Desperata
764 1547 888 1635 salute,
900 1549 932 1616 in
951 1548 1095 1642 quodam
1113 1545 1196 1617 colle
1214 1549 1325 1616 consi·

295 1683 403 1754 stunt,
415 1683 534 1761 atque,
551 1672 652 1737 armis
664 1667 827 1756 demissis,
841 1667 1068 1737 salutationem
1085 1691 1177 1735 ruore
1188 1665 1323 1735 militar-i

294 1787 428 1856 faciunt.
444 1789 577 1876 Quibus
591 1788 717 1856 miseris
734 1812 772 1856 ea
787 1811 838 1856 tes
853 1786 1116 1881 parvopraesidio
1132 1785 1213 1854 fuit:
1231 1811 1324 1854 nam-

295 1928 360 1998 que
380 1905 498 1976 milites
517 1908 684 1994 vetereni,
706 1908 752 1974 ira
777 1922 810 1974 et
828 1905 942 1975 dolore
960 1906 1100 1993 incensi,
1121 1930 1188 1974 non
1205 1905 1322 1994 modo,

295 2038 333 2090 nt
351 2041 522 2116 parcerent
546 2024 654 2108 hosti,
674 2049 740 2092 non
762 2038 915 2118 poterant
932 2023 1071 2110 adduci,
1091 2024 1264 2093 sedetiam
1284 2049 1321 2093 ex

295 2167 356 2210 suo
383 2143 527 2212 exercitu
552 2140 693 2212 illustres
716 2143 884 2230 urbanos,
904 2167 987 2236 quos
1011 2157 1163 2213 auctores
1182 2141 1322 2237 appella

294 2262 397 2350 bant,
413 2260 599 2355 complures
615 2277 672 2330 aut
688 2260 920 2350 vulnerarunt,
937 2276 994 2331 aut
1009 2263 1246 2330 interfecerunt
1262 2289 1270 2330 :
1288 2263 1319 2329 in

297 2405 364 2474 quo
383 2403 521 2450 numero
537 2383 601 2450 fuit
624 2381 752 2452 Tullius
778 2381 904 2468 Rufus,
923 2383 1134 2474 quaestorius,
1152 2382 1228 2474 qqi,
1255 2379 1322 2474 pilo

203 2497 231 2550 Γ
297 2501 493 2594 transjectus
510 2499 661 2572 consulto
681 2527 700 2570 a
726 2500 846 2587 milite,
869 2501 1021 2570 interiit:
1044 2501 1122 2570 item
1146 2500 1321 2594 Pompeius

299 2622 428 2709 Rufus,
440 2621 614 2691 brachium
628 2621 738 2716 gladio
750 2645 943 2716 percussus,
957 2621 1020 2690 nisi
1036 2617 1187 2690 celeriter
1200 2618 1241 2689 ed
1256 2623 1322 2689 Cae·

297 2765 403 2810 sarem
425 2740 682 2828 adcucurrisset,
703 2741 894 2811 interfectus
915 2755 1008 2810 esset.
1028 2741 1107 2830 Quo
1132 2740 1220 2809 facto
1239 2761 1322 2808 com·

296 2857 409 2954 plures
425 2863 552 2954 equites
571 2861 700 2928 romani
719 2874 952 2953 senatoresque
971 2860 1136 2953 perterriti
1154 2883 1194 2927 ex
1210 2854 1322 2952 proelio

298 3005 332 3048 se
356 2995 566 3074 receperunt,
585 3003 627 3049 ne
649 3003 669 3046 a
689 2976 863 3066 militibus,
884 2980 941 3072 qni
960 3003 1000 3046 ert
1025 2993 1115 3047 tanta
1138 2977 1274 3048 victoria
1289 2973 1323 3042 li·

298 3098 440 3167 centiam
456 3097 516 3165 sibi
530 3099 780 3192 assumpsissent
796 3097 1010 3168 immoderate
1027 3097 1204 3192 peccandi,
1221 3099 1323 3188 impu·

299 3215 409 3284 nitatis
429 3231 565 3309 propter
584 3217 740 3286 maximas
757 3242 809 3286 res
830 3230 936 3311 gestas
953 3240 1030 3310 spe,
1049 3217 1112 3310 ipsi
1130 3239 1264 3309 quoque
1283 3216 1325 3280 in·

299 3335 537 3406 terficerentur.
559 3339 676 3430 Itaque
695 3339 719 3405 ii
744 3363 859 3406 omnes
883 3337 1046 3430 Scipionis
1069 3333 1204 3418 milites,
1223 3357 1324 3424 quum

298 3454 394 3525 fidem
413 3457 534 3526 Coesari
550 3456 782 3550 implorarent,
799 3457 1000 3548 inspectante
1016 3450 1088 3546 ipso
1099 3455 1244 3531 Caesare,
1261 3463 1325 3520 eta

298 3575 457 3646 militibus
476 3574 691 3670 deprecante,
710 3577 756 3645 eis
782 3577 830 3644 uti
850 3585 1039 3668 parcerent,
1059 3569 1100 3638 ad
1125 3593 1228 3637 unum
1249 3584 1324 3638 sunt

299 3695 469 3766 interfecti.

348 3819 536 3887 Lxxxvr.
568 3821 677 3888 Caesar
701 3813 795 3882 trinis
826 3811 941 3882 castris
973 3814 1119 3907 potitus,
1148 3811 1323 3906 occisisque

298 3935 442 4006 hostium
457 3961 478 4004 x
494 3935 653 4024 millibus,
668 3935 854 4028 fugatisque
870 3932 1116 4029 compluribus,
1134 3957 1168 4002 se
1187 3933 1322 4025 recepit,
