3048 4770
456 350 506 405 DE
526 349 647 407 BELLO
670 353 833 409 GALLICO
854 357 922 412 Lm.
940 360 961 414 1.
1175 351 1212 407 33

195 475 355 560 cessisset,
376 499 414 543 ac
435 473 570 544 liberam
592 477 830 570 possessionem
852 477 970 548 Gaiiiae
992 480 1054 548 sibi
1072 482 1223 554 tradidis-

189 611 251 682 set,
280 617 404 687 magno
431 617 465 662 sc
489 592 581 662 iilum
601 595 738 689 praemio
761 614 1063 686 remuneraturum,
1081 615 1113 670 et
1138 627 1225 696 quaa·

190 737 321 804 cunque
333 711 419 782 bella
433 717 502 808 geri
519 711 632 800 vellet,
649 717 720 783 siue
736 715 806 786 uilo
821 719 891 811 ejus
903 716 1015 787 labore
1030 733 1062 787 et
1076 721 1224 812 periculo

191 831 427 904 confecturum.
445 863 462 896 a

238 954 338 1020 XLV.
351 953 458 1023 Multa
475 956 516 1024 ab
533 958 661 1025 Caesare
680 958 713 1024 in
731 981 802 1026 eam
819 959 1015 1027 sententiam
1030 958 1116 1027 dieta
1133 975 1224 1044 sunt,

192 1091 291 1158 quare
315 1076 447 1166 negotio
475 1074 633 1144 desistere
658 1101 724 1144 nou
749 1091 873 1168 posset,
897 1092 963 1144 «et
988 1101 1095 1170 neque
1115 1103 1224 1166 suain,

191 1211 294 1280 neque.
319 1191 434 1286 populi
461 1196 588 1263 romani
614 1195 888 1264 consuetudinem
914 1197 998 1288 pati,
1022 1199 1070 1298 uti
1099 1199 1224 1292 optime

189 1308 323 1378 meritos
337 1313 442 1381 socios
456 1312 619 1383 desereret
638 1342 645 1382 :
665 1333 772 1408 ue'que
786 1339 820 1382 se
830 1315 995 1407 judicare,
1012 1314 1156 1385 Galliam
1169 1344 1225 1413 po-

188 1427 253 1495 tius
273 1453 343 1500 esse
361 1432 533 1522 Ariovisti,
556 1459 656 1528 quam
679 1432 792 1527 populi
814 1435 953 1502 romani.
979 1433 1070 1504 Bello
1091 1461 1225 1530 supera-

189 1559 239 1615 tos
260 1573 329 1618 esse
357 1555 505 1620 Avernos
525 1568 559 1620 et
579 1557 727 1622 Rutenos
744 1577 764 1620 a
781 1553 824 1640 Q.
846 1552 947 1622 Fabio
967 1555 1135 1641 Maximo,
1153 1559 1226 1648 qui-

187 1667 248 1736 bus
273 1670 416 1764 populus
440 1696 597 1740 romanus
621 1673 813 1766 ignovisset,
836 1695 941 1763 neque
961 1673 995 1738 in
1021 1675 1225 1764 provinciam

185 1789 380 1884 redegisset,
400 1815 507 1882 neque
527 1791 727 1884 stipendium
741 1791 959 1882 imposuisset.
977 1790 1079 1879 Quod
1097 1793 1123 1860 si
1140 1795 1225 1861 anti·

186 1909 383 2003 quissimum
409 1909 565 2002 quodque
587 1923 718 2002 tempus
741 1910 881 2003 spectari
902 1923 1085 2003 oporteret,
1109 1911 1224 2005 popuii

184 2032 317 2101 romani
329 2032 547 2124 justissimum
560 2052 630 2098 esse
641 2031 675 2096 in
685 2027 795 2098 Gallia
809 2030 983 2123 imperium
1001 2054 1009 2096 :
1027 2031 1053 2098 si
1061 2031 1223 2123 judicium

184 2166 319 2222 senatus
332 2150 502 2218 observari
512 2162 694 2242 oporteret,
707 2148 844 2218 liberam
856 2149 976 2218 debere
985 2175 1054 2220 esse
1063 2148 1223 2239 Galliam,

184 2295 287 2366 quarn
304 2268 391 2339 bello
407 2270 530 2337 vietam
550 2269 616 2336 suis
635 2267 760 2360 legibus
779 2270 829 2338 uti
844 2267 1013 2338 voluisset.
1030 2299 1046 2334 n

234 2393 355 2460 XLVI.
382 2392 472 2459 Dum
489 2388 557 2456 haec
573 2389 608 2455 in
628 2385 794 2479 colloquio
811 2402 988 2482 geruntur,
1004 2391 1125 2458 Caesari
1141 2415 1224 2458 nun-

183 2514 305 2580 tiatum
322 2524 387 2594 est,
399 2511 526 2601 equites
546 2507 703 2576 Ariovisti
721 2509 857 2600 propius
872 2506 1037 2576 tumulum
1052 2509 1223 2596 accedere,

182 2647 219 2698 et
239 2629 282 2697 ad
299 2644 428 2696 nostros
444 2629 652 2720 adequitare,
666 2624 790 2719 lapides
808 2626 939 2720 telaque
953 2629 987 2695 iu
1002 2639 1132 2696 nostros
1146 2653 1224 2697 con·

181 2751 299 2842 jicere.
315 2749 424 2815 Caesar
441 2744 597 2837 loquendi
620 2745 720 2813 finem
738 2745 834 2829 fecit,
856 2769 955 2838 seque
974 2745 1016 2814 ad
1037 2772 1112 2816 suos
1131 2773 1223 2817 rece·

183 2871 252 2963 pit,
269 2865 402 2958 suisque
419 2865 607 2956 imperavit,
625 2864 767 2958 nequod
786 2866 923 2934 omnino
940 2864 1042 2935 telum
1060 2869 1094 2935 iu
1111 2868 1222 2940 hostes

184 2988 372 3080 rejicerent.
393 2985 479 3052 Nam
499 2985 560 3052 etsi
582 2983 652 3051 sine
671 2982 741 3051 uilo
763 2982 910 3076 periculo
931 2983 1068 3079 legionis
1089 2986 1223 3058 delectae

181 3131 260 3174 cum
279 3107 428 3200 equitatu
448 3101 601 3198 proelium
623 3103 693 3171 fore
712 3104 862 3192 videbat,
885 3119 993 3174 tamen
1013 3107 1223 3175 committen-

181 3225 266 3293 dum
290 3250 358 3295 non
379 3224 532 3319 putabat,
554 3236 606 3310 ut,
623 3222 726 3316 pulsis
747 3224 912 3312 hostibus,
934 3225 999 3295 dici
1020 3242 1145 3320 posset,
1164 3253 1220 3297 eos

181 3345 225 3413 ab
246 3370 280 3413 se
296 3344 470 3438 perfidem
495 3345 528 3411 in
548 3340 715 3435 colloquio
729 3345 980 3414 circumventos.
1002 3349 1218 3439 Posteaquam

181 3465 219 3532 in
241 3463 360 3558 vulgus
381 3463 524 3532 militum
544 3459 669 3530 elatum
688 3476 753 3550 cst,
774 3487 839 3556 qua
859 3466 1045 3559 arrogantia
1063 3467 1096 3532 in
1116 3464 1219 3534 coilo·

183 3585 265 3677 quio
283 3585 470 3653 Ariovistus
490 3604 582 3667 usus,
604 3583 696 3650 onmi
716 3581 826 3653 Gallia
851 3584 1009 3654 Romanis
1031 3583 1235 3653 interdixis·'

183 3717 250 3787 set,
268 3704 496 3796 impetumque
512 3701 546 3768 in
562 3716 693 3770 nostros
704 3704 775 3796 ejus
793 3705 920 3796 equites
936 3703 1103 3786 fecissent,
1115 3725 1218 3794 eaque

183 3820 449 3916 rescolloquium
463 3838 502 3891 nt
519 3820 719 3908 diremisset,
737 3822 842 3891 multo
861 3823 966 3914 major
983 3819 1135 3891 alacritas
1152 3837 1219 3890 stn-

184 3939 342 4033 diumque
360 3941 530 4035 pugnandi
550 3941 656 4036 majus
672 3943 828 4010 exercitui
846 3941 1001 4033 injectum
1021 3957 1080 4010 est.

330 4085 351 4128 ι.
1053 4059 1073 4126 3
