3020 4768
274 371 309 429 tn
427 366 457 420 C.
475 365 572 420 JULll
594 362 757 418 crustata
779 361 1140 421 unumunurmottuu

206 471 215 483 μ
258 491 367 590 'queri
386 513 502 584 agmen
521 488 563 558 ad
581 487 731 556 dextram
755 502 1012 582 conspexerunt,
1029 489 1161 582 jamque
1177 490 1301 581 primos

230 659 237 671 .
272 611 792 704 superas-eregionemcastrorum
801 609 950 676 animum
963 607 1302 692 adverterunt,ncmo

272 744 343 798 erat
359 728 442 798 adeo
463 726 574 796 tardus
594 741 652 795 aut
667 727 795 820 fugiens
811 724 948 812 laboris,
966 729 1047 820 quin
1063 727 1173 796 statim
1188 729 1302 796 castris

228 921 232 932 ,
272 847 457 918 exeundum
486 861 584 939 atque
608 845 849 915 occurrendum
875 861 1038 940 putarent.
1070 845 1303 917 Conclamatur

272 968 314 1036 ad
345 991 454 1053 arma,
482 981 581 1059 atquc
612 990 724 1034 omnes
755 968 878 1060 copiae,
906 969 1021 1063 paucis
1048 966 1201 1059 praesidio
1225 965 1301 1036 reii-

273 1089 334 1156 ntis
352 1087 557 1174 cohortibus,
571 1098 872 1179 exeunt,rectoque
888 1085 930 1162 ad
944 1086 1076 1155 Iberum
1092 1085 1209 1154 itinere
1224 1109 1303 1154 oon·

274 1204 422 1275 tendunt.

321 1329 425 1395 LXX.
459 1331 541 1396 Erat
569 1328 603 1396 in
629 1325 795 1396 celeritate
827 1349 924 1395 omne
955 1328 1097 1420 positum
1122 1342 1303 1415 certamen,

274 1446 340 1514 utri
362 1447 453 1539 prius
470 1447 636 1540 angustias
654 1459 847 1539 montesque
863 1463 1066 1538 occuparent
1084 1471 1092 1515 ε
1112 1447 1168 1516 sed
1185 1449 1305 1516 exerci-

274 1583 343 1635 tum
364 1567 500 1636 Caesams
522 1566 648 1636 viarum
668 1563 874 1634 difficultates
893 1565 1085 1653 tardabant3
1106 1566 1232 1636 Afranii
1250 1591 1305 1635 co·

274 1690 344 1781 pias
363 1689 527 1781 equitatus
544 1687 680 1757 Caesaris
699 1687 874 1779 insequens
893 1687 1093 1755 morabatur.
1110 1692 1177 1757 Res
1195 1702 1303 1756 tamen

275 1805 317 1874 ab
330 1806 516 1877 Afranianis
532 1807 598 1875 huc
616 1821 687 1875 erat
701 1807 883 1874 necessario
895 1805 1051 1894 deducta,
1067 1820 1121 1893 ut,
1135 1808 1162 1875 si
1180 1807 1304 1901 priores

276 1939 420 2012 montes,
441 1951 524 2020 quos
542 1925 709 2019 petebant,
736 1926 939 2018 attigissent,
965 1927 1026 2019 ipsi
1046 1925 1230 2019 periculum
1255 1929 1305 1994 vi·

276 2059 400 2129 tarent,
428 2038 661 2138 impedimenta
697 2045 799 2112 totius
828 2046 989 2114 exercitus
1012 2045 1245 2138 cohortesque,
1271 2048 1304 2116 in

276 2165 391 2232 castris
407 2163 554 2246 relictus,
577 2186 707 2231 servare
726 2165 1099 2258 nonpossen13quibus
1121 2163 1306 2236 interclusis

276 2283 420 2351 exercitu
448 2283 585 2352 Cosanis
612 2280 770 2350 auxilium
796 2282 873 2351 ferri
897 2281 987 2352 nulla
1012 2285 1139 2352 ratione
1166 2297 1305 2377 poterat.

242 2417 244 2425 ’
277 2403 431 2476 confecit
452 2405 544 2498 prior
565 2405 626 2472 iter
641 2407 766 2490 Caesar,
781 2418 879 2497 atque
895 2428 934 2472 cx
951 2407 1077 2499 magnis
1091 2405 1230 2498 rupibus
1246 2431 1307 2474 na·

277 2539 349 2594 ctus
376 2523 565 2618 planitiem,
592 2525 627 2592 in
655 2523 717 2592 hac
735 2537 852 2592 contra
874 2525 1003 2594 hostem
1034 2525 1137 2593 aciem
1158 2526 1303 2594 instruit.

278 2644 448 2731 Afranius,
466 2667 569 2737 quum
588 2643 630 2712 ab
650 2644 798 2737 equitatu
822 2646 1033 2714 novissimum
1052 2670 1168 2740 agmen
1184 2671 1309 2739 preme·

278 2779 379 2852 retur,
392 2779 509 2833 etanta
522 2787 556 2831 se
565 2763 691 2831 hostem
706 2763 848 2853 videret,
861 2764 978 2835 collem
987 2765 1163 2861 quemdam
1173 2779 1306 2852 nactus,

278 2884 322 2951 ibi
341 2885 496 2954 constitit.
517 2885 568 2950 Ex
585 2906 625 2950 co
639 2881 712 2950 loco
728 2899 871 2977 quatuor
887 2899 1086 2954 cetratorum
1104 2886 1255 2956 cohortes
1272 2885 1306 2951 in

279 3017 438 3085 montem,
454 3004 511 3096 qui
530 3016 601 3070 erat
621 3003 656 3069 in
682 3018 860 3096 conspeetu
882 3005 1029 3096 omnium
1052 3004 1306 3085 excelsissimus,

279 3121 388 3188 mittit.
407 3097 506 3188 Hunc
523 3144 645 3216 magno
658 3145 756 3190 cursu
771 3123 950 3190 concitatos
963 3123 1059 3214 jubet
1075 3147 1255 3218 occupare,
1267 3147 1308 3190 eo

277 3239 429 3326 consilio,
446 3253 482 3308 ut
502 3243 572 3332 ipse
590 3239 703 3310 εοάεπι
722 3243 875 3310 omnibus
893 3243 996 3336 copiis
1011 3242 1243 3331 contenderet,
1260 3256 1307 3328 ct,

279 3373 407 3429 mutato
419 3359 553 3444 itinere,
566 3360 654 3454 jugis
670 3365 866 3456 Octogesam
878 3361 1072 3454 perveniret.
1088 3365 1186 3430 Hunc
1203 3383 1307 3452 quum

279 3478 414 3573 obliquo
441 3479 558 3546 itinere
585 3483 701 3550 cetrati
720 3494 886 3576 peterent,
910 3480 1117 3575 conspicatus
1144 3481 1308 3573 equitatus

279 3600 431 3687 casaris,
450 3600 485 3668 in
504 3598 656 3668 cohortes
674 3601 834 3692 impetum
853 3598 930 3667 facit
946 3625 953 3666 :
972 3623 1031 3669 nac
1046 3598 1215 3667 minimam
1233 3621 1309 3692 par·

279 3732 345 3786 tem
362 3719 518 3812 temporis
535 3720 684 3811 equitum
707 3719 773 3785 vim
798 3718 914 3786 cetrati
932 3719 1093 3787 sustinere
1113 3731 1309 3812 potuerunt,

278 3859 476 3929 omnesque,
494 3836 601 3905 abeis
620 3837 855 3924 circumventi,
876 3839 909 3906 in
929 3853 1106 3932 conspectu
1135 3839 1309 3932 utriusque

279 3955 441 4025 exercitus
459 3954 709 4078 interficiuntur.
