3060 4768
301 440 357 495 268
483 437 621 525 C.JUL11
643 437 803 494 CAESARIS
824 437 1149 493 communalem

301 566 453 656 ejecerat,
474 575 601 629 etanta
621 573 750 654 portam
771 558 925 629 Bellicam
945 561 1059 627 castris
1077 558 1228 651 fossaque
1246 583 1321 652 par·

301 679 377 750 vula
406 679 564 748 duntaxat
586 681 764 766 munierat,
789 679 900 772 ibique
918 677 1072 746 custodiis
1094 676 1322 764 circumdatis,

268 868 270 870 ,
301 802 448 870 habitare
463 814 616 893 coegerat
632 825 640 866 :
658 812 807 866 senatum
820 811 928 864 autern
944 795 1057 890 oppidi
1074 795 1223 877 custodia
1236 811 1322 864 tene-

300 920 367 988 bat.
381 903 502 990 Eorum
514 911 620 988 casira
635 918 657 984 ii
671 917 794 1010 equites
810 914 916 984 adorti
934 938 1123 1009 expugnare
1135 931 1321 1008 ooeperunt,

302 1038 375 1107 ideo
393 1037 481 1131 quod
499 1061 555 1105 eos
571 1035 719 1129 partibus
736 1036 872 1104 Caesaris
892 1033 1007 1103 lavisse
1024 1033 1188 1118 sciebant,
1207 1048 1259 1120 ut,
1275 1035 1323 1106 eis

303 1157 502 1241 interfectis,
516 1180 630 1224 eorum
647 1154 790 1246 pernicie
805 1151 952 1221 dolorem
967 1177 1062 1222 suurn
1079 1150 1323 1225 ulciscerentur.

301 1278 489 1360 Uticenses,
509 1275 619 1344 animo
638 1271 750 1342 addito
777 1297 816 1340 ex
837 1273 973 1342 Cesaris
992 1271 1143 1362 victoria,
1161 1273 1324 1367 lapidibus

301 1395 507 1490 fustibusque
519 1393 650 1484 'equites
671 1390 872 1486 repulerunt.
892 1393 1011 1486 ltaque
1034 1408 1243 1486 posteaquam
1267 1419 1322 1462 ca-

301 1527 367 1582 stra
389 1537 455 1580 non
473 1525 648 1605 potuerant
664 1511 919 1606 potiri,Uticam
936 1537 970 1580 se
988 1512 1022 1580 in
1042 1513 1200 1606 oppidum
1218 1514 1325 1606 conje-

290 1645 441 1716 cerunt,
464 1645 563 1727 atque
587 1629 633 1702 ibi
657 1630 778 1700 multos
806 1633 977 1700 Uticenses
1004 1631 1254 1718 interfecerunt,
1269 1631 1326 1702 do·

303 1777 438 1848 mosque
459 1777 575 1821 eorum
599 1763 869 1846 expugnaverunt
889 1774 930 1820 ac
950 1748 1166 1843 diripuerunt
1191 1751 1325 1839 Quibus

303 1897 406 1966 quum
429 1875 512 1942 Cato
535 1870 729 1964 persuadere
751 1867 841 1938 nulla
865 1870 993 1938 ratione
1018 1869 1141 1960 quiret,
1161 1884 1198 1937 ut
1217 1893 1326 1939 secum

304 1993 462 2086 oppidum
485 1987 715 2072 defenderent,
733 2003 765 2056 et
787 1987 875 2057 caede
901 1989 1089 2080 rapinisque
1114 1985 1328 2074 desisterent,

304 2125 351 2194 et,
370 2109 451 2201 quid
467 2110 528 2178 sibi
547 2107 686 2185 vellent,
706 2107 819 2191 sciret,
837 2105 986 2174 sedandae
1004 2128 1119 2173 eorum
1138 2107 1329 2200 importuni·
1392 2155 1394 2159 ,

304 2229 379 2298 tatis
398 2229 504 2319 gratia
521 2223 656 2319 singulis
673 2226 728 2292 Hs
745 2247 765 2293 o
781 2223 899 2291 divisit.
919 2222 1010 2291 ldern
1027 2221 1114 2318 Sylla
1130 2227 1269 2293 Faustus
1286 2223 1330 2292 se·

305 2349 371 2431 cit,
389 2369 426 2414 ac
441 2345 481 2412 de
500 2369 557 2412 sua
579 2342 717 2437 pecunia
730 2323 875 2435 largitus
892 2355 940 2410 est
959 2367 966 2408 :
988 2365 1118 2434 unaque
1136 2367 1211 2411 cum
1233 2344 1272 2411 iis
1288 2343 1330 2412 ab

209 2498 212 2506 ·
305 2465 402 2534 Utica
420 2463 654 2556 proficiscitur,
672 2475 771 2554 atque
789 2461 823 2529 in
841 2483 980 2553 regnum·
995 2462 1041 2528 ire
1059 2461 1236 2530 contendit

352 2583 570 2650 LXXXVIII.
592 2578 785 2673 Complures
807 2579 935 2648 interim
958 2605 996 2647 ex
1016 2579 1094 2673 fuga
1111 2582 1240 2650 Uticam
1260 2605 1332 2674 per-

305 2703 452 2768 veniunt.
479 2701 572 2788 Quos
596 2713 708 2768 omnes
731 2701 815 2768 Cato
835 2713 1050 2787 convocatos,
1071 2725 1136 2767 nna
1154 2725 1229 2769 cum
1246 2725 1330 2789 ccc,

306 2821 363 2912 qui
376 2822 550 2913 pecuniam
561 2817 707 2912 Scipioni
721 2816 762 2886 ad
777 2816 899 2886 bellurn
911 2817 1095 2887 faciendum
1104 2819 1331 2906 contulerant,

306 2939 458 3034 bortatur
468 2987 477 3022 ,
489 2950 526 3005 ut
536 2938 668 3006 servan
681 2938 968 3024 manumitterent,
983 2937 1205 3031 oppidumque
1224 2939 1333 3008 defen·

307 3055 432 3124 derent.
460 3056 614 3140 Quorum
636 3074 738 3146 quum
762 3070 887 3146 partem
915 3056 1087 3144 assentire,
1111 3072 1238 3150 partem
1262 3061 1335 3127 ani·

307 3197 396 3243 mum
418 3188 626 3265 mentemque
645 3175 851 3267 perterritam
874 3189 972 3267 atque
995 3175 1028 3267 in
1054 3174 1165 3269 fugam
1190 3176 1334 3246 destina·

308 3309 375 3362 tam
389 3293 510 3362 habere
521 3290 748 3376 intellexisset,
767 3291 906 3385 amplius
921 3291 963 3361 de
978 3317 1017 3362 ea
1034 3317 1175 3388 reagere
1191 3294 1332 3382 destitit,

309 3434 471 3504 navesque
489 3411 527 3480 iis
541 3411 711 3499 attribuit,
723 3425 758 3478 ut
771 3462 781 3495 ,
800 3413 832 3479 in
847 3421 928 3504 quas
941 3413 1079 3506 quisque
1092 3427 1199 3507 partes
1215 3411 1334 3500 vellet,

307 3530 577 3626 proficisceretur.
591 3532 689 3622 Ipse',
704 3531 858 3598 omnibus
878 3530 976 3598 rebus
994 3529 1242 3624 diligentissime
1257 3557 1335 3601 con·

311 3652 450 3737 stitutis,
467 3648 578 3720 liberis
593 3649 659 3718 suis
675 3651 712 3718 L.
728 3651 869 3735 Caesari,
883 3649 941 3742 qui
958 3664 1027 3717 tum
1045 3651 1075 3719 ei
1091 3675 1153 3744 pro
1171 3665 1334 3744 questore

309 3771 433 3854 suerat,
457 3768 708 3856 commendatis,
735 3784 768 3838 et
787 3770 857 3836 siue
885 3769 1089 3862 suspicione,
1112 3751 1206 3840 v'ultu
1234 3785 1335 3864 atque

310 3869 555 3982 sermone,'quo
566 3889 734 3981 superiore
750 3903 898 3980 tempore
911 3912 990 3960 usus
1003 3889 1124 3976 luunt,
1139 3913 1243 3983 quum
1262 3889 1337 3959 dor·

310 4009 425 4076 mitum
441 4009 539 4096 isset,
560 4007 682 4078 ferrum
702 4009 791 4076 intro
808 4005 892 4078 clam
914 4009 947 4077 in
968 4007 1155 4079 cubiculum
1174 4007 1269 4095 tulit,
1289 4024 1338 4076 at·
