3014 4780
414 729 470 838 C.
498 733 678 836 JULII
715 732 1013 837 CAESARIS

267 1024 1159 1164 COMMENTARIORUM

415 1328 479 1394 DE
504 1329 665 1395 BELLO
689 1328 1005 1397 HISPANIENSI

572 1595 703 1648 LIBER
724 1595 850 1650 UNUS.

634 1852 791 1871 *-

197 2135 223 2200 l.
253 2075 456 2202 Pnannsca
474 2147 652 2227 superate,
667 2132 778 2204 Africa
793 2149 938 2229 recepta,
957 2137 1013 2228 qui
1029 2159 1068 2203 ex
1086 2134 1125 2202 iis
1143 2159 1229 2228 proe-

198 2249 250 2319 tiis
275 2275 350 2319 cum
369 2251 572 2321 adolescente
595 2255 657 2322 Cn.
680 2255 838 2349 Pompeio
861 2255 1099 2349 profugissent,
1124 2279 1227 2347 quum

199 2384 233 2436 et
251 2370 426 2440 Ulterioris
443 2375 609 2466 Hispaniae
627 2379 751 2467 potitus
768 2389 870 2457 esset,
890 2373 968 2442 dum
988 2376 1097 2442 Caesar
1117 2371 1250 2443 mune·⁸

196 2490 289 2559 ribus
310 2489 426 2560 dandis
445 2490 484 2559 in
513 2491 608 2561 Italia
627 2491 811 2579 detinetur,
826 2517 892 2585 quo
921 2493 1049 2562 facilius
1075 2494 1228 2587 presidia

195 2625 314 2678 contra
341 2584 546 2704 compararet
574 2611 763 2702 Pompeius,
791 2610 825 2677 in
852 2609 947 2677 fidem
970 2614 1228 2706 uniuscujusque

196 2730 339 2798 civitatis
360 2729 536 2822 confugere
554 2729 662 2821 coepit.
693 2731 744 2796 Ita
765 2729 884 2821 partim
907 2728 1077 2822 precibus,
1107 2733 1228 2822 partim

197 2849 249 2934 vi,
273 2845 355 2916 bene
375 2871 493 2938 magna
513 2861 702 2938 comparata
722 2871 838 2934 manu,
857 2849 1067 2917 Provinciam
1086 2863 1226 2920 vastare.

196 2965 329 3054 Quibus
347 2965 381 3033 in
401 2965 498 3034 rebus
524 2963 691 3034 nonnullae
711 2968 860 3034 civitates
887 2992 946 3036 sua
972 2983 1090 3061 sponte
1109 2968 1230 3038 auxilia

197 3085 394 3174 mittebant,
415 3087 491 3154 item
511 3083 676 3154 nonnullae
696 3101 808 3180 portas
831 3101 946 3156 contra
972 3086 1160 3158 eludebant.
1180 3094 1231 3158 Ex

196 3205 319 3298 quibus
347 3207 373 3273 si
403 3229 468 3297 qua
495 3203 617 3298 oppida
637 3205 668 3271 vi
686 3221 836 3298 ceperat,
858 3230 960 3299 quum
984 3205 1103 3300 aliquis
1125 3232 1165 3277 ex
1192 3233 1230 3277 ea

197 3325 331 3395 civitate
357 3325 479 3417 optime
511 3323 551 3392 de
579 3327 640 3394 Cn.
658 3325 817 3416 Pompeio
846 3326 981 3394 meritus
1015 3328 1096 3395 civis
1124 3342 1229 3414 esset,

196 3456 335 3542 propter
360 3443 506 3537 pecuuiae
537 3442 796 3537 magnitudinem
831 3443 941 3537 aliqua
967 3447 996 3512 ei
1027 3445 1231 3516 inferebatur
1335 3512 1340 3526 ,

195 3588 314 3650 causa,
334 3579 389 3649 ut,
413 3587 454 3631 eo
473 3562 513 3631 de
535 3561 643 3631 medio
662 3560 810 3650 sublato,
831 3565 952 3655 exejus
969 3566 1108 3656 pecunia
1127 3562 1229 3632 latro·

197 3709 278 3754 num
299 3682 429 3778 largitio
446 3681 547 3751 fieret.
568 3685 617 3750 Ita
634 3681 746 3774 paucis
762 3683 942 3752 commodis
962 3683 1056 3752 hoste
1078 3685 1231 3774 hortatu,

197 3806 337 3896 majores
359 3803 565 3896 augebantur
588 3804 700 3897 copiae.
728 3802 782 3871 Ob
805 3803 869 3871 boc
897 3803 1020 3872 crebris
1047 3805 1173 3873 nuntiis
1196 3806 1231 3874 in

198 3918 327 3989 Italiam
348 3922 473 4005 missis,
489 3924 638 3992 civitates
663 3923 835 3992 contrariae
852 3923 1009 4017 Pompeio
1026 3923 1148 3992 auxilia
1169 3924 1232 3993 sibi

200 4039 463 4135 depostulabant.

1036 4166 1088 4238 18.
