3060 4768
522 423 573 478 na
592 419 717 478 nunno
739 421 944 480 srnrcano.
1192 427 1248 498 249

210 553 355 649 prediti,
384 549 636 646 promptiusque
656 544 901 642 prosiluissent,
920 559 997 616 ante
1014 569 1048 616 se
1070 561 1250 617 concursu-¹

210 699 281 758 ros,
299 671 502 766 propiusque
517 691 553 738 se
575 689 775 738 accessuros.
796 669 892 760 Equo
915 667 1178 753 circumvectus,
1199 665 1247 736 le·

212 796 392 892 gionesque
409 790 614 876 cohortatus,
629 789 723 884 signo
734 787 1005 874 dato,accessum
1022 785 1169 856 bostium
1186 811 1247 856 au·

212 912 423 1007 cupabatur:
445 911 513 1004 ipse
527 910 615 978 enim
635 932 653 976 a
672 909 739 1024 suis
760 905 1000 976 munitionibus
1024 905 1154 1002 longius
1179 931 1248 978 non

212 1033 282 1102 sine
291 1032 418 1100 ratione
429 1053 495 1099 non
507 1027 722 1123 procedebat,
733 1025 823 1120 quod
838 1028 873 1095 in
888 1026 1013 1122 oppido
1026 1027 1147 1116 Uzitae,
1157 1027 1249 1122 quod

213 1151 324 1244 Scipio
343 1149 495 1237 tenebat,
519 1148 664 1218 hostium
683 1159 778 1214 erant
799 1147 952 1216 cobortes
971 1161 1121 1231 armatam
1142 1145 1249 1218 eidem
1365 1147 1369 1155 ’

214 1283 323 1340 autem
341 1269 464 1364 oppido
481 1267 523 1336 ad
539 1267 692 1336 dextrum
713 1264 798 1335 latus
818 1266 889 1361 ejus
902 1289 1006 1336 cornu
1024 1280 1096 1336 erat
1117 1268 1251 1362 opposi-

213 1403 303 1478 tum;
319 1389 577 1481 verebaturque,
597 1409 655 1473 ne,
671 1387 698 1454 si
722 1399 970 1479 pretergressus
997 1401 1098 1476 esset,
1128 1411 1169 1458 ex
1192 1411 1251 1482 op-

214 1507 293 1602 pido
310 1508 485 1602 eruptione
503 1505 605 1590 facta,
622 1506 665 1575 ab
685 1504 785 1574 latere
800 1528 876 1574 eum
898 1505 1005 1576 adorti
1027 1506 1250 1580 conciderent.

214 1629 374 1697 Praeterea
391 1627 461 1696 bec
475 1652 607 1721 quoque
624 1651 699 1696 eum
713 1649 812 1696 causa
829 1624 992 1714 tardavit,
1011 1625 1101 1721 quod
1121 1643 1190 1696 erat
1207 1625 1252 1696 lo·

213 1771 272 1816 cus
297 1745 433 1840 quidam
458 1745 693 1840 perimpeditus
715 1759 792 1814 ante
818 1746 921 1813 aciem
948 1747 1122 1840 Scipionis,
1151 1771 1250 1841 quem

214 1865 281 1934 suis
296 1865 531 1958 impedimento
540 1863 580 1934 ad
592 1863 680 1934 ultro
694 1863 936 1936 occurrendum
950 1863 1021 1934 fore
1032 1867 1250 1938 existimabat.

263 1985 352 2052 LIX.
375 1985 451 2052 Non
477 1983 622 2053 arbitror
645 2009 715 2053 esse
738 1982 1074 2077 pretermittendum,
1095 1987 1253 2079 quemad·

216 2103 353 2174 modum
376 2105 537 2172 exercitus
561 2103 732 2198 utriusque
758 2104 882 2173 fuerint
906 2106 938 2173 in
965 2106 1070 2174 aciem
1088 2107 1251 2176 instructi.
1366 2196 1371 2206 Ι

216 2225 326 2318 Scipio
338 2224 402 2292 hoc
412 2223 512 2292 modo
529 2225 632 2294 aciem
647 2223 766 2293 direxit
781 2223 987 2295 :collocabat
1007 2200 1041 2293 iu
1052 2225 1162 2294 fronte
1177 2249 1253 2296 suas

216 2360 249 2415 et
262 2345 353 2414 Jubae
370 2341 513 2437 legiones
533 2368 541 2412 ε
563 2359 677 2439 postea
694 2359 804 2413 autem
820 2344 984 2416 Numidas
1003 2348 1037 2415 in
1056 2343 1253 2416 subsidiaria

217 2466 287 2534 acie
305 2465 349 2532 ita
368 2477 577 2550 extenuatos,
591 2477 625 2534 et
638 2464 672 2532 in
689 2463 930 2556 longitudinem
947 2462 1106 2551 directos,
1121 2481 1159 2534 ut
1179 2491 1253 2559 pro·

217 2585 270 2656 cul
289 2581 428 2678 simplex
446 2605 515 2654 esse
535 2585 621 2652 acies
636 2580 743 2650 media
760 2583 802 2649 ab
818 2579 1009 2675 legionariis
1028 2581 1187 2654 militibus
1203 2587 1253 2652 vi·

126 2725 129 2738 ·
218 2703 369 2787 deretur,
390 2703 424 2769 in
440 2702 595 2769 cornibus
616 2715 726 2768 autem
752 2697 873 2793 duplex
900 2725 970 2768 esse
994 2701 1253 2772 existimabaturr

218 2822 425 2916 Elephantos'
437 2819 554 2890 dextro
567 2819 766 2912 sinistroque
780 2844 885 2889 cornu
899 2817 1136 2910 collocaverat,
1152 2847 1257 2918 taqua·

219 2940 305 3011 libus
332 2940 418 3007 inter
436 2963 495 3008 eos
525 2935 706 3008 intervallis
725 2938 904 3033 interjectis
931 2955 1036 3034 :post
1059 2953 1170 3010 autem
1194 2941 1257 3012 ele·

219 3061 378 3154 phantos‚
393 3073 577 3128 armaturas
590 3057 678 3128 leves
699 3059 927 3152 Numidasque
937 3061 1151 3130 substituerat
1165 3063 1257 3131 auxi-

220 3175 326 3246 liares.
361 3179 555 3271 Eqmtaturn
588 3175 754 3248 frenatum
780 3179 970 3248 universum
993 3179 1028 3248 in
1057 3203 1117 3250 suo
1140 3181 1256 3250 dextro

219 3321 326 3368 cornu
342 3296 566 3392 disposuerat3
587 3297 756 3368 sinistrum
771 3299 860 3368 enim
882 3325 987 3370 cornu
1016 3300 1140 3395 oppido
1159 3304 1256 3373 Uzita

219 3415 455 3504 claudebatur,
478 3441 584 3510 neque
610 3419 847 3512 eratspatium
871 3419 1036 3513 equitatus
1060 3419 1256 3514 explicandi.

220 3539 381 3606 Praeterea
399 3536 562 3607 Numidas
571 3535 717 3631 lavimue
733 3552 908 3607 armaturae
926 3538 1089 3608 infinitam
1106 3539 1256 3610 multitu·

221 3654 334 3726 dinem
353 3656 392 3726 ad
405 3655 554 3727 dextram
570 3671 698 3752 partem
712 3681 778 3728 suae
791 3659 872 3728 aciei
887 3673 1105 3754 opposuerat,
1125 3659 1193 3730 fere
1207 3663 1258 3730 in·

222 3775 357 3869 terjecto
378 3799 446 3846 non
462 3778 571 3846 minus
588 3801 616 3848 ra
632 3801 790 3873 passuum
807 3781 929 3872 spatio;
948 3780 1037 3848 etad
1056 3778 1149 3850 collis
1169 3779 1258 3849 radi·

103 3890 106 3900 '
222 3913 277 3960 ces
295 3899 398 3990 magis
416 3893 606 3991 appulerat,
625 3897 823 3993 longiusque
838 3899 879 3968 ab
900 3899 1164 3972 adversariorum
1179 3902 1261 3971 suis·
1332 3930 1338 3942 ·

223 4033 287 4103 que
303 4015 406 4108 copiis
421 4029 630 4108 promoverat
647 4039 657 4084 τ
676 4015 710 4084 id
727 4018 791 4088 boc
807 4017 961 4108 oonsilio,
979 4035 1032 4110 ut,
1051 4045 1155 4118 quum
1174 4023 1260 4092 acies
