3068 4772
504 401 555 456 DE
576 399 700 456 BELLO
721 399 1010 458 ALExInnnmo.
1220 353 1284 460 165*
1366 409 1371 422 '

243 524 420 596 multitudo
440 523 682 618 oppidanorum
702 525 736 591 in
755 537 851 628 parte
869 525 1028 612 Caesaris,
1048 550 1147 619 quam
1167 528 1272 598 domi·

240 645 326 717 ciliis
353 646 499 738 ipsorum
520 667 588 712 non
609 657 775 730 moverat,
796 643 884 736 quod
904 666 942 714 ea
963 669 997 712 se
1017 644 1145 716 fidelem
1164 645 1272 742 palam

244 764 363 836 uostris
381 787 451 832 esse
466 760 657 847 simulabat,
670 775 702 829 et
716 760 919 832 descivissea
934 765 1001 832 suis
1012 763 1198 852 videbatur3
1213 783 1271 855 ut,

242 885 270 952 si
286 881 367 952 milri
386 878 580 950 defendendi
602 894 710 950 essent
728 878 960 968 Alexandrini,
978 883 1066 975 quod
1084 909 1189 979 neque
1211 884 1272 954 tat-

242 1000 328 1070 laccs
346 1013 473 1085 essem,
490 1023 597 1092 neque
616 1001 801 1083 temerarii,
821 999 924 1071 multa
943 1002 1049 1076 oratio
1073 1002 1195 1072 frustra
1215 1003 1273 1074 ab·

242 1133 436 1190 sumeretur.
455 1119 568 1210 Quum
588 1142 664 1188 vero
689 1143 756 1190 uno
778 1133 926 1213 tempore
946 1135 978 1188 et
997 1122 1087 1190 natio
1105 1145 1220 1190 eorum
1239 1139 1272 1192 et
1291 1107 1293 1112 ¹

242 1253 361 1308 natura
377 1252 604 1333 cognoscatur,
622 1239 828 1331 aptissimum
842 1262 910 1308 esse
930 1239 993 1308 hoc
1009 1263 1112 1334 genus
1131 1241 1173 1310 ad
1191 1265 1270 1336 pro·

243 1355 424 1442 ditionem,
440 1379 538 1424 nemo
553 1353 705 1425 dubitare
724 1369 840 1450 potest

291 1477 381 1544 VIII.
399 1477 510 1544 Caesor
528 1495 663 1545 suorum
683 1476 836 1575 timorem
855 1474 1078 1548 consolatione
1095 1493 1128 1548 et
1144 1479 1272 1548 ratione

242 1593 422 1662 minuebat.
440 1596 527 1663 Nam
544 1587 680 1687 «puteis
696 1593 789 1662 fossis
813 1618 931 1687 uquam
957 1595 1086 1666 dulcem
1106 1621 1200 1691 posse
1220 1623 1272 1666 re·

241 1713 342 1806 periri
363 1711 549 1781 affirmabat
572 1713 713 1781 :omnia
739 1715 825 1781 enim
851 1712 948 1782 litora
966 1713 1160 1784 naturaliter
1179 1740 1272 1808 aquae

242 1829 347 1902 dulcis
375 1854 473 1899 venas
496 1830 629 1903 hebere.
650 1829 750 1919 Quod
772 1832 799 1902 si
820 1830 884 1901 alia
908 1832 1117 1920 essctlitoris
1139 1837 1270 1928 aegyptii

242 1963 377 2035 natura,
403 1964 502 2042 utque
530 1952 679 2018 omnium
704 1947 927 2043 reliquorum,
956 1965 1087 2039 tamen,
1114 1955 1271 2046 quoniam

208 2051 212 2059 ¹
244 2091 334 2136 mure
360 2067 463 2136 libere
486 2081 657 2156 tenerent,
676 2092 781 2163 neque
802 2070 911 2139 hostes
935 2067 1071 2140 classem
1091 2071 1269 2156 haberent,

243 2187 411 2280 prohiberi
434 2211 504 2256 sese
530 2211 599 2258 non
622 2212 735 2281 posse,
760 2212 827 2282 quo
848 2191 957 2258 minus
978 2189 1127 2284 quotidie
1150 2215 1269 2283 aquam

242 2305 381 2375 navibus
404 2319 573 2400 peterent,
592 2304 644 2376 vel
662 2331 681 2376 a
701 2308 832 2376 sinistra
851 2323 943 2402 parte
961 2332 980 2377 a
997 2309 1200 2395 Paratonio,
1218 2309 1270 2379 vel

241 2449 261 2492 a
277 2423 391 2494 dextra
408 2425 450 2494 ab
468 2423 591 2513 insula3
610 2449 683 2518 quae
700 2424 836 2494 diversae
855 2427 1079 2522 navigationes
1100 2453 1269 2523 nunquam

242 2567 310 2613 uno
328 2559 475 2638 tempore
490 2543 634 2613 adversis
648 2545 755 2614 ventis
771 2543 1058 2637 praecluderentur.
1078 2549 1175 2641 Fuge
1190 2570 1270 2615 vero

241 2661 370 2733 nullum
382 2685 450 2732 esse
463 2659 636 2732 consilium
652 2685 719 2730 non
732 2659 838 2730 solum
856 2662 915 2748 iis,
932 2664 989 2755 qui
1007 2665 1148 2757 primam
1168 2663 1271 2758 digni·

242 2794 342 2850 tatem
364 2781 539 2867 haberent,
562 2779 619 2849 sed
641 2803 682 2847 ne
706 2781 743 2848 iis
762 2778 915 2874 quidem,
938 2781 996 2874 qui
1016 2780 1271 2874 nihil,praeter·

242 2922 343 2992 quam
362 2898 509 2985 devita,
528 2885 713 2992 cogitarent
725 2923 739 2970 ,ε
756 2921 877 2993 magno
897 2899 1030 2994 negotio
1047 2902 1188 2994 impetus
1210 2901 1271 2970 ho·

241 3019 341 3085 stium
351 3017 504 3087 adversos
515 3041 556 3087 ex
566 3017 807 3108 munitionibus
818 3019 989 3108 sustineri,
1002 3020 1122 3112 quibus
1134 3005 1271 3107 relictis,

241 3159 302 3204 nec
322 3132 396 3205 loco
413 3160 473 3208 nec
491 3161 630 3206 numero
646 3161 742 3231 pares
759 3161 827 3208 esse
845 3162 941 3231 posse
959 3165 968 3208 ε
987 3129 1140 3233 magnam
1160 3153 1269 3208 autem

239 3278 368 3324 moram
384 3269 419 3324 ct
434 3252 662 3325 difficultatem
678 3277 850 3326 ascensum
863 3259 896 3324 in
912 3280 1010 3326 naves
1029 3257 1169 3345 habere,
1187 3281 1270 3351 pre·

239 3375 351 3444 sertim
369 3399 410 3444 ex
425 3375 554 3469 scaphis
571 3401 579 3442 ε
595 3399 759 3444 summam
775 3399 845 3444 esse
858 3390 974 3445 contra
990 3377 1024 3445 in
1040 3374 1269 3446 Alexandrinis

239 3493 448 3564 velocitatem
485 3492 697 3588 locorumque
711 3509 746 3564 ct
758 3493 973 3565 edificiorum
989 3497 1141 3566 notitiam
1163 3521 1171 3562 :
1191 3494 1269 3582 hos,

240 3615 404 3708 praecipuc
430 3615 465 3682 in
487 3615 626 3683 victorio
648 3612 847 3701 insolentes,
873 3636 1114 3707 precursurus,
1139 3627 1171 3681 et
1197 3611 1268 3680 loca

132 3711 135 3716 ¹
238 3730 414 3803 excelsiore
430 3747 529 3827 atque
545 3732 680 3802 edificia
692 3748 911 3828 occupaturos
925 3756 934 3816 ;
956 3733 1001 3800 ita
1021 3731 1098 3826 fuga
1113 3731 1268 3799 navibus·

238 3873 302 3940 que
317 3865 448 3922 nostros
462 3852 688 3944 prohibituros
707 3875 715 3920 t
736 3852 875 3946 proinde
894 3851 965 3944 ejus
986 3850 1115 3919 consilii
1135 3846 1267 3918 oblivis·

239 3981 508 4062 communesque
517 3973 607 4037 omni
617 3972 745 4040 ratione
761 3969 1268 4064 essevinceudumcogitarent.»
