3020 4768
479 407 530 462 DE
549 405 674 462 nmo
694 407 808 464 clvttt
831 407 902 462 Llll.
924 407 945 463 1.
1195 412 1230 476 tt
1301 490 1302 498 ἵ

250 535 367 604 Lxxt.
387 535 465 602 Erat
481 532 611 600 occasio
627 531 710 600 bene
724 530 874 625 gerendae
891 533 949 600 rei.
968 535 1083 626 Neque
1102 559 1180 604 vero
1198 539 1242 607 id.

204 657 364 723 Caesarem
380 650 537 744 fugiebat,
554 664 645 718 tanto
663 651 724 720 sub
741 649 846 720 oculis
861 665 996 745 accepto
1014 651 1232 742 detrimento,

204 771 415 866 perterritum
439 769 616 838 exercitum
640 771 800 838 sustinere
824 794 891 838 non
916 794 1028 864 posse,
1051 777 1230 867 praesertim

204 891 443 960 circumdatum
464 888 609 983 undique
625 867 794 983 equitatui,
811 915 913 983 quum
934 893 967 960 iu
986 890 1058 961 loco
1075 917 1169 987 aequo
1188 910 1234 964 at·

205 1036 269 1103 quc
286 1024 401 1103 aperto
413 1008 646 1104 confligeretur
662 1035 670 1077 ε
689 1009 788 1102 idque
804 1035 843 1078 ex
859 1011 1012 1080 omnibus
1029 1013 1178 1107 partibus
1192 1015 1232 1083 ab

206 1155 245 1198 eo
264 1129 481 1223 flagitabatur.
513 1129 763 1198 Concurrebant
787 1128 902 1224 legati,
927 1133 1150 1221 centuriones,
1176 1135 1234 1202 tri·

206 1250 352 1343 buuique
377 1247 540 1336 rnilitum,
559 1278 575 1313 u
593 1273 635 1318 ne
650 1249 814 1318 dubitaret
832 1249 983 1344 pnoelium
1012 1255 1234 1341 committere;

206 1371 352 1438 omnium
369 1394 438 1438 esse
454 1368 595 1438 militum
616 1371 838 1464 paratissimos
862 1371 987 1439 animos
1008 1397 1016 1439 :
1040 1372 1235 1442 Afranianos

207 1503 321 1558 contra
340 1488 451 1558 multis
466 1489 564 1558 rebus
580 1490 631 1558 sui
650 1489 775 1557 timoris
791 1491 884 1583 sigua
902 1491 1043 1579 misisse,
1062 1491 1151 1585 quod
1167 1495 1234 1562 suis

207 1634 274 1676 non
292 1608 533 1696 subvenissent,
549 1609 638 1702 quod
662 1608 703 1677 de
724 1607 806 1677 colle
819 1635 886 1677 uon
913 1610 1121 1698 decederent,
1145 1613 1233 1704 quod

207 1729 260 1797 vix
278 1730 423 1821 equitum
444 1729 595 1797 incursus
624 1728 837 1814 sustinerent,
857 1727 1050 1822 collatisque
1077 1731 1233 1799 inunum

207 1847 315 1916 locum
334 1848 452 1940 signis,
467 1847 626 1936 conferti,
645 1872 751 1942 neque
769 1847 920 1936 ordines,
938 1872 1044 1940 neque
1062 1850 1155 1944 sigua
1170 1874 1236 1918 ser·

207 1979 333 2035 vnrent.
353 1965 452 2054 Quod
473 1968 500 2034 si
518 1967 725 2059 iniquitatem
740 1965 803 2036 loci
823 1969 967 2054 timeret,
992 1967 1106 2037 datum
1125 1970 1167 2037 iri
1185 1983 1234 2038 ta·

207 2110 284 2155 men
301 2084 414 2178 aliquo
432 2083 505 2156 loco
522 2086 690 2182 pugnandi
710 2084 914 2173 faurltatem,
931 2087 1020 2180 quod
1044 2104 1132 2158 certe
1160 2089 1235 2157 inde

207 2205 429 2275 decedendum
457 2231 525 2276 esse
552 2207 706 2296 Afranio,
741 2231 800 2276 nec
833 2210 903 2276 sine
931 2232 1018 2301 aqua
1045 2231 1236 2302 permanere

206 2340 360 2420 posset.»

254 2449 391 2516 LXXII.
409 2452 517 2518 Caesar
543 2449 577 2516 in
599 2471 671 2518 eam
692 2471 782 2540 spem
806 2461 957 2536 venerat,
978 2472 1011 2516 se
1034 2449 1104 2517 sine
1124 2472 1235 2542 pugna

207 2579 240 2634 et
265 2569 335 2634 sinc
361 2565 495 2635 vulnere
513 2591 648 2635 suorum
672 2590 740 2634 rem
765 2566 925 2636 conficere
945 2591 1056 2659 posse,
1084 2567 1173 2660 quod
1200 2592 1236 2636 re

208 2683 420 2754 frumentaria
438 2684 641 2752 adversarios
661 2682 895 2753 interclusisset
916 2709 924 2752 s
945 2714 962 2749 α
982 2709 1042 2753 cur
1061 2687 1159 2753 etiam
1189 2709 1237 2753 se·

208 2803 316 2873 cundo
335 2801 450 2896 proelio
468 2799 594 2894 aliquos
613 2825 650 2868 ex
677 2802 744 2871 suis
773 2803 956 2871 amitteret?
983 2827 1045 2871 eur
1070 2802 1236 2872 vulnerari
1354 2838 1360 2849 ·

207 2937 374 3017 pateretur
386 2921 510 3014 optime
531 2919 571 2989 de
588 2944 624 2989 se
637 2923 771 2990 meritos
787 2919 922 2991 milites?
941 2946 1000 2990 cur
1019 2920 1161 3016 denique
1174 2921 1238 2992 for·

208 3057 322 3110 tunam
341 3039 600 3136 periclitaretur?
618 3043 796 3136 praesertim
818 3067 919 3135 quum
939 3067 1006 3111 non
1026 3044 1135 3112 minus
1153 3059 1237 3113 esset

208 3161 428 3254 imperatoris,
447 3159 584 3230 oonsilio
601 3185 773 3256 superare,
790 3186 891 3256 quam
908 3160 1028 3256 gladio.
1046 3191 1063 3228 s
1079 3165 1236 3234 Moveba·

207 3295 262 3350 tur
287 3281 384 3349 ctiam
409 3281 633 3350 misericordia
655 3283 795 3370 civium,
822 3305 904 3375 quos
924 3282 1164 3354 interficiendos
1191 3287 1237 3354 ui·
1263 3327 1265 3332 ,

206 3401 304 3471 debat
323 3427 331 3469 ε
349 3401 469 3495 quibus
492 3400 589 3470 salvis
613 3415 713 3496 atque
730 3401 967 3488 incolumibus,
992 3429 1060 3473 rem
1086 3403 1235 3474 obtinere

206 3519 356 3590 malebat.
377 3526 448 3592 Hoc
467 3520 641 3592 consilium
659 3525 797 3593 Caesaris
816 3547 835 3591 a
855 3521 1018 3617 plerisque
1031 3547 1098 3592 nou
1115 3523 1238 3616 proba-

207 3639 321 3726 betur;
344 3639 463 3711 milites
483 3665 561 3712 vero
593 3641 702 3735 palam
727 3644 812 3710 inter
836 3667 870 3710 se
893 3640 1128 3735 loquebantur,
1151 3666 1235 3734 quo·

207 3761 296 3828 niam
321 3759 395 3830 talis
419 3763 546 3831 occasio
578 3762 723 3830 victoriae
754 3762 988 3848 dimitteretur,
1010 3761 1107 3828 etiam
1132 3784 1237 3853 quum

208 3875 306 3947 uellet
325 3883 448 3968 Cesar,
465 3905 534 3952 sese
548 3906 616 3950 non
635 3906 705 3952 esse
720 3897 934 3977 pugnaturos.
955 3879 1015 3950 Ille
1033 3881 1068 3948 in
1083 3904 1141 3949 sua
1162 3903 1237 3950 sen·

166 4012 170 4020 '
208 3997 307 4066 tentia
335 4017 538 4092 perseverat,
565 4016 598 4070 et
616 4001 786 4096 paululum
809 4027 846 4070 ex
875 4027 915 4071 eo
939 3999 1012 4070 loco
1030 3999 1236 4095 digreditur,
