3042 4772
461 395 513 450 nr.
534 395 655 450 sunno
677 379 969 452 stsxeuomno.
1170 411 1224 468 ως

192 535 517 606 commemorassent,
541 517 684 588 officium
707 516 820 586 utilius
838 517 999 588 Pharnaci
1024 518 1142 605 fuisse,
1168 523 1225 614 qui

192 640 406 736 providisset,
427 663 470 708 no
486 640 687 728 duceretur,
706 663 805 733 quam
821 638 898 722 sibi,
916 639 969 707 cui
989 637 1033 707 dii
1054 640 1224 710 immorta-

194 762 237 830 les
255 761 425 829 victoriam
441 759 641 830 tribuissent.
662 763 778 854 ltaque
791 783 826 828 se
841 782 977 854 magnas
994 772 1026 828 et
1043 784 1158 854 graves
1177 761 1226 830 in-

189 884 295 975 jurias
312 883 435 952 civium
450 905 678 969 romanorum,
689 883 746 976 qui
763 883 797 949 in
810 883 918 949 Ponto
934 881 1091 975 negotiati
1101 895 1225 966 essent,

193 1006 350 1098 spaniam
376 1005 408 1072 in
429 1004 594 1098 integrum
610 1004 784 1072 restituere
805 1025 872 1070 non
899 1017 1022 1096 posset,
1045 1001 1225 1071 concedere

193 1125 353 1194 Pharnaci
369 1149 377 1192 ε
392 1148 469 1193 nam
487 1147 594 1217 neque
613 1121 790 1191 interfectis
806 1124 956 1191 emissam
977 1123 1098 1211 vitam,
1119 1146 1225 1217 neque

193 1248 329 1314 exsectis
349 1243 537 1313 virilitatem
556 1244 729 1313 restituere
750 1267 863 1337 posse3
886 1242 978 1336 quod
994 1242 1126 1336 quidem
1146 1269 1224 1338 sup·

193 1366 327 1461 plicium
337 1368 468 1461 gravius
478 1379 584 1436 morte
594 1367 681 1435 cives
695 1365 824 1434 romani
841 1364 1013 1433 subissent.
1026 1368 1133 1433 Ponto
1146 1389 1225 1434 vero

192 1486 363 1556 decederet
382 1485 571 1574 confestim,
590 1482 793 1576 familiasque
812 1483 1064 1577 publicanorum
1082 1488 1227 1554 remitte·

193 1621 262 1694 ret,
272 1621 445 1700 ceteraque
454 1607 640 1674 restitueret
656 1604 753 1672 sociis
770 1603 961 1697 civibusque
978 1605 1138 1688 romanis,
1152 1627 1226 1698 quar

193 1751 293 1821 penes
311 1749 387 1795 eum
401 1725 563 1794 esseest
576 1723 718 1806 fecisset,
734 1725 801 1817 jam
819 1736 900 1791 tunc
912 1723 974 1792 sibi
990 1725 1136 1792 mitteret
1151 1747 1226 1792 mu·

193 1869 273 1914 nera
292 1869 330 1913 ac
350 1845 458 1931 dona,
476 1867 570 1937 quae,
593 1842 678 1910 bene
694 1843 793 1912 rebus
813 1843 932 1937 gestis,
951 1842 1164 1935 imperatores
1183 1845 1225 1912 ab

195 1965 306 2033 amicis
320 1963 469 2058 accipere
486 1977 696 2031 consuessent
716 1989 724 2031 :
746 1991 762 2026 s
781 1963 915 2031 miserat
935 1964 1022 2032 enim
1039 1963 1231 2034 Pharnaces.

194 2107 352 2152 coronam
375 2107 520 2152 auream.
547 2083 607 2153 His
631 2083 794 2176 responsis
821 2080 921 2168 datis,
940 2080 1064 2177 legatos
1086 2085 1224 2155 remisit.

240 2205 362 2273 LXXI.
391 2207 435 2274 ht
460 2204 662 2290 Pharnaces,
693 2203 806 2271 omnia
840 2199 1017 2270 liberaliter
1044 2201 1226 2297 pollicitus,

192 2347 293 2417 quum
312 2323 517 2393 festinantem
536 2347 573 2392 ac
592 2334 824 2418 properantem
842 2323 1003 2391 Caesarem
1022 2339 1168 2417 speraret
1186 2322 1226 2394 li·

191 2441 323 2512 bentius
335 2445 433 2512 etiam
450 2442 652 2512 crediturum
664 2444 732 2512 suis
748 2443 932 2535 promissis,
948 2467 1047 2535 quam
1069 2468 1121 2513 res
1133 2460 1226 2540 pate·

191 2577 304 2650 retur,
322 2588 389 2656 quo
410 2560 548 2633 celerius
567 2563 805 2653 honestiusque
822 2561 863 2630 ad
885 2585 936 2630 res
958 2563 1060 2656 magis
1079 2587 1226 2635 necessa·

191 2685 256 2752 rias
278 2683 541 2776 proficisceretur
560 2683 702 2776 (nemini
727 2683 815 2749 enirn
842 2695 911 2750 erat
930 2683 1102 2776 ignotum,
1120 2682 1225 2777 pluri-

192 2806 254 2871 mis
264 2802 417 2872 decausis
428 2802 469 2870 ad
480 2801 606 2869 Urbem
620 2801 971 2897 Caesaremrerocari),
982 2798 1102 2871 lentius
1114 2827 1225 2898 agere,

191 2919 369 2990 decedendi
386 2918 474 2989 diem
493 2920 659 3014 postulare
679 2920 879 3016 longiorem,
895 2923 1063 3014 pactiones
1081 2923 1225 3018 inter-po·

192 3065 284 3122 uere,
303 3043 336 3109 in
356 3065 499 3125 summa,
518 3041 669 3111 frustrari
686 3043 792 3136 coepit.
811 3044 937 3131 Cesar,
956 3044 1088 3137 cognita
1101 3042 1227 3112 callidi·

194 3175 259 3229 tate
276 3161 435 3248 hominis,
457 3160 546 3256 quod
568 3159 641 3231 aliis
664 3163 867 3256 temporibus
886 3178 1004 3233 natura
1022 3163 1131 3233 facere
1148 3187 1227 3234 con·

190 3295 357 3368 sueverat,
376 3294 455 3350 tunc
482 3283 679 3350 necessitate
708 3281 783 3349 fecit
815 3281 991 3367 adductus,
1025 3298 1062 3353 ut
1090 3283 1226 3356 celerius

191 3403 339 3470 omniurn
355 3404 512 3495 opinione
526 3425 660 3470 manum
681 3417 880 3471 consereret.

197 3557 200 3562 ·
236 3515 385 3591 LXXII.
401 3521 478 3591 Zela
501 3537 549 3592 est
564 3521 723 3616 oppidum
750 3523 784 3589 in
802 3525 928 3611 Ponto,
952 3527 1061 3617 positu
1084 3529 1170 3620 ipso,
1191 3541 1229 3595 ut

189 3640 223 3708 in
245 3639 344 3734 plano
363 3640 454 3730 loco,
474 3645 551 3712 satis
567 3646 733 3713 munitum
752 3667 760 3710 ε
780 3640 926 3713 tumulus
946 3645 1033 3712 enim
1052 3642 1228 3735 naturalis,

189 3755 279 3828 velut
305 3785 404 3830 manu
430 3762 552 3850 factus,
577 3762 753 3833 excelsiore
772 3764 920 3857 undique
938 3763 1068 3858 fastigio
1089 3765 1228 3834 sustinet

189 3897 331 3948 murum.
343 3882 579 3976 Circumpositi
591 3899 671 3954 sunt
682 3885 761 3954 huic
779 3882 903 3980 oppido
916 3885 1026 3979 magni
1048 3882 1226 3979 multique,

189 3997 332 4065 intercisi
353 3997 506 4086 vallibus,
527 4001 625 4071 colles
644 4029 652 4070 ε
673 4029 814 4096 qnorum
835 4003 1034 4076 editissimas
1052 4007 1227 4098 unus,qui
