3088 4766
294 372 330 428 58
446 374 476 430 G
493 375 590 430 IULll
612 375 776 430 CAESARIS
796 371 1163 428 condemnatorum

272 522 425 565 'suarum
448 500 596 566 omnium
615 498 823 567 fortunarum
843 511 996 568 eventum
1013 498 1192 566 consistere
1211 499 1322 568 existi-

291 631 405 686 maret.
427 619 513 687 Nam
530 592 563 686 et
585 618 713 688 honesti
729 643 767 687 ex
781 621 974 712 juventute,
991 631 1025 686 ct
1043 618 1204 711 cujusque
1219 620 1322 687 aetatis

272 735 501 830 amplissimi,
530 738 724 806 nominatim
752 739 878 807 evocati
903 752 1000 830 atque
1017 737 1199 821 obsecrati,
1226 761 1323 806 naves

291 855 564 942 conscenderaut3
582 873 632 942 ut,
649 859 676 925 si
694 857 773 951 quid
793 856 920 926 adversi
932 856 1120 940 accidisset,
1140 880 1181 924 ne
1207 855 1250 925 ad
1272 881 1324 924 co·

293 975 437 1044 nandum
456 977 588 1069 quidem
606 978 668 1045 sibi
684 978 864 1071 quidquam
882 976 998 1068 reliqui
1017 975 1086 1044 fore
1114 975 1281 1062 viderent,
1297 978 1323 1044 si

292 1095 548 1188 superavissent,
570 1095 621 1164 vel
641 1095 825 1166 domesticis
848 1096 984 1190 opibus,
1001 1093 1051 1163 vel
1071 1095 1213 1163 externis
1229 1097 1323 1163 auxi·

292 1211 359 1299 liis,
374 1214 416 1282 de
429 1213 534 1284 salute
548 1216 637 1284 urbis
657 1214 868 1286 confiderent.

340 1336 396 1401 Vl.
435 1337 618 1404 Commisso
641 1331 776 1430 proelio,
800 1334 1058 1406 Massiliensibus
1086 1361 1137 1406 res
1163 1333 1252 1406 nulla
1281 1338 1323 1406 ad

292 1455 445 1522 virtutem
468 1453 570 1522 defuit
587 1479 594 1522 :
612 1454 669 1523 sed
681 1479 840 1523 mentones
859 1479 973 1526 eorum
983 1469 1238 1549 preceptorum,
1250 1481 1324 1549 quae

293 1572 391 1666 paulo
408 1588 485 1641 ante
505 1575 547 1642 ab
565 1578 632 1643 suis
650 1590 860 1669 acceperant,
879 1576 942 1644 hoc
961 1577 1071 1644 animo
1097 1575 1323 1662 decertabant,

294 1707 330 1760 ut
347 1691 475 1762 nullum
497 1693 585 1763 aliud
602 1709 730 1788 tempus
750 1695 791 1762 ad
803 1694 990 1764 conandum
1009 1695 1153 1764 habituri
1174 1696 1321 1764 videren-

294 1827 368 1899 tur,
386 1814 553 1906 atquibus
570 1816 604 1882 in
621 1837 733 1907 pugna
752 1815 827 1882 vitae
845 1813 1031 1907 periculum
1051 1815 1229 1900 accideret,
1255 1839 1322 1882 non

294 1935 339 2000 ita
356 1931 460 2002 multo
478 1958 511 2002 se
528 1933 729 2028 reliquorum
748 1936 867 2003 civium
883 1934 986 2004 fatum
1006 1934 1196 2004 antecedere
1212 1935 1323 2003 existi-

294 2067 437 2131 marent,
466 2053 602 2146 quibus,
622 2055 702 2122 urbe
723 2070 832 2149 capta,
854 2055 967 2124 eadem
987 2070 1071 2124 esset
1089 2055 1165 2124 belli
1192 2055 1322 2124 fortuna

293 2172 456 2265 patienda.
479 2171 693 2268 Diductisque
711 2176 828 2243 nostris
848 2175 1004 2270 paulatim
1022 2176 1177 2261 navibus,
1194 2190 1227 2245 et
1244 2177 1323 2244 arti-

187 2315 192 2326 ·
292 2291 367 2360 licio
383 2292 640 2385 gubernatorum
657 2292 831 2362 mobilitati
846 2296 978 2363 navium
993 2293 1083 2364 locus
1102 2293 1253 2384 debatur,
1272 2310 1323 2380 et,

293 2414 319 2479 si
340 2412 473 2504 quando
492 2415 596 2481 nostri
614 2412 798 2484 fucultatem
817 2417 921 2502 nacti,
940 2415 1052 2484 ferreis
1069 2387 1219 2482 manibus
1237 2417 1321 2507 inje-

292 2533 370 2618 ctis,
387 2557 502 2601 navcm
514 2531 745 2626 religaverant,
766 2533 910 2628 undique
928 2535 994 2603 suis
1010 2534 1235 2602 laborantibus
1253 2559 1325 2604 suc-

294 2651 481 2720 currebant.
509 2653 625 2746 Neque
650 2678 728 2723 vero
753 2655 922 2746 conjuncti
945 2652 1068 2722 Albicis
1092 2655 1241 2722 cominus
1260 2679 1323 2749 pu-

250 2761 255 2773 *
294 2773 425 2866 gnando
441 2771 652 2860 deficiebant;
670 2795 782 2868 neque·
792 2773 931 2843 multum
950 2774 1111 2844 cedebant
1131 2777 1251 2844 virtute
1262 2799 1322 2842 no·

293 2894 395 2961 stris:
421 2893 517 2962 simul
537 2917 576 2962 ex
606 2895 788 2962 minoribus
813 2895 950 2962 navibus
977 2905 1097 2988 magna
1121 2896 1168 2964 vis
1194 2895 1322 2963 eminus

295 3013 389 3081 missa
408 3012 563 3099 telorum,
584 3012 688 3082 multa
707 3015 827 3082 nostris
846 3014 887 3082 de
908 3016 1088 3109 improviso
1106 3013 1322 3110 imprudenti·

294 3133 353 3200 bus
373 3147 470 3223 atque
494 3133 659 3228 impeditis
679 3131 814 3204 vulnera
833 3133 1041 3204 inferebant:
1061 3136 1323 3230 conspicataeque

296 3275 393 3318 naves
407 3253 554 3320 triremes
573 3251 647 3320 duae
663 3276 779 3321 navem
795 3257 838 3322 D.
854 3257 967 3342 Bruti,
986 3279 1059 3348 quae
1076 3280 1115 3323 ex
1135 3256 1254 3350 insigni
1275 3254 1322 3323 fa·

294 3370 354 3438 cile
370 3373 503 3464 agnosci
520 3386 664 3464 poterat,
679 3371 806 3441 duabus
822 3398 862 3442 er
877 3375 1025 3468 partibus
1042 3399 1110 3443 sese
1127 3375 1159 3442 in
1180 3397 1252 3442 eam
1271 3375 1323 3440 in·

294 3493 494 3577 citaverant;
522 3492 579 3561 sed
600 3507 746 3581 tautum,
774 3517 810 3562 re
830 3495 980 3587 provisa,
1008 3497 1128 3562 Brutus
1155 3491 1322 3560 celeritate

295 3615 385 3682 navis
411 3615 519 3682 enisus
547 3627 615 3700 est,
633 3627 671 3680 ut
697 3636 801 3706 parvo
826 3626 992 3682 momento
1015 3609 1232 3680 antecederet.
1254 3607 1324 3678 llloe

295 3734 376 3802 adeo
386 3737 528 3828 graviter
541 3738 627 3803 inter
639 3757 673 3802 se
689 3734 829 3802 incitatae
846 3733 1082 3818 conflixerunt,
1096 3745 1133 3798 ut
1149 3731 1326 3800 veliemen-

295 3856 416 3924 tissime
425 3869 571 3948 utrteque
581 3879 620 3923 ex
630 3877 794 3922 concursu
807 3853 1008 3940 laborarent,
1018 3851 1121 3920 altera
1130 3876 1225 3932 vcro,
1241 3875 1325 3945 praa-

293 3989 393 4070 rupto
403 3989 508 4044 rostro
519 4027 526 4060 ,
538 3989 605 4044 tota
618 3973 846 4044 collabelrerct
866 3977 940 4064 Qua
950 3999 985 4042 re
994 3971 1235 4062 animadversa,
1250 3999 1323 4066 quae
