3086 4766
260 351 314 408 15⁰
415 351 446 406 C.
467 347 562 406 JUlsll
582 351 745 412 cAEstuls
767 350 1134 408 communionum

257 500 332 546 rum
349 474 495 560 finibus,
518 488 672 567 rectaque
698 471 843 544 fluminis
865 473 1013 544 Danubii
1038 475 1172 570 regione
1195 475 1294 568 perti·

258 611 316 666 net
330 595 374 664 ad
388 593 469 673 finos
483 597 653 667 Dacorum
667 608 702 662 et
716 594 892 664 Anartium
906 619 915 661 ε
930 593 1010 662 hinc
1024 617 1059 662 se
1077 593 1180 663 flectit
1198 594 1296 663 sinis·

260 729 405 800 tremus,
430 713 566 782 diversis
592 713 634 782 ab
660 713 796 785 llumine
823 713 1028 808 regionibus,
1053 713 1298 807 multarumque

124 831 126 836 ’
159 879 160 883 =
260 835 408 931 gentium
432 834 514 904 fines
541 849 678 929 propter
705 833 969 928 magnitudinem
998 833 1159 928 attingit:
1191 858 1298 927 neque
1326 827 1327 832 ¹

260 957 434 1049 quisquam
451 970 502 1024 est
515 956 615 1047 hujus
633 955 835 1041 Germaniae,
858 955 916 1047 qui
932 978 966 1022 se
981 966 1040 1022 aut
1058 953 1163 1024 adisse
1179 954 1222 1024 ad
1239 955 1302 1023 ini·

262 1077 346 1144 tium
366 1075 437 1167 eius
453 1072 542 1144 silvae
558 1074 659 1162 dieat,
679 1097 783 1168 quum
802 1073 932 1142 dierum
947 1073 1012 1140 iter
1031 1097 1075 1140 nx
1091 1075 1301 1166 processerit,

262 1208 337 1282 aut,
357 1217 424 1286 quo
440 1218 487 1263 ex.
502 1191 575 1264 loeo
592 1195 733 1281 oriatur,
751 1193 925 1288 acceperit.
946 1190 1055 1262 Multa
1069 1173 1103 1262 iu
1124 1215 1163 1262 ea
1181 1210 1303 1286 genera

263 1310 408 1382 ferarum
422 1314 512 1384 nasci
526 1327 672 1399 constat,
684 1337 757 1408 quae
769 1295 903 1407 reliquis
917 1314 950 1380 in
961 1311 1042 1382 loeis
1053 1311 1122 1381 visa
1134 1335 1202 1383 non
1214 1313 1301 1382 sint:

265 1431 442 1526 exquibus
460 1457 533 1526 quae
550 1434 691 1502 maxime
706 1433 862 1504 differant
880 1434 921 1502 ab
938 1433 1072 1518 ceteris,
1089 1445 1121 1500 et
1138 1434 1304 1502 memoriae

267 1549 438 1646 prodenda
448 1551 640 1642 videantur,
657 1553 727 1622 haec
747 1567 834 1621 sunt.
1025 1548 1031 1560 ’

316 1673 441 1742 XXVI.
464 1675 522 1744 Est
533 1673 597 1741 ‘bos
613 1675 701 1741 cervi
718 1671 839 1766 ligura,
852 1673 947 1766 eujus
967 1697 987 1741 a
1004 1671 1113 1742 media
1128 1671 1238 1741 fronte
1260 1675 1307 1740 in-

268 1806 319 1860 ter
337 1815 433 1862 aures
452 1815 556 1862 unum
571 1814 676 1860 cornu
698 1793 839 1877 exsistit,
856 1792 1018 1862 'excelsius
1039 1791 1234 1886 magnisque
1259 1792 1307 1860 di·

269 1925 397 1980 rectum
428 1911 479 1980 his
504 1935 577 2004 quae
603 1910 698 1978 nobis
722 1924 802 1978 nota
829 1923 926 1997 sunt,
959 1911 1123 1981 cornibus.
1155 1909 1206 1980 Ab
1237 1913 1308 2005 ejus

270 2055 415 2118 summo,
431 2031 518 2098 sicut
533 2029 664 2123 palrnae,
682 2030 765 2098 rami
788 2053 889 2122 quam
907 2028 971 2100 late
984 2029 1228 2100 diffunduntur.
1250 2035 1308 2102 Ea·

271 2149 347 2218 dem
365 2163 416 2218 est
436 2149 565 2217 feminee
585 2149 750 2242 morisque
769 2163 903 2236 natura,
923 2148 1037 2217 eadem
1057 2149 1162 2220 forma
1180 2152 1308 2245 magni-

271 2270 419 2363 tudoque
435 2293 610 2340 cornuum.

319 2395 463 2462 XXVII.
494 2395 579 2460 Sunt
606 2392 703 2478 item,
730 2415 802 2483 quae
827 2388 1036 2488 appellantur
1060 2389 1155 2462 alces.
1183 2395 1309 2461 Harum

272 2527 323 2582 est
339 2508 521 2581 consimilis
534 2513 641 2605 capris
655 2511 781 2605 figura,
795 2525 828 2579 et
843 2511 985 2590 varietas
1002 2509 1156 2604 pellium,
1170 2511 1227 2582 sed
1242 2537 1311 2584 rna-

219 2723 225 2732 .
274 2630 449 2728 gnitudine
468 2628 570 2725 paulo
590 2629 804 2717 antecedunt,
825 2629 1015 2724 mutilaeque
1035 2645 1113 2700 sunt
1137 2633 1311 2720 cornibus,

274 2767 307 2821 et
337 2715 417 2821 ogra
442 2752 513 2820 sine
538 2750 636 2834 nodis
658 2748 869 2843 articulisque
893 2751 1031 2834 habent;
1058 2775 1165 2843 neque
1194 2753 1313 2844 quietis

275 2896 373 2942 causa
388 2870 628 2964 procumbunt,
646 2893 768 2962 neque,
787 2869 814 2936 si
832 2893 898 2961 quo
919 2869 1048 2938 afllictae
1067 2893 1145 2938 casu
1161 2869 1312 2940 concide·

276 2993 359 3078 rint,
375 2993 502 3086 erigere
518 3013 587 3058 sese
600 3003 659 3057 aut
674 2986 844 3057 sublevare
854 3004 1004 3080 possunt.
1019 2991 1078 3058 His
1091 3004 1169 3058 sunt
1182 2991 1315 3061 arbores

276 3135 337 3205 pro
356 3105 547 3178 cubilibus:
571 3109 614 3178 nd
636 3133 690 3176 eas
714 3134 747 3178 se
769 3106 952 3201 applicant,
976 3122 1076 3199 atque
1096 3110 1157 3195 ita,
1177 3109 1315 3202 paulurn

276 3229 377 3300 modo
394 3226 574 3315 reclinatae,
595 3228 739 3320 quietem
761 3226 898 3319 capiunt
918 3248 1086 3316 :quarum
1108 3250 1147 3293 ex
1169 3229 1316 3322 vestigiis

276 3373 381 3444 quum
402 3364 453 3418 est
470 3345 735 3417 animadversum
754 3371 773 3415 a
791 3345 1003 3424 venatoribus
1023 3368 1090 3437 quo
1113 3369 1147 3414 se
1168 3347 1316 3440 recipere

278 3470 487 3554 consuerint,
504 3491 618 3537 ornnes
629 3489 670 3535 eo
679 3465 753 3534 loco
767 3480 825 3534 aut
840 3465 1039 3536 aradieibus
1056 3466 1243 3554 subruunt,
1259 3481 1317 3537 aut

277 3588 435 3666 accidunt
451 3587 583 3656 arbores
601 3600 750 3674 tontum,
765 3599 803 3654 ut
821 3608 950 3654 summa
966 3587 1090 3679 speeies
1104 3611 1219 3658 earum
1232 3601 1317 3657 stan-

279 3713 362 3779 tium
380 3707 596 3802 relinquatur.
615 3709 689 3776 Huc
704 3730 810 3799 quum
827 3730 861 3775 se
880 3705 1122 3776 consuetudine
1139 3706 1320 3778 reclinave-

278 3831 365 3914 rint,
381 3827 528 3896 infirmas
548 3828 682 3897 arbores
697 3827 843 3921 pondere
861 3824 1030 3923 affligunt,
1047 3841 1147 3922 atque
1163 3852 1230 3900 una
1241 3830 1320 3924 ipsa

278 3945 467 4017 concidunt.
