3048 4770
463 398 514 452 DE
539 396 660 454 BELLO
686 395 992 453 antumnali.
1218 393 1257 450 53

219 529 373 618 omnibus
393 525 494 596 rebus
516 525 657 620 permoti
681 523 809 616 equites
827 518 977 604 Treviri,
1000 542 1142 610 quorum
1168 518 1255 588 inter

215 637 330 712 Gallos
346 639 479 708 virtutis
497 639 610 734 opinio
628 653 678 708 est
697 635 890 740 singularis,
910 639 968 730 qui
987 635 1102 707 auxilii
1121 661 1254 706 causae

214 759 350 830 civitate
369 759 458 828 missi
479 757 524 828 ad
540 761 703 836 Caesarem
716 772 899 844 venerant,
917 781 1020 851 quum
1041 754 1256 838 multitudine

215 879 363 958 hostiurn
383 893 488 958 eastra
506 893 622 954 nostra
636 875 812 973 compleri,
831 876 976 974 legiones
993 877 1100 970 premi
1113 891 1147 944 et
1163 900 1256 969 paene

214 999 455 1073 circumventas
476 1000 605 1085 teneri,
625 997 776 1088 calones,
791 999 940 1092 equites,
961 996 1161 1082 funditores,
1182 998 1255 1065 Nu-

214 1117 335 1224 qridas,
351 1117 498 1188 diversos
511 1117 751 1213 dissipatosque
769 1121 805 1187 in
818 1143 933 1189 omnes
950 1131 1060 1212 partes
1077 1115 1191 1211 fugere
1208 1115 1256 1184 vi-

215 1216 352 1326 dissent,
368 1237 551 1332 desperatis
570 1240 691 1307 nostris
706 1237 818 1326 rebus,
837 1237 974 1308 domum
991 1236 1254 1318 contenderunt:

214 1361 384 1426 Romanos
401 1355 515 1451 pulsos
534 1371 786 1453 superatosque,
808 1359 924 1426 castris
945 1356 1256 1451 impedimentisque

216 1500 332 1546 eorum
349 1476 461 1546 hostes
478 1479 617 1572 potitos,
635 1477 762 1548 civitati
778 1477 1065 1558 renuntiaverunt,

263 1597 371 1667 XXV.
398 1599 525 1686 Caesar,
555 1599 597 1668 ab
623 1596 758 1667 decimae
785 1593 925 1690 legionis
953 1597 1184 1665 cohortatione
1213 1597 1255 1665 ad

215 1716 367 1786 dextrum
384 1741 488 1785 cornu
511 1717 691 1810 profectus,
708 1717 765 1785 ubi
783 1739 862 1800 suos
881 1716 1011 1810 urgeri,
1031 1717 1198 1809 signisque
1219 1718 1253 1783 in

217 1861 319 1905 unum
337 1834 449 1906 locum
468 1834 611 1920 collatis,
631 1834 834 1904 duodecimae
853 1833 992 1929 legionis
1009 1833 1177 1912 confertos
1195 1836 1256 1903 mi-

216 1954 290 2025 lites
314 1956 378 2024 sibi
402 1957 481 2049 ipsis
509 1955 552 2024 ad
577 1978 721 2049 pugnam
750 1979 822 2024 csse
848 1952 1104 2048 impediment03
1129 1970 1254 2048 quartae

215 2076 363 2145 cohortis
378 2076 533 2144 omnibus
549 2076 797 2145 centurionibus
813 2075 947 2163 occisis,
965 2074 1188 2169 signiferoque
1202 2076 1254 2144 in·

217 2195 371 2282 terfecto,
389 2197 483 2291 signo
503 2195 643 2283 amisso,
666 2192 870 2288 reliquarum
892 2193 1078 2265 cohortium
1099 2197 1255 2264 omnibus

216 2315 284 2383 fere
303 2314 553 2385 centurionibus
569 2329 628 2384 aut
643 2313 839 2403 vulneratis,
853 2299 916 2385 aut¹
926 2316 1056 2402 occisis,
1075 2316 1109 2384 in
1122 2315 1174 2384 his
1185 2317 1254 2409 pri·

217 2434 357 2528 mopilo‚
372 2439 408 2504 P.
428 2436 541 2504 Sextio
556 2434 695 2524 Baculo,
712 2434 891 2504 fortissimo
908 2436 995 2523 viro,
1012 2432 1126 2503 multis
1143 2436 1253 2528 gravi-

216 2555 344 2648 busque
355 2553 549 2624 vulneribus
561 2554 726 2641 conlecto,
741 2569 780 2634 ut
789 2554 858 2647 jam
875 2579 909 2632 se
926 2555 1087 2636 sustinere
1098 2577 1168 2632 non
1181 2577 1254 2646 pos·

93 2703 98 2717 ·
218 2688 286 2758 set,
303 2674 447 2768 reliquos
467 2697 536 2748 esse
558 2673 739 2760 tardiores,
757 2688 792 2742 et
811 2671 989 2754 nonnullos
1007 2674 1049 2748 ab
1068 2673 1254 2747 novissimis

218 2791 364 2864 desertos
379 2790 497 2885 proelio
515 2792 687 2882 excedere,
703 2817 742 2862 ac
761 2791 826 2862 tela
844 2794 966 2876 vitare3
985 2794 1095 2861 hostes
1113 2816 1255 2884 nequea

216 2913 327 2982 fronte
352 2937 392 2981 ex
415 2911 572 2981 inferiore
595 2911 669 2982 loco
692 2913 870 3007 ¹subeuntes
899 2913 1135 3001 intermittere,
1157 2927 1190 2981 et
1212 2915 1254 2982 ab

218 3048 362 3127 utroque
378 3030 481 3101 latere
498 3033 635 3109 instare:
651 3049 683 3101 et
703 3059 774 3102 rem
794 3058 863 3102 esse
879 3034 913 3100 in
929 3050 1071 3128 angusto
1086 3031 1182 3118 vidit,
1196 3059 1254 3102 ne·

218 3179 283 3248 que
297 3151 401 3222 ullum
419 3177 489 3224 csse
508 3153 706 3241 subsidium,
724 3153 813 3246 quod
829 3154 992 3232 summitti
1008 3169 1118 3246 posset
1135 3181 1143 3222 ε
1159 3169 1253 3224 scuto

218 3275 259 3342 ab
276 3275 462 3344 novissimis
480 3275 537 3342 uni
549 3273 647 3343 militi
658 3275 808 3344 detracto
823 3271 928 3368 (quod
939 3275 1009 3368 ipse
1023 3297 1063 3344 eo
1074 3275 1144 3342 sine
1160 3288 1254 3344 scuto

218 3396 388 3490 venerat),
410 3397 444 3463 in
465 3396 607 3488 primam
627 3395 731 3464 aciem
745 3394 922 3488 processit,
940 3395 1254 3486 centurionibusque

219 3516 414 3584 nominatim
432 3512 620 3608 appellatis,
635 3513 780 3607 reliquos
798 3516 991 3585 cohortatus
1006 3512 1142 3601 milites,
1161 3515 1254 3606 signa

220 3635 339 3704 inferre
359 3629 605 3726 llqmanipulos
630 3631 740 3703 laxare
759 3635 876 3728 jussit,
896 3657 966 3729 quo
983 3632 1111 3702 facilius
1136 3630 1254 3727 gladiis

221 3757 267 3822 uti
288 3769 432 3849 possent.
451 3754 558 3847 Cujus
580 3753 725 3822 adventu
748 3777 805 3847 spe
828 3752 918 3822 illata
943 3751 1119 3840 militibus,
1142 3775 1181 3819 ac
1204 3729 1280 3818 res

220 3873 406 3969 dintegrato
424 3875 556 3961 animo,
576 3897 679 3966 quum
701 3897 763 3966 pro
783 3897 817 3941 se
841 3874 999 3967 quisque,
1021 3872 1060 3948 in¹
1075 3883 1255 3964 conspeetu

222 3994 444 4086 imperatoris,
461 3993 578 4085 etjam
599 3993 631 4058 in
652 3993 808 4062 extremis
825 3994 892 4062 suis
913 3993 1029 4081 rebus,
1046 4017 1180 4086 operam
1197 4014 1255 4059 na·
