3042 4772
303 423 360 482 aab
477 423 508 480 C.
528 424 627 481 suut
648 425 812 482 CAESARIS
834 425 1161 484 commensalem

300 548 448 643 Dejotari
464 547 507 617 ad
516 548 776 644 deprecandum3
793 548 834 620 de
850 552 1082 620 controversiis
1098 552 1340 621 tetrarcharum

300 681 412 762 postea
435 692 469 738 se
496 670 712 764 cogniturum¹
729 691 800 738 esse
813 699 830 734 a
849 669 934 739 dixit
950 693 959 737 ε
976 671 1101 764 regium
1125 671 1278 739 vestitum
1307 675 1339 741 ei

299 789 453 857 restituit.
468 789 650 882 Legionem
668 802 797 872 autem,
813 811 913 881 quam
932 812 970 856 ex
989 773 1108 883 penore
1125 790 1247 857 civium
1264 814 1340 859 suo-

300 933 374 978 rum
391 909 568 1002 Deiotarus
589 924 755 979 armatura
779 906 1018 1002 disciplinaque
1042 924 1154 978 nostm
1176 913 1338 980 coustitu-

299 1041 366 1096 tam
383 1026 546 1115 habebat,
573 1030 822 1122 equitatumque
847 1051 977 1096 omnem
1003 1027 1045 1097 ad
1072 1027 1197 1098 bellum
1220 1037 1339 1123 geren·

299 1146 379 1216 dnm
399 1149 562 1219 adducere
576 1149 683 1243 jussit.
746 1152 748 1157 ’

348 1269 470 1336 LXIX.
491 1270 605 1357 Quum
625 1271 659 1337 in
678 1271 819 1338 Pontum
838 1270 999 1358 venisset,
1027 1273 1204 1366 copiasque
1222 1295 1337 1341 omnes

302 1391 339 1456 in
364 1411 469 1456 unum
490 1387 599 1458 locum
618 1392 795 1484 coegisset,
813 1413 885 1483 quae
903 1413 1043 1458 numero
1063 1405 1161 1484 atque
1178 1393 1338 1461 exercita·

300 1509 390 1576 tione
409 1505 570 1576 bellorum
589 1506 771 1580 mediocres
789 1523 883 1578 erant
902 1509 1064 1604 (excepta
1092 1512 1181 1580 enim
1208 1507 1337 1606 legione

299 1641 405 1716 sexta,
428 1651 528 1722 quam
558 1653 670 1698 secum
696 1627 878 1698 adduxerat
904 1627 1101 1698 Alexandria
1130 1643 1335 1719 veteranam,

299 1747 412 1819 multis
430 1747 598 1819 laboribus
617 1746 837 1844 periculisque
851 1747 1017 1836 iunctam,
1034 1748 1211 1842 multisque
1228 1747 1336 1818 militi-

299 1870 360 1937 bus
371 1872 491 1964 partim
503 1868 695 1938 difficultate
713 1870 869 1937 itinerum
883 1893 923 1937 ac
934 1869 1181 1964 navigationum
1192 1921 1202 1957 ,
1215 1871 1333 1964 partim

300 1987 477 2056 crebritate
498 1986 659 2057 bellorum
687 1987 769 2056 adeo
797 1985 1021 2074 deminutam,
1044 2002 1082 2056 ut
1109 1989 1217 2056 minus
1245 1986 1335 2056 mille

299 2104 472 2175 hominum
496 2106 530 2174 in
548 2131 586 2176 ea
608 2121 707 2193 esset3
735 2104 869 2199 relique
888 2120 983 2175 erant
999 2119 1064 2174 tres
1087 2104 1251 2200 legiones,
1269 2131 1335 2176 una

301 2225 470 2318 Dejotari,
489 2225 578 2314 duae,
597 2249 671 2319 quae
688 2226 723 2292 in
739 2247 778 2293 eo
796 2221 931 2318 proelio,
952 2223 1041 2318 quod
1067 2228 1129 2295 Cn.
1150 2228 1333 2295 Domitium

189 2403 200 2426 ,
299 2343 413 2412 fecisse
424 2369 500 2412 cum
511 2341 1336 2440 Phamacescripsimus,fuerant),legati,aPhar-

299 2487 379 2532 nare
395 2463 500 2551 missi,
515 2466 677 2534 Caesarem
693 2463 833 2550 adeunt,
852 2479 953 2557 atque
971 2464 1005 2531 in
1022 2465 1138 2559 primis
1157 2463 1333 2558 deprecan-

298 2600 373 2675 tur,
391 2615 408 2651 a
425 2611 465 2656 ne
483 2588 553 2680 ejus
571 2585 732 2655 adventus
754 2584 884 2655 hostilis
901 2600 985 2655 esset
1016 2611 1024 2654 ε
1050 2585 1212 2654 facturum
1244 2585 1335 2654 enim

298 2707 408 2775 omnia
433 2707 656 2788 Pharnacem,
676 2729 750 2800 quac
773 2708 933 2800 imperata
952 2719 1077 2792 essent3
1094 2735 1111 2771 a
1128 2706 1335 2800 maximeque

297 2827 613 2912 commemorabant,
632 2825 750 2895 «nulla
767 2825 972 2895 Pharnacem
991 2822 1112 2894 auxilia
1129 2842 1244 2895 contra
1259 2827 1333 2896 Cae·

298 2969 405 3014 sarem
422 2948 578 3041 Pompeio
595 2945 674 3014 dare
694 2942 854 3034 voluisse3
872 2968 974 3038 quum
985 2945 1186 3038 Dejotarus,
1202 2948 1259 3039 qui
1274 2945 1336 3014 de·

297 3064 418 3151 disset,
436 3080 545 3134 tamen
563 3067 593 3134 ei
610 3065 856 3134 satisfecisset.»

345 3189 449 3256 Lxx.
476 3179 584 3270 Caesar
609 3187 806 3281 respondet,
825 3215 843 3252 a
858 3209 892 3256 se
907 3186 978 3255 fore
995 3187 1215 3280 equissimum
1232 3188 1337 3256 Phar-

298 3308 369 3376 naci
379 3357 388 3393 ,
400 3307 447 3393 si,
462 3331 535 3400 qnae
553 3306 786 3400 polliceretur,
802 3321 1097 3400 repraesentaturus
1115 3319 1207 3374 esset.
1221 3333 1240 3368 a
1259 3307 1334 3371 Μο-

299 3428 369 3496 nuit
386 3440 512 3511 autem,
531 3441 570 3496 ut
587 3425 732 3513 solebat,
749 3427 884 3496 mitibus
899 3426 1007 3494 verbis
1025 3424 1167 3518 legatos,
1184 3451 1200 3486 c
1217 3441 1259 3488 ae
1274 3435 1333 3491 aut

297 3547 491 3641 Deiotarum
507 3547 568 3616 sibi
584 3548 786 3641 objicerent,
803 3560 861 3614 aut
877 3545 972 3612 nimis
988 3567 1028 3610 eo
1038 3541 1260 3636 gloriarentur
1275 3539 1334 3609 be-

297 3667 432 3755 neficio,
460 3664 552 3762 quod
572 3666 693 3736 auxilia
712 3690 778 3736 non
796 3665 958 3732 misissent
983 3685 1097 3729 :nam
1116 3684 1150 3728 se
1167 3681 1274 3752 neque
1293 3657 1334 3728 li-

296 3789 427 3858 bentius
454 3789 561 3857 facere
579 3787 780 3880 quidquam,
802 3806 901 3875 quam
921 3779 1125 3875 supplicibus
1143 3781 1335 3876 ignoscere3

297 3930 405 4003 neque
434 3909 680 4004 provinciarum
715 3901 861 3997 publicas
896 3902 1034 3995 injurias
1066 3899 1256 3970 condonare
1291 3902 1334 3968 iis

296 4053 411 4122 posse,
437 4029 494 4122 qui
519 4027 656 4098 inissent
692 4026 726 4093 in
763 4049 797 4093 se
827 4023 966 4093 officiosi
991 4021 1054 4091 :id
1081 4022 1212 4116 ipsum,
1243 4018 1333 4115 quod
