3062 4766
447 345 498 400 nn
519 343 638 401 annno
657 345 821 402 carneo
840 345 908 400 mn.
932 346 994 400 vu.
1189 345 1242 416 187

198 467 312 540 labore
330 484 608 564 permoveantur,
625 471 847 565 cupidissimis
861 471 1033 556 omnibus,
1051 494 1243 564 progressus

198 587 300 658 millia
317 615 475 684 passuum
494 612 577 675 xxv,
597 614 716 684 agmen
736 589 919 660 AEduorum
937 591 1164 684 conspicatus,
1182 591 1244 658 irn-

199 709 300 778 misso
329 710 501 803 equitatu,
534 710 599 778 iter
627 733 744 778 eorum
772 724 923 778 moratur
958 725 1058 804 atque
1089 709 1245 804 impedit,

200 828 434 921 interdicitque
446 829 617 915 omnibus,
640 853 681 898 ne
697 853 899 923 quemquam
925 829 1135 899 interficiant.
1154 833 1245 922 Epo·

200 948 387 1041 redorigem
413 963 447 1017 et
469 947 734 1036 Viridomarum,
766 973 849 1043 quos
875 947 922 1018 illi
947 948 1138 1018 interfectos
1160 951 1245 1018 exis-

200 1067 377 1152 timabant,
394 1069 482 1137 inter
498 1072 625 1162 equites
642 1071 781 1156 versari,
800 1093 942 1163 suosque
956 1067 1124 1163 appellare
1138 1069 1244 1162 jubet.

200 1189 246 1260 Iis
267 1188 424 1282 cognitis,
444 1203 478 1256 et
497 1189 639 1257 Litavici
660 1187 775 1256 fraude
795 1203 983 1283 perspecta,
1007 1188 1104 1258 AEdui
1125 1213 1244 1258 manus

203 1308 353 1395 tendere,
374 1324 409 1376 et
434 1308 637 1377 deditionem
658 1309 857 1402 significare,
882 1325 929 1394 et,
950 1311 1106 1404 projectis
1129 1310 1246 1396 armis,

187 1441 344 1496 ‘mortem
367 1427 540 1522 deprecari
558 1427 734 1520 incipiunt.
754 1429 924 1498 Litavicus
941 1453 1018 1498 cum
1035 1431 1104 1499 suis
1120 1428 1248 1498 clienti·
1285 1451 1287 1458 ’

204 1547 279 1630 bus,
297 1547 419 1639 quibus
440 1548 533 1617 nefas
549 1573 643 1617 more
660 1545 836 1617 Gallorum
858 1563 909 1617 est
927 1549 1027 1618 etiam
1046 1549 1079 1617 in
1100 1564 1247 1620 extrema

205 1666 338 1736 fortuna
354 1665 505 1736 deserere
519 1681 695 1760 patronos,
715 1669 915 1762 Gergoviam
930 1667 1087 1763 profligit.

250 1788 341 1856 XLI.
366 1789 493 1873 Caesar,
517 1789 643 1856 nuntiis
667 1786 708 1856 ad
733 1787 901 1856 civitatem
922 1789 1106 1857 AEduorum
1126 1788 1248 1870 missis,

203 1907 262 1998 qui
277 1931 338 1974 suo
364 1905 526 1975 beneficio
545 1921 757 1976 conservatos
775 1906 950 1996 docerent,
966 1931 1050 2001 quos
1071 1909 1147 2000 jure
1168 1904 1249 1975 belli

206 2025 390 2094 interlicere
412 2027 588 2118 potuisset,
609 2026 780 2119 tribusque
801 2027 891 2095 horis
908 2027 1015 2095 noctis
1032 2026 1191 2096 exercitui
1207 2025 1250 2093 ad

207 2148 350 2240 quictem
372 2147 474 2234 datis,
495 2162 602 2216 castra
621 2146 664 2216 ad
683 2149 886 2243 Gergoviam
910 2148 1024 2216 morit.
1048 2146 1162 2217 Medio
1182 2147 1250 2215 fere

208 2266 341 2356 itinere,
359 2269 486 2360 equites
500 2293 519 2337 a
532 2269 636 2336 Fabio
646 2267 753 2352 missi,
767 2281 891 2360 quanto
906 2291 958 2336 res
976 2269 1010 2336 in
1023 2265 1172 2361 periculo
1184 2266 1250 2335 fue·

210 2389 267 2472 rit,
284 2403 476 2481 exponunt:
496 2389 634 2456 summis
648 2389 752 2481 copiis
767 2402 874 2456 castra
889 2403 1079 2482 oppugnata
1096 2387 1249 2455 demons-

209 2522 319 2593 trant,
340 2532 445 2600 quum
468 2509 587 2576 crebro
613 2509 733 2602 integri
759 2506 892 2575 defessis
917 2506 1145 2590 succederent,
1175 2528 1253 2572 nos·

208 2643 343 2719 trosque
376 2626 509 2694 assiduo
547 2627 659 2696 labore
693 2625 929 2720 defatigarent,
962 2625 1083 2718 quibus
1116 2637 1254 2716 propter

209 2745 472 2840 magnitudinem
490 2761 675 2814 castrorum
693 2759 854 2840 perpetuo
870 2757 955 2812 esset
970 2743 1094 2811 eisdem
1114 2743 1150 2810 in
1165 2739 1253 2810 vallo

209 2864 493 2960 permanendum
511 2864 723 2934 multitudine
740 2866 935 2960 sagittarum
950 2877 1051 2954 atque
1073 2860 1181 2930 omnis
1196 2885 1254 2955 ge·

210 2989 298 3056 neris
330 2984 475 3055 telorum
503 2984 624 3054 multos
653 2984 862 3070 vulneratos;
889 2983 932 3052 ad
963 2983 1033 3052 haec
1062 2980 1253 3051 sustinenda

211 3131 332 3201 magno
358 3107 433 3175 usui
458 3105 558 3175 fuisse
583 3121 768 3190 tormenta,
790 3106 930 3174 Fabium
952 3102 1097 3172 discessu
1121 3127 1253 3188 eorum,

210 3227 339 3296 duabus
370 3225 492 3295 relictis
527 3228 651 3321 portis,
686 3227 857 3295 obstruere
888 3241 1027 3309 ceteras,
1059 3222 1255 3318 pluteosque

211 3345 299 3416 vallo
315 3347 451 3433 addere,
469 3363 502 3416 et
518 3373 553 3416 se
572 3349 607 3414 in
626 3361 795 3439 posterum
818 3344 904 3413 diem
926 3342 1068 3425 similem
1084 3343 1126 3410 ad
1142 3365 1255 3409 casum

212 3491 338 3560 parare.
353 3469 413 3537 His
425 3468 524 3535 rebus
538 3466 700 3560 cognitis,
716 3467 825 3533 Caesar
840 3489 970 3533 summo
984 3463 1094 3532 studio
1110 3459 1255 3528 militum

212 3603 288 3656 anto
307 3603 417 3658 ortum
439 3586 517 3655 solis
534 3587 568 3652 in
584 3599 692 3654 castra
709 3585 870 3677 pervenit.

260 3713 366 3778 XLII.
385 3712 475 3778 Dum
497 3707 566 3776 haec
583 3705 625 3774 ad
640 3705 842 3798 Gergoviam
862 3717 1037 3797 geruntur,
1056 3699 1172 3783 AEdui,
1190 3700 1257 3792 pri·
1304 3723 1308 3731 ·

165 3864 172 3886 ν
213 3832 275 3898 mis
294 3831 420 3898 nuntiis
439 3853 459 3897 a
476 3828 627 3897 Litavico
645 3826 810 3919 acceptis,
828 3821 959 3891 nullum
977 3823 1038 3889 sibi
1056 3821 1098 3890 ad
1117 3843 1257 3914 cognos-

215 3949 355 4019 cendum
371 3951 515 4043 spatium
529 3945 731 4038 relinquunt.
743 3942 891 4038 Impellit
905 3940 986 4011 alios
1000 3942 1157 4027 avaritia,
1175 3937 1257 4008 alios
