3086 4766
494 339 546 394 nn
571 315 695 415 nemo
712 333 875 389 craneo
896 334 966 390 mn.
985 337 1018 391 v.
1238 336 1293 392 ιω

248 478 302 522 sar
328 463 542 552 cognoverat.
578 455 641 525 Ille
668 457 823 526 omnibus
854 459 964 551 primo
997 459 1148 550 precibus
1179 475 1293 553 petere

248 575 442 666 contendit,
457 590 496 645 ut
512 577 547 644 in
566 572 675 646 Gallia
695 574 958 669 relinqueretur,
979 579 1118 672 partim,
1132 578 1223 671 quod
1243 581 1294 649 in·

247 707 360 764 suetus
381 696 558 791 navigandi
579 722 670 766 mare
691 697 836 784 timeret,
856 697 995 791 partim,
1013 696 1104 791 quod
1127 696 1299 794 religioni·-

247 811 311 880 bus
335 837 405 884 sese
427 813 553 885 diceret
571 816 736 912 impediri.
752 819 974 911 Posteaquam
994 816 1029 886 id
1048 818 1213 888 obstinate
1231 820 1295 889 sibi

248 935 363 1028 negari
385 934 485 1022 vidit,
513 938 604 1006 omni
625 961 684 1031 spe
706 937 908 1032 impetrandi
929 937 1101 1032 adempta,
1129 938 1296 1033 principes

249 1053 366 1124 Galtiae
391 1054 584 1146 sollicitare,
611 1082 766 1128 sevocare
791 1056 940 1154 singulos
961 1059 1157 1152 hortarique
1179 1059 1294 1152 coepit,

248 1175 296 1242 uti
320 1175 557 1244 incontinenti
579 1193 804 1267 remanerent,
827 1193 919 1247 metu
939 1179 1109 1264 territare,
1130 1202 1201 1246 non
1225 1179 1296 1248 sine

250 1317 349 1364 causa
363 1295 454 1383 fieri,
471 1311 510 1364 ut
522 1294 633 1366 Gallia
649 1298 742 1366 omni
758 1297 930 1367 nobilitate
942 1297 1144 1392 spoliaretur
1157 1325 1165 1368 :
1180 1298 1215 1367 id
1226 1325 1296 1368 esse

247 1412 423 1484 eonsilium
449 1417 601 1504 Caesaris,
624 1432 681 1505 ut,
703 1442 787 1510 quos
804 1419 839 1486 in
858 1433 1039 1512 conspectu
1056 1417 1175 1488 Galliae
1192 1420 1295 1488 inter·

248 1533 345 1604 ficere
365 1550 554 1621 vereretur,
580 1536 641 1605 hos
659 1561 774 1606 omnes
799 1536 833 1604 in
858 1539 1065 1607 Britanniam
1085 1536 1295 1607 transductos

248 1669 409 1722 necaret:
438 1653 539 1724 fidem
564 1654 701 1749 reliquis
723 1659 949 1751 interponere,
969 1655 1201 1750 jusjurandam
1222 1682 1297 1750 pos·

249 1797 342 1860 cere,
365 1788 421 1862 ut,
446 1774 536 1869 quod
557 1801 628 1844 esse
650 1801 690 1844 ex
709 1800 771 1845 usu
790 1774 909 1844 Gallie
932 1774 1185 1860 intellexissent,
1209 1801 1296 1845 com·

248 1895 340 1962 muni
368 1894 507 1963 consilio
533 1893 814 1964 administrarent.
850 1872 972 1964 Heca
1003 1893 1233 1989 compluribus
1253 1896 1295 1965 ad

247 2014 411 2082 Caesarem
429 2013 672 2083 deferebantur.

295 2137 369 2205 VII.
394 2137 472 2226 Qua
500 2160 537 2204 re
565 2137 717 2231 cognita,
749 2120 873 2222 Caesar,
898 2135 989 2230 quod
1015 2149 1145 2204 tanturn
1169 2134 1295 2204 civitati

246 2255 348 2326 aeduee
368 2255 539 2350 dignitatis
559 2257 737 2343 tribuerat,
758 2254 981 2326 coercendum
999 2272 1099 2350 atque
1122 2256 1295 2325 deterren-

247 2377 343 2463 dum,
364 2379 630 2472 quibuscumque
647 2377 747 2458 rebus
765 2392 890 2472 posset,
908 2378 1154 2474 Dumnorigem
1172 2391 1295 2447 statues

246 2495 319 2584 bat3
336 2497 427 2589 quod
443 2497 576 2593 longius
596 2499 668 2591 ejus
685 2497 862 2566 amentiam
882 2496 1039 2592 progredi
1057 2497 1203 2583 videbat,
1218 2522 1295 2592 pro-

247 2615 468 2708 spiciendum,
496 2643 538 2686 ne
563 2617 645 2710 quid
671 2618 734 2686 sibi
758 2641 795 2686 ac
816 2616 1007 2711 reipublicae
1029 2641 1150 2686 nocere
1173 2632 1293 2710 posset.

247 2735 453 2826 Itaque‚dies
473 2737 605 2806 circiter
631 2761 700 2806 xxv
726 2739 761 2805 in
787 2761 827 2805 eo
851 2735 925 2804 loco
945 2749 1184 2822 commoratus,
1203 2736 1296 2827 quod

248 2857 357 2925 Corus
385 2869 504 2924 ventus
533 2856 778 2951 navigationem
808 2854 1025 2950 impediebat,
1054 2854 1112 2946 qui
1140 2877 1294 2948 magnam

247 2989 377 3072 partem
397 2977 506 3045 omnis
531 2977 691 3072 temporis
710 2978 744 3045 in
766 2977 819 3046 his
833 2974 914 3044 locis
933 2975 1014 3044 flare
1034 2975 1222 3064 consuevit,
1241 2975 1295 3044 da·

246 3100 306 3166 bat
322 3121 474 3190 operam,
489 3099 574 3167 utin
591 3097 700 3168 officio
715 3097 961 3191 Dumnorigem
974 3097 1174 3184 contineret,
1189 3095 1294 3166 nihilo

248 3233 360 3286 tamen
380 3217 488 3286 secius
502 3219 615 3286 omnia
637 3219 708 3313 ejus
726 3215 864 3286 consilia
885 3233 1110 3312 cognosceret.
1128 3217 1292 3304 Tandem,

247 3338 402 3408 idoneam
413 3354 532 3407 nactus
544 3336 922 3433 tempestatem,milites
933 3338 1127 3432 equitesque
1137 3361 1293 3406 conscen-

246 3457 325 3528 dere
346 3483 446 3528 naves
464 3459 570 3552 jubet.
588 3462 646 3545 At,
671 3460 822 3527 omnium
848 3459 1014 3552 impeditis
1028 3459 1165 3547 animis,
1185 3460 1293 3526 Dum-

249 3579 345 3648 norix
368 3603 446 3646 cum
467 3578 633 3670 equitibus
655 3577 840 3648 AEduorum
862 3602 881 3646 a
899 3579 1028 3664 castris,
1048 3578 1209 3646 insciente
1224 3579 1294 3646 Gar·

248 3723 337 3784 aare,
355 3697 493 3767 domum
513 3697 681 3766 discedere
699 3699 812 3792 coepit.
832 3701 966 3788 Quare
991 3697 1158 3778 nuntiata,
1173 3699 1293 3780 Cesar,

249 3817 434 3887 intermissa
448 3817 668 3910 profectione,
686 3831 785 3910 atque
801 3818 956 3887 omnibus
972 3818 1071 3886 rebus
1086 3817 1292 3910 postpositis,

251 3962 403 4033 magnam
423 3952 550 4031 partem
571 3937 738 4030 equitatus
757 3939 796 4008 ad
819 3963 896 4007 eum
912 3937 1154 4031 insequendum
1174 3937 1293 4025 mittit,
