3014 4780
510 432 560 488 DE
581 431 703 487 ttttttu
725 430 929 486 tumulltu.
1176 431 1226 486 adr

202 574 276 628 tunt
291 571 471 648 orantque,
492 570 529 623 ut
545 557 611 624 suis
631 554 771 622 fortunis
785 551 928 646 populus
947 575 1122 636 romanus,
1140 555 1229 644 quod

202 677 410 746 benemeriti
427 689 549 758 essent,
567 672 724 742 auxilium
748 672 859 741 ferret.
882 675 1002 752 Cesar,
1019 694 1133 740 eorum
1148 695 1229 740 con-

202 795 275 866 silio
287 797 445 888 probato,
458 795 620 862 Marcium
634 795 787 887 Crispum
803 793 971 860 tribunum
986 815 1061 859 cum
1077 792 1231 872 cohorte,

200 929 234 982 et
252 913 426 1007 sagittariis
447 914 683 1004 tormentisque
702 909 945 1004 compluribus,
965 907 1117 1004 presidio
1142 911 1231 980 Tha·
1318 956 1320 962 ·

201 1035 319 1100 benam
341 1033 453 1102 mittit.
481 1030 608 1100 Eodem
635 1045 782 1123 tempore
806 1053 845 1098 ex
865 1028 1048 1123 legionibus
1078 1030 1232 1099 omnibus

201 1150 340 1236 milites,
357 1153 414 1244 qui
434 1164 490 1221 aut
516 1152 632 1220 morbo
650 1148 813 1242 impediti,
838 1162 910 1234 aut,
936 1163 1120 1218 commeatu
1140 1150 1232 1233 dato,

201 1295 277 1340 cum
294 1271 395 1364 signis
410 1294 476 1339 nou
502 1271 678 1364 potuerunt
700 1281 776 1336 ente
795 1268 931 1336 transire
952 1269 986 1334 iu
1004 1267 1168 1355 Africum,
1190 1271 1230 1338 ad

202 1389 303 1458 millia
319 1413 373 1475 iv,
388 1392 514 1482 equites
525 1412 587 1472 cu,
600 1387 783 1458 funditores
799 1388 1023 1481 sagittariique
1040 1385 1143 1474 mille,
1163 1413 1230 1458 uno

201 1525 385 1578 commeatu
406 1509 523 1580 caari
548 1520 775 1578 occurrerunt.
793 1509 909 1598 Itaque
937 1531 1012 1576 oum
1038 1507 1231 1600 biscopus,

201 1643 234 1696 et
266 1630 421 1698 omuibus
449 1627 632 1722 legionibus
655 1625 799 1712 eductis,
833 1626 918 1695 sicut
940 1641 1011 1695 erat
1036 1628 1232 1712 instructus,

201 1762 277 1816 octo
294 1747 439 1817 millibus
458 1771 613 1841 passuum
633 1745 675 1815 ab
689 1746 757 1816 suis
777 1746 906 1832 castris,
922 1744 963 1813 ab
977 1745 1140 1838 Scipionis
1153 1767 1231 1814 vero

201 1891 236 1934 rv
253 1864 396 1935 millibus
412 1889 568 1958 passuum
584 1863 681 1958 longe
699 1866 845 1934 constitit
863 1865 897 1932 in
912 1887 1039 1958 campo.

250 1987 436 2054 Lxxvtlt.
460 1987 541 2054 Erat
569 1984 727 2078 oppidum
743 1982 830 2051 infra
853 1997 958 2052 cestra
976 1983 1158 2074 Scipionis,
1173 2008 1232 2053 uo·

201 2104 291 2170 mine
308 2105 431 2196 Tegea,
445 2103 503 2172 ubi
518 2102 704 2196 presidium
723 2115 875 2196 equestre
893 2102 1024 2170 circiter
1038 2125 1082 2172 cn
1095 2126 1233 2172 numero

201 2221 321 2291 babere
338 2236 521 2291 consuerat.
534 2226 583 2292 Eo
598 2222 747 2314 equitatu
765 2220 879 2292 dextra
896 2221 1093 2315 sinistraque
1108 2221 1233 2292 directo

201 2342 243 2409 ab
260 2341 374 2436 oppidi
389 2340 559 2428 lateribus,
577 2343 665 2436 ipse,
684 2340 868 2434 legionibus
890 2365 929 2410 ex
952 2348 1067 2409 castris
1089 2341 1232 2428 edu'ctis,

201 2475 300 2554 atque
316 2463 350 2530 in
365 2462 446 2555 jugo
462 2461 616 2530 inferiore
634 2460 820 2544 instructis,
836 2482 904 2526 nou
918 2457 1048 2550 longius
1065 2459 1133 2528 fere
1145 2460 1234 2530 mille

200 2605 315 2674 passus
341 2581 384 2650 ab
406 2582 473 2648 suis
492 2579 731 2648 munitionibus
752 2599 958 2669 progressus,
972 2577 1006 2644 in
1022 2577 1092 2646 acie
1112 2581 1234 2648 consti·

200 2702 250 2768 tit.
264 2701 442 2792 Postquam
461 2698 585 2764 diutius
603 2698 637 2763 in
652 2719 720 2764 uno
738 2692 811 2763 loco
823 2696 935 2786 Scipio
949 2695 1233 2782 commorabatur,

200 2833 232 2885 ct
253 2831 383 2910 tempus
412 2815 476 2884 diei
497 2816 532 2883 iu
559 2815 627 2883 otio
653 2812 924 2896 consumebatur,
952 2814 1062 2882 Caesar
1085 2816 1252 2915 equitum,

200 2951 325 3004 turmas
342 2957 476 3002 suorum
490 2934 587 3027 jubet
605 2935 639 3002 in
657 2934 802 3003 bostium
821 2933 1020 3026 equitatum,
1036 2933 1095 3026 qui
1111 2932 1154 3001 ad
1174 2958 1234 3027 op·

201 3053 317 3146 pidum
336 3055 370 3120 iu
388 3054 528 3124 statione
552 3068 638 3140 erat,
658 3053 765 3123 sacere
784 3051 1045 3144 impressionem
1063 3047 1234 3146 levemque

200 3187 415 3258 conaturam,
434 3174 635 3268 sagittarios,
654 3171 901 3265 funditoresque
918 3170 1033 3244 eodem
1057 3173 1231 3246 submittit.

199 3292 301 3382 Quod
327 3293 383 3361 ubi
407 3306 551 3387 coeptum
576 3307 626 3362 cst
643 3292 728 3377 fieri,
749 3307 784 3362 et
809 3293 901 3384 equis
921 3293 1093 3362 concitatis
1110 3291 1231 3363 Juliaoi

201 3415 363 3506 impetum
388 3412 554 3496 iecissent,
582 3411 734 3482 Pacidius
764 3435 840 3483 suos
867 3414 993 3504 equites
1027 3398 1239 3507 exporrigere

187 3535 299 3627 coepit
319 3534 353 3602 in
376 3530 635 3627 longitudinem,
654 3545 692 3600 ut
711 3530 870 3600 habereut
896 3528 1084 3599 facultatem
1110 3545 1234 3599 turmas

201 3650 347 3722 Julianus
365 3651 607 3740 circumfundi,
628 3665 660 3721 et
682 3649 897 3720 nihilominus
919 3648 1095 3718 fortissime
1114 3650 1235 3718 acerri-

202 3795 319 3863 meque
350 3795 510 3866 pugnare.
539 3755 640 3860 Quod
670 3771 725 3840 ubi
753 3772 862 3838 Caesar
888 3765 1133 3855 animadvertit,
1155 3789 1235 3855 ooc,

202 3911 284 3980 quos
300 3914 340 3960 ex
357 3890 541 3985 legionibus
551 3893 674 3962 babere
693 3887 860 3984 expeditos
875 3903 1110 3976 consueverat,
1131 3911 1170 3958 ex
1187 3885 1234 3956 le-

203 4010 315 4101 gione,
328 4031 401 4100 qute
422 4012 570 4104 proxima
589 4013 618 4080 ei
629 4010 746 4105 proelio
763 4013 797 4079 in
815 4009 885 4078 acie
912 4009 1122 4097 constiterat,
1138 4008 1236 4101 jubet
