3048 4770
270 358 308 417 58
375 362 406 419 C.
429 362 526 417 JULll
547 363 711 420 CAESARIS
731 367 852 423 COMM.
873 367 924 423 DE
946 367 1064 424 BELLO
1083 371 1192 425 GALL.

270 499 518 579 pugnatumque
546 486 587 554 ab
609 487 759 556 hostibus
782 490 828 558 ita
851 489 987 575 acriter,
1010 505 1048 559 ut
1072 516 1092 559 a
1115 493 1194 560 viris
1214 493 1305 561 forti-

269 604 345 692 bus,
361 605 396 672 in
413 617 557 674 extrema
571 629 628 698 spe
643 603 773 691 salutis,
789 608 906 700 iniquo
925 606 1012 697 loco,
1028 623 1146 677 contra
1160 635 1231 698 eos,
1248 614 1304 704 qui

202 703 204 710 ,
269 747 308 790 ex
322 721 408 792 vallo
422 724 632 816 turribusque
644 723 710 794 tela
723 727 887 817 jacerent,
902 729 1045 822 pugnari
1060 728 1190 816 debuit,
1203 755 1306 823 quum

269 842 303 908 in
320 866 387 911 una
412 843 534 911 virtute
555 843 662 912 omnis
686 869 760 938 spes
777 845 890 915 salutis
908 849 1111 917 consisteret.
1135 849 1307 935 Occisi5ad

268 959 441 1030 hominum
462 960 609 1032 millibus
629 979 786 1058 quatuor,
808 964 928 1060 reliqui
952 968 987 1035 in
1009 966 1171 1061 oppidum
1196 969 1309 1062 rejecti

269 1093 356 1148 sunt.
375 1068 539 1151 Postridie
557 1084 628 1176 ejus
643 1083 724 1171 diei,
739 1085 887 1155 refractis
908 1087 1029 1180 portis,
1046 1110 1150 1179 quum
1164 1088 1233 1179 jam
1255 1088 1330 1156 de·.

269 1197 418 1270 lenderet
439 1225 552 1288 nemo,
571 1216 671 1296 atque
694 1205 890 1274 intromissis
908 1205 1068 1274 militibus
1084 1207 1220 1291 nostris,
1246 1229 1309 1274 seo

269 1321 394 1388 tionem
416 1320 485 1412 ejus
511 1321 626 1415 oppidi
647 1323 839 1393 universam
864 1327 973 1394 Caesar
992 1322 1151 1392 vendidit.
1173 1323 1226 1392 Ab
1240 1322 1308 1411 bis,

268 1441 324 1532 qui
346 1455 512 1526 emerant,
532 1442 679 1535 capitum
696 1467 855 1513 numerus
871 1443 914 1512 ad
932 1469 1008 1512 eum
1030 1443 1153 1513 relatus
1166 1458 1216 1512 est
1232 1442 1308 1511 mil·

269 1557 350 1627 lium
367 1583 439 1629 nur.

224 1784 226 1791 k
317 1683 472 1752 XXXIV.
503 1682 628 1752 Eodem
654 1699 802 1800 tempore
828 1710 847 1753 a
875 1687 912 1753 P.
941 1687 1076 1772 Crasso,
1103 1709 1201 1778 quern
1232 1709 1307 1752 oum
1397 1707 1413 1748 ·.

268 1797 397 1894 legione
425 1827 490 1871 una
521 1805 655 1872 miserat
681 1803 722 1872 ad
750 1807 915 1891 Venetos,
940 1803 1102 1890 Unellos,
1123 1793 1309 1889 'Osismios,

268 1907 504 2008 Coriosolitas,
529 1925 700 2011 Sesnvios,
721 1923 894 2009 Aulercos,
920 1924 1111 2010 Rhedones,
1136 1947 1210 2017 quae
1231 1937 1311 1991 sunt

268 2042 442 2109 maritimae
461 2043 623 2130 civitates,
641 2047 878 2136 Oceanumque
896 2045 1081 2137 attingunt,
1098 2043 1221 2110 certior
1237 2042 1309 2110 fac-

268 2173 320 2228 tus
340 2174 390 2228 est
408 2183 522 2229 omnes
542 2186 596 2230 eas
621 2163 769 2241 civitates
791 2163 825 2231 in
857 2160 1017 2230 ditionem
1045 2175 1309 2254 potestatemque

269 2278 385 2372 populi
401 2282 530 2350 romani
547 2305 616 2349 esse
633 2281 789 2350 redactas.

315 2401 456 2468 XXXV.
486 2401 545 2468 His
570 2400 668 2469 rebus
692 2401 807 2494 gestis,
824 2401 915 2468 omni
934 2396 1045 2468 Gallia
1066 2413 1197 2492 pacata,
1216 2411 1310 2466 tanta

268 2519 366 2613 hujus
387 2517 468 2587 belli
493 2519 536 2587 ad
561 2519 718 2589 barbaros
747 2521 861 2612 opinio
890 2518 1015 2613 perlata
1040 2532 1102 2604 est,
1124 2519 1173 2585 uti
1193 2517 1234 2584 ab
1255 2517 1309 2585 his

268 2639 474 2724 nationibus,
494 2664 567 2732 quae
586 2653 678 2707 trans
702 2639 857 2707 Rhenum
876 2636 1074 2723 incolerent,
1096 2639 1311 2706 mitterentur

269 2759 367 2855 legati
390 2759 432 2830 ad
457 2764 635 2846 Caesarem,
660 2784 733 2852 quae
762 2783 795 2826 se
823 2757 953 2827 obsides
971 2757 1121 2844 daturas,
1146 2759 1311 2850 imperata

268 2881 429 2966 facturas,
451 2877 698 2972 pollicerentur.
716 2880 809 2968 Quas
826 2876 1008 2971 legationes
1023 2881 1148 2965 Caesar,
1165 2875 1255 2970 quod
1273 2879 1310 2946 in

266 2995 398 3066 Italiam
419 2995 656 3092 Illyricumque
680 2998 896 3090 properabat,
921 2998 1003 3066 inita
1025 2998 1177 3091 proxima
1196 3009 1310 3066 aestate

331 3141 365 3184 se
380 3117 500 3185 reverti
518 3119 626 3210 jussit
645 3121 721 3210 lpse
741 3117 776 3185 in
797 3120 975 3202 Carnutes,
995 3115 1123 3201 Andes,
1142 3118 1312 3186 Turones·

268 3260 347 3330 que,
371 3260 444 3330 quae
464 3237 613 3306 civitates
637 3238 833 3330 propinquae
850 3236 902 3303 his
927 3233 1010 3303 locis
1030 3247 1141 3320 erant,
1162 3234 1220 3302 ubi
1242 3235 1311 3304 bel·

269 3356 338 3428 lum
351 3371 514 3452 gesserat,
533 3354 718 3451 legionibus
733 3357 768 3424 in
784 3355 922 3424 hiberna
938 3353 1105 3440 deductis,
1121 3353 1157 3420 in
1175 3349 1305 3422 ltaliam

268 3477 434 3571 profectus
450 3492 518 3548 est:
535 3476 578 3544 ob
593 3498 712 3569 easque
725 3500 793 3562 res,
809 3499 850 3544 ex
870 3473 989 3545 litteris
1003 3474 1162 3562 Caesaris,
1180 3459 1249 3542 dies
1262 3493 1307 3540 xv

269 3594 467 3689 supplicatio
492 3594 623 3664 decreta
653 3610 717 3674 est,
743 3594 833 3688 quod
866 3611 943 3663 ante
969 3595 1003 3663 id
1033 3608 1162 3686 tempus
1188 3591 1307 3662 accidit

270 3713 360 3783 nulli.

637 3943 653 3950 ..
661 3933 939 3958 ..φ-.-
