<?xml version="1.0" encoding="UTF-8"?>
<!DOCTYPE html PUBLIC "-//W3C//DTD XHTML 1.0 Transitional//EN"
    "http://www.w3.org/TR/xhtml1/DTD/xhtml1-transitional.dtd">
<html xmlns="http://www.w3.org/1999/xhtml" xml:lang="en" lang="en">
 <head>
  <title>
</title>
<meta http-equiv="Content-Type" content="text/html;charset=utf-8" />
  <meta name='ocr-system' content='tesseract 3.04.00' />
  <meta name='ocr-capabilities' content='ocr_page ocr_carea ocr_par ocr_line ocrx_word'/>
</head>
<body>
  <div class='ocr_page' id='page_1' title='image "./cjcaesarisopera00caesgoog_0586.png"; bbox 0 0 3060 4768; ppageno 0'>
   <div class='ocr_carea' id='block_1_1' title="bbox 292 405 1154 464">
    <p class='ocr_par' dir='ltr' id='par_1_1' title="bbox 292 405 1154 464">
     <span class='ocr_line' id='line_1_1' title="bbox 292 405 1154 464; baseline 0 -2"><span class='ocrx_word' id='word_1_1' title='bbox 292 406 349 464; x_wconf 73' lang='lat' dir='ltr'><strong>aso</strong></span> <span class='ocrx_word' id='word_1_2' title='bbox 466 409 496 463; x_wconf 89' lang='lat' dir='ltr'><strong>C.</strong></span> <span class='ocrx_word' id='word_1_3' title='bbox 515 407 613 463; x_wconf 81' lang='lat' dir='ltr'><strong>sum</strong></span> <span class='ocrx_word' id='word_1_4' title='bbox 633 405 802 463; x_wconf 77' lang='lat' dir='ltr'><strong>cAEsams</strong></span> <span class='ocrx_word' id='word_1_5' title='bbox 823 405 1023 462; x_wconf 78' lang='lat' dir='ltr'><strong>CObsslENT.</strong></span> <span class='ocrx_word' id='word_1_6' title='bbox 1044 407 1154 462; x_wconf 79' lang='lat' dir='ltr'>UBER</span> 
     </span>
    </p>
   </div>
   <div class='ocr_carea' id='block_1_2' title="bbox 290 529 1319 1578">
    <p class='ocr_par' dir='ltr' id='par_1_2' title="bbox 290 529 1319 1578">
     <span class='ocr_line' id='line_1_2' title="bbox 291 529 1319 626; baseline -0.002 -24"><span class='ocrx_word' id='word_1_7' title='bbox 291 558 347 604; x_wconf 89' lang='lat' dir='ltr'><strong>nes</strong></span> <span class='ocrx_word' id='word_1_8' title='bbox 367 558 434 601; x_wconf 93' lang='lat' dir='ltr'><strong>non</strong></span> <span class='ocrx_word' id='word_1_9' title='bbox 451 557 568 626; x_wconf 89' lang='lat' dir='ltr'><strong>parum</strong></span> <span class='ocrx_word' id='word_1_10' title='bbox 589 531 715 599; x_wconf 88' lang='lat' dir='ltr'><strong>idonea.</strong></span> <span class='ocrx_word' id='word_1_11' title='bbox 735 532 822 600; x_wconf 86' lang='lat' dir='ltr'><strong>Nam</strong></span> <span class='ocrx_word' id='word_1_12' title='bbox 846 531 913 622; x_wconf 73' lang='lat' dir='ltr'><strong>iere</strong></span> <span class='ocrx_word' id='word_1_13' title='bbox 935 533 1038 600; x_wconf 85' lang='lat' dir='ltr'><strong>totius</strong></span> <span class='ocrx_word' id='word_1_14' title='bbox 1055 529 1229 600; x_wconf 86' lang='lat' dir='ltr'><strong>Ulterioris</strong></span> <span class='ocrx_word' id='word_1_15' title='bbox 1250 533 1319 600; x_wconf 83' lang='lat' dir='ltr'><strong>llis-</strong></span> 
     </span>
     <span class='ocr_line' id='line_1_3' title="bbox 292 649 1319 747; baseline -0.003 -25"><span class='ocrx_word' id='word_1_16' title='bbox 292 655 396 747; x_wconf 84' lang='lat' dir='ltr'><strong>paniae</strong></span> <span class='ocrx_word' id='word_1_17' title='bbox 415 654 522 746; x_wconf 88' lang='lat' dir='ltr'><strong>regio,</strong></span> <span class='ocrx_word' id='word_1_18' title='bbox 540 665 677 745; x_wconf 88' lang='lat' dir='ltr'><strong>propter</strong></span> <span class='ocrx_word' id='word_1_19' title='bbox 693 665 787 718; x_wconf 79' lang='lat' dir='ltr'><strong>terrae</strong></span> <span class='ocrx_word' id='word_1_20' title='bbox 810 649 1060 732; x_wconf 85' lang='lat' dir='ltr'><strong>fecunditatem,</strong></span> <span class='ocrx_word' id='word_1_21' title='bbox 1090 653 1220 744; x_wconf 82' lang='lat' dir='ltr'>inopem</span> <span class='ocrx_word' id='word_1_22' title='bbox 1236 651 1319 720; x_wconf 88' lang='lat' dir='ltr'><strong>diffi-</strong></span> 
     </span>
     <span class='ocr_line' id='line_1_4' title="bbox 291 769 1317 866; baseline -0.003 -25"><span class='ocrx_word' id='word_1_23' title='bbox 291 772 561 865; x_wconf 83' lang='lat' dir='ltr'><strong>cilemquehabct</strong></span> <span class='ocrx_word' id='word_1_24' title='bbox 578 777 875 866; x_wconf 70' lang='lat' dir='ltr'><strong>oppugnationem,</strong></span> <span class='ocrx_word' id='word_1_25' title='bbox 893 784 926 837; x_wconf 91' lang='lat' dir='ltr'><strong>et</strong></span> <span class='ocrx_word' id='word_1_26' title='bbox 944 795 1010 837; x_wconf 93' lang='lat' dir='ltr'><strong>non</strong></span> <span class='ocrx_word' id='word_1_27' title='bbox 1029 769 1138 837; x_wconf 90' lang='lat' dir='ltr'><strong>minus</strong></span> <span class='ocrx_word' id='word_1_28' title='bbox 1153 771 1317 863; x_wconf 76' lang='lat' dir='ltr'><strong>copiosam</strong></span> 
     </span>
     <span class='ocr_line' id='line_1_5' title="bbox 291 888 1319 985; baseline -0.002 -25"><span class='ocrx_word' id='word_1_29' title='bbox 291 892 510 985; x_wconf 81' lang='lat' dir='ltr'><strong>aquationem.</strong></span> <span class='ocrx_word' id='word_1_30' title='bbox 529 891 591 958; x_wconf 91' lang='lat' dir='ltr'><strong>Hic</strong></span> <span class='ocrx_word' id='word_1_31' title='bbox 610 891 710 957; x_wconf 87' lang='lat' dir='ltr'><strong>etiam</strong></span> <span class='ocrx_word' id='word_1_32' title='bbox 728 903 863 983; x_wconf 86' lang='lat' dir='ltr'><strong>propter</strong></span> <span class='ocrx_word' id='word_1_33' title='bbox 881 889 1100 957; x_wconf 88' lang='lat' dir='ltr'><strong>Barbarorum</strong></span> <span class='ocrx_word' id='word_1_34' title='bbox 1118 888 1250 957; x_wconf 86' lang='lat' dir='ltr'><strong>crebras</strong></span> <span class='ocrx_word' id='word_1_35' title='bbox 1268 915 1319 958; x_wconf 84' lang='lat' dir='ltr'><strong>ex·</strong></span> 
     </span>
     <span class='ocr_line' id='line_1_6' title="bbox 291 1008 1318 1103; baseline -0.002 -24"><span class='ocrx_word' id='word_1_36' title='bbox 291 1013 458 1080; x_wconf 79' lang='lat' dir='ltr'><strong>cursiones</strong></span> <span class='ocrx_word' id='word_1_37' title='bbox 472 1011 582 1079; x_wconf 90' lang='lat' dir='ltr'><strong>omnia</strong></span> <span class='ocrx_word' id='word_1_38' title='bbox 603 1008 690 1094; x_wconf 87' lang='lat' dir='ltr'><strong>loca,</strong></span> <span class='ocrx_word' id='word_1_39' title='bbox 704 1033 777 1103; x_wconf 83' lang='lat' dir='ltr'><strong>quae</strong></span> <span class='ocrx_word' id='word_1_40' title='bbox 793 1024 870 1077; x_wconf 91' lang='lat' dir='ltr'><strong>sunt</strong></span> <span class='ocrx_word' id='word_1_41' title='bbox 885 1009 927 1077; x_wconf 91' lang='lat' dir='ltr'><strong>ab</strong></span> <span class='ocrx_word' id='word_1_42' title='bbox 937 1008 1066 1102; x_wconf 90' lang='lat' dir='ltr'><strong>oppidis</strong></span> <span class='ocrx_word' id='word_1_43' title='bbox 1085 1024 1235 1096; x_wconf 88' lang='lat' dir='ltr'><strong>remota,</strong></span> <span class='ocrx_word' id='word_1_44' title='bbox 1250 1022 1318 1078; x_wconf 89' lang='lat' dir='ltr'><strong>tur·</strong></span> 
     </span>
     <span class='ocr_line' id='line_1_7' title="bbox 291 1126 1319 1214; baseline -0.002 -16"><span class='ocrx_word' id='word_1_45' title='bbox 291 1131 381 1199; x_wconf 83' lang='lat' dir='ltr'><strong>ribus</strong></span> <span class='ocrx_word' id='word_1_46' title='bbox 397 1144 429 1197; x_wconf 86' lang='lat' dir='ltr'><strong>et</strong></span> <span class='ocrx_word' id='word_1_47' title='bbox 446 1129 683 1201; x_wconf 69' lang='lat' dir='ltr'><strong>munitionibus</strong></span> <span class='ocrx_word' id='word_1_48' title='bbox 700 1129 903 1214; x_wconf 83' lang='lat' dir='ltr'><strong>retinentur,</strong></span> <span class='ocrx_word' id='word_1_49' title='bbox 919 1141 952 1194; x_wconf 89' lang='lat' dir='ltr'><strong>et</strong></span> <span class='ocrx_word' id='word_1_50' title='bbox 967 1129 1052 1196; x_wconf 90' lang='lat' dir='ltr'><strong>sicut</strong></span> <span class='ocrx_word' id='word_1_51' title='bbox 1068 1127 1102 1193; x_wconf 94' lang='lat' dir='ltr'><strong>in</strong></span> <span class='ocrx_word' id='word_1_52' title='bbox 1119 1126 1250 1214; x_wconf 76' lang='lat' dir='ltr'><strong>Africa,</strong></span> <span class='ocrx_word' id='word_1_53' title='bbox 1266 1153 1319 1196; x_wconf 89' lang='lat' dir='ltr'><strong>ru·</strong></span> 
     </span>
     <span class='ocr_line' id='line_1_8' title="bbox 291 1244 1318 1342; baseline -0.002 -26"><span class='ocrx_word' id='word_1_54' title='bbox 291 1249 387 1342; x_wconf 76' lang='lat' dir='ltr'><strong>dere,</strong></span> <span class='ocrx_word' id='word_1_55' title='bbox 418 1272 485 1315; x_wconf 92' lang='lat' dir='ltr'><strong>non</strong></span> <span class='ocrx_word' id='word_1_56' title='bbox 507 1245 648 1340; x_wconf 91' lang='lat' dir='ltr'><strong>tegulis,</strong></span> <span class='ocrx_word' id='word_1_57' title='bbox 676 1260 850 1340; x_wconf 85' lang='lat' dir='ltr'><strong>teguntur3</strong></span> <span class='ocrx_word' id='word_1_58' title='bbox 881 1244 1042 1338; x_wconf 90' lang='lat' dir='ltr'><strong>simulque</strong></span> <span class='ocrx_word' id='word_1_59' title='bbox 1063 1246 1097 1313; x_wconf 94' lang='lat' dir='ltr'><strong>in</strong></span> <span class='ocrx_word' id='word_1_60' title='bbox 1122 1245 1318 1314; x_wconf 71' lang='lat' dir='ltr'><strong>eishabent</strong></span> 
     </span>
     <span class='ocr_line' id='line_1_9' title="bbox 291 1362 1318 1461; baseline -0.004 -25"><span class='ocrx_word' id='word_1_61' title='bbox 291 1364 455 1461; x_wconf 81' lang='lat' dir='ltr'><strong>speculas,</strong></span> <span class='ocrx_word' id='word_1_62' title='bbox 474 1380 507 1433; x_wconf 89' lang='lat' dir='ltr'><strong>et</strong></span> <span class='ocrx_word' id='word_1_63' title='bbox 529 1377 665 1459; x_wconf 88' lang='lat' dir='ltr'><strong>propter</strong></span> <span class='ocrx_word' id='word_1_64' title='bbox 683 1363 888 1434; x_wconf 84' lang='lat' dir='ltr'><strong>altitudinem</strong></span> <span class='ocrx_word' id='word_1_65' title='bbox 914 1362 1012 1459; x_wconf 90' lang='lat' dir='ltr'><strong>longe</strong></span> <span class='ocrx_word' id='word_1_66' title='bbox 1042 1364 1173 1458; x_wconf 89' lang='lat' dir='ltr'><strong>lateque</strong></span> <span class='ocrx_word' id='word_1_67' title='bbox 1192 1367 1318 1458; x_wconf 85' lang='lat' dir='ltr'><strong>prospi-</strong></span> 
     </span>
     <span class='ocr_line' id='line_1_10' title="bbox 290 1461 1319 1578; baseline -0.003 -23"><span class='ocrx_word' id='word_1_68' title='bbox 290 1487 392 1555; x_wconf 88' lang='lat' dir='ltr'><strong>ciunt.</strong></span> <span class='ocrx_word' id='word_1_69' title='bbox 413 1489 496 1552; x_wconf 89' lang='lat' dir='ltr'><strong>Item</strong></span> <span class='ocrx_word' id='word_1_70' title='bbox 513 1485 712 1578; x_wconf 89' lang='lat' dir='ltr'><strong>oppidorum</strong></span> <span class='ocrx_word' id='word_1_71' title='bbox 728 1461 846 1577; x_wconf 87' lang='lat' dir='ltr'><strong>magna</strong></span> <span class='ocrx_word' id='word_1_72' title='bbox 861 1463 935 1578; x_wconf 85' lang='lat' dir='ltr'><strong>pars</strong></span> <span class='ocrx_word' id='word_1_73' title='bbox 946 1485 1020 1577; x_wconf 80' lang='lat' dir='ltr'><strong>ejus</strong></span> <span class='ocrx_word' id='word_1_74' title='bbox 1034 1487 1211 1577; x_wconf 77' lang='lat' dir='ltr'><strong>provinciae</strong></span> <span class='ocrx_word' id='word_1_75' title='bbox 1225 1509 1319 1552; x_wconf 87' lang='lat' dir='ltr'><strong>mon·</strong></span> 
     </span>
    </p>
   </div>
   <div class='ocr_carea' id='block_1_3' title="bbox 181 1603 1316 1692">
    <p class='ocr_par' dir='ltr' id='par_1_3' title="bbox 181 1603 1316 1692">
     <span class='ocr_line' id='line_1_11' title="bbox 181 1603 1316 1692; baseline -0.002 -18"><span class='ocrx_word' id='word_1_76' title='bbox 181 1619 190 1632; x_wconf 93' lang='lat'>&#39;</span> <span class='ocrx_word' id='word_1_77' title='bbox 291 1607 378 1676; x_wconf 90' lang='lat' dir='ltr'><strong>tibus</strong></span> <span class='ocrx_word' id='word_1_78' title='bbox 395 1605 461 1674; x_wconf 85' lang='lat' dir='ltr'><strong>fere</strong></span> <span class='ocrx_word' id='word_1_79' title='bbox 478 1606 623 1692; x_wconf 89' lang='lat' dir='ltr'><strong>munita,</strong></span> <span class='ocrx_word' id='word_1_80' title='bbox 640 1619 672 1672; x_wconf 91' lang='lat' dir='ltr'><strong>et</strong></span> <span class='ocrx_word' id='word_1_81' title='bbox 687 1619 805 1672; x_wconf 89' lang='lat' dir='ltr'><strong>natura</strong></span> <span class='ocrx_word' id='word_1_82' title='bbox 823 1603 1054 1672; x_wconf 84' lang='lat' dir='ltr'><strong>excellentibus</strong></span> <span class='ocrx_word' id='word_1_83' title='bbox 1069 1603 1151 1673; x_wconf 88' lang='lat' dir='ltr'><strong>loeis</strong></span> <span class='ocrx_word' id='word_1_84' title='bbox 1168 1619 1217 1672; x_wconf 90' lang='lat' dir='ltr'><strong>est</strong></span> <span class='ocrx_word' id='word_1_85' title='bbox 1235 1630 1316 1673; x_wconf 88' lang='lat' dir='ltr'><strong>con·</strong></span> 
     </span>
    </p>
   </div>
   <div class='ocr_carea' id='block_1_4' title="bbox 197 1721 1318 3347">
    <p class='ocr_par' dir='ltr' id='par_1_4' title="bbox 197 1721 1318 3347">
     <span class='ocr_line' id='line_1_12' title="bbox 292 1721 1314 1816; baseline 0.001 -23"><span class='ocrx_word' id='word_1_86' title='bbox 292 1726 421 1813; x_wconf 87' lang='lat' dir='ltr'><strong>stituta,</strong></span> <span class='ocrx_word' id='word_1_87' title='bbox 451 1737 489 1792; x_wconf 91' lang='lat' dir='ltr'><strong>ut</strong></span> <span class='ocrx_word' id='word_1_88' title='bbox 511 1721 608 1792; x_wconf 88' lang='lat' dir='ltr'><strong>simul</strong></span> <span class='ocrx_word' id='word_1_89' title='bbox 637 1723 744 1792; x_wconf 86' lang='lat' dir='ltr'><strong>aditus</strong></span> <span class='ocrx_word' id='word_1_90' title='bbox 771 1735 985 1816; x_wconf 75' lang='lat' dir='ltr'><strong>ascensusque</strong></span> <span class='ocrx_word' id='word_1_91' title='bbox 1013 1724 1132 1792; x_wconf 90' lang='lat' dir='ltr'><strong>habeat</strong></span> <span class='ocrx_word' id='word_1_92' title='bbox 1155 1723 1314 1794; x_wconf 84' lang='lat' dir='ltr'><strong>difficiles.</strong></span> 
     </span>
     <span class='ocr_line' id='line_1_13' title="bbox 197 1840 1317 1938; baseline -0.002 -26"><span class='ocrx_word' id='word_1_93' title='bbox 197 1921 201 1932; x_wconf 31' lang='grc' dir='ltr'>ι</span> <span class='ocrx_word' id='word_1_94' title='bbox 291 1849 342 1912; x_wconf 89' lang='lat' dir='ltr'><strong>Ita</strong></span> <span class='ocrx_word' id='word_1_95' title='bbox 361 1846 403 1912; x_wconf 84' lang='lat' dir='ltr'><strong>ab</strong></span> <span class='ocrx_word' id='word_1_96' title='bbox 415 1843 717 1938; x_wconf 81' lang='lat' dir='ltr'><strong>oppugnationibus</strong></span> <span class='ocrx_word' id='word_1_97' title='bbox 738 1858 856 1910; x_wconf 89' lang='lat' dir='ltr'><strong>natura</strong></span> <span class='ocrx_word' id='word_1_98' title='bbox 874 1840 938 1911; x_wconf 90' lang='lat' dir='ltr'><strong>loci</strong></span> <span class='ocrx_word' id='word_1_99' title='bbox 958 1842 1168 1928; x_wconf 79' lang='lat' dir='ltr'><strong>distinemur,</strong></span> <span class='ocrx_word' id='word_1_100' title='bbox 1184 1857 1222 1911; x_wconf 91' lang='lat' dir='ltr'><strong>ut</strong></span> <span class='ocrx_word' id='word_1_101' title='bbox 1240 1843 1317 1911; x_wconf 87' lang='lat' dir='ltr'><strong>civi-</strong></span> 
     </span>
     <span class='ocr_line' id='line_1_14' title="bbox 291 1960 1317 2056; baseline 0.002 -26"><span class='ocrx_word' id='word_1_102' title='bbox 291 1977 373 2030; x_wconf 84' lang='lat' dir='ltr'><strong>tates</strong></span> <span class='ocrx_word' id='word_1_103' title='bbox 393 1963 559 2055; x_wconf 77' lang='lat' dir='ltr'><strong>Hispaniae</strong></span> <span class='ocrx_word' id='word_1_104' title='bbox 586 1986 653 2029; x_wconf 88' lang='lat' dir='ltr'><strong>non</strong></span> <span class='ocrx_word' id='word_1_105' title='bbox 675 1960 769 2029; x_wconf 88' lang='lat' dir='ltr'><strong>facile</strong></span> <span class='ocrx_word' id='word_1_106' title='bbox 784 1961 825 2030; x_wconf 85' lang='lat' dir='ltr'><strong>ab</strong></span> <span class='ocrx_word' id='word_1_107' title='bbox 842 1962 934 2030; x_wconf 88' lang='lat' dir='ltr'><strong>hoste</strong></span> <span class='ocrx_word' id='word_1_108' title='bbox 950 1963 1122 2054; x_wconf 89' lang='lat' dir='ltr'><strong>capiantur</strong></span> <span class='ocrx_word' id='word_1_109' title='bbox 1147 1987 1155 2030; x_wconf 77' lang='grc' dir='ltr'><strong><em>ε</em></strong></span> <span class='ocrx_word' id='word_1_110' title='bbox 1176 1962 1210 2030; x_wconf 91' lang='lat' dir='ltr'><strong>id</strong></span> <span class='ocrx_word' id='word_1_111' title='bbox 1226 1963 1317 2056; x_wconf 92' lang='lat' dir='ltr'><strong>quod</strong></span> 
     </span>
     <span class='ocr_line' id='line_1_15' title="bbox 292 2077 1317 2174; baseline 0.002 -26"><span class='ocrx_word' id='word_1_112' title='bbox 292 2083 326 2148; x_wconf 95' lang='lat' dir='ltr'><strong>in</strong></span> <span class='ocrx_word' id='word_1_113' title='bbox 341 2081 404 2148; x_wconf 91' lang='lat' dir='ltr'><strong>hoc</strong></span> <span class='ocrx_word' id='word_1_114' title='bbox 424 2081 563 2172; x_wconf 87' lang='lat' dir='ltr'><strong>contigit</strong></span> <span class='ocrx_word' id='word_1_115' title='bbox 579 2077 676 2156; x_wconf 89' lang='lat' dir='ltr'><strong>bello.</strong></span> <span class='ocrx_word' id='word_1_116' title='bbox 697 2082 796 2166; x_wconf 86' lang='lat' dir='ltr'><strong>Num,</strong></span> <span class='ocrx_word' id='word_1_117' title='bbox 816 2081 873 2148; x_wconf 90' lang='lat' dir='ltr'><strong>ubi</strong></span> <span class='ocrx_word' id='word_1_118' title='bbox 893 2083 980 2150; x_wconf 91' lang='lat' dir='ltr'><strong>inter</strong></span> <span class='ocrx_word' id='word_1_119' title='bbox 994 2085 1157 2174; x_wconf 77' lang='lat' dir='ltr'><strong>Ateguam</strong></span> <span class='ocrx_word' id='word_1_120' title='bbox 1175 2098 1208 2151; x_wconf 87' lang='lat' dir='ltr'><strong>at</strong></span> <span class='ocrx_word' id='word_1_121' title='bbox 1225 2085 1317 2152; x_wconf 91' lang='lat' dir='ltr'><strong>Ucu-</strong></span> 
     </span>
     <span class='ocr_line' id='line_1_16' title="bbox 289 2197 1317 2293; baseline 0.004 -26"><span class='ocrx_word' id='word_1_122' title='bbox 289 2200 376 2283; x_wconf 90' lang='lat' dir='ltr'><strong>bim,</strong></span> <span class='ocrx_word' id='word_1_123' title='bbox 398 2221 470 2290; x_wconf 90' lang='lat' dir='ltr'><strong>quae</strong></span> <span class='ocrx_word' id='word_1_124' title='bbox 488 2197 611 2290; x_wconf 85' lang='lat' dir='ltr'><strong>oppida</strong></span> <span class='ocrx_word' id='word_1_125' title='bbox 629 2221 728 2289; x_wconf 86' lang='lat' dir='ltr'><strong>supra</strong></span> <span class='ocrx_word' id='word_1_126' title='bbox 746 2213 823 2266; x_wconf 92' lang='lat' dir='ltr'><strong>sunt</strong></span> <span class='ocrx_word' id='word_1_127' title='bbox 841 2203 979 2293; x_wconf 89' lang='lat' dir='ltr'><strong>scripta,</strong></span> <span class='ocrx_word' id='word_1_128' title='bbox 997 2202 1172 2293; x_wconf 88' lang='lat' dir='ltr'><strong>Pompeius</strong></span> <span class='ocrx_word' id='word_1_129' title='bbox 1200 2201 1317 2271; x_wconf 84' lang='lat' dir='ltr'><strong>habuit</strong></span> 
     </span>
     <span class='ocr_line' id='line_1_17' title="bbox 291 2318 1315 2413; baseline 0.003 -26"><span class='ocrx_word' id='word_1_130' title='bbox 291 2331 396 2388; x_wconf 88' lang='lat' dir='ltr'><strong>castra</strong></span> <span class='ocrx_word' id='word_1_131' title='bbox 417 2319 595 2385; x_wconf 89' lang='lat' dir='ltr'><strong>constituta</strong></span> <span class='ocrx_word' id='word_1_132' title='bbox 622 2318 656 2383; x_wconf 89' lang='lat' dir='ltr'><strong>in</strong></span> <span class='ocrx_word' id='word_1_133' title='bbox 675 2331 850 2410; x_wconf 88' lang='lat' dir='ltr'><strong>conspectu</strong></span> <span class='ocrx_word' id='word_1_134' title='bbox 863 2319 1005 2387; x_wconf 87' lang='lat' dir='ltr'><strong>duorum</strong></span> <span class='ocrx_word' id='word_1_135' title='bbox 1025 2321 1246 2413; x_wconf 87' lang='lat' dir='ltr'><strong>oppidorum,</strong></span> <span class='ocrx_word' id='word_1_136' title='bbox 1272 2323 1315 2390; x_wconf 86' lang='lat' dir='ltr'><strong>ab</strong></span> 
     </span>
     <span class='ocr_line' id='line_1_18' title="bbox 289 2434 1316 2531; baseline 0.003 -26"><span class='ocrx_word' id='word_1_137' title='bbox 289 2437 355 2506; x_wconf 91' lang='lat' dir='ltr'><strong>suis</strong></span> <span class='ocrx_word' id='word_1_138' title='bbox 371 2437 486 2504; x_wconf 88' lang='lat' dir='ltr'><strong>castris</strong></span> <span class='ocrx_word' id='word_1_139' title='bbox 503 2436 634 2503; x_wconf 87' lang='lat' dir='ltr'><strong>circiter</strong></span> <span class='ocrx_word' id='word_1_140' title='bbox 645 2434 747 2503; x_wconf 89' lang='lat' dir='ltr'><strong>millia</strong></span> <span class='ocrx_word' id='word_1_141' title='bbox 760 2459 914 2529; x_wconf 82' lang='lat' dir='ltr'><strong>passuum</strong></span> <span class='ocrx_word' id='word_1_142' title='bbox 932 2459 984 2522; x_wconf 79' lang='lat' dir='ltr'><strong>tv,</strong></span> <span class='ocrx_word' id='word_1_143' title='bbox 1000 2463 1136 2531; x_wconf 83' lang='lat' dir='ltr'><strong>grumas</strong></span> <span class='ocrx_word' id='word_1_144' title='bbox 1145 2455 1195 2508; x_wconf 88' lang='lat' dir='ltr'><strong>est</strong></span> <span class='ocrx_word' id='word_1_145' title='bbox 1210 2440 1316 2510; x_wconf 85' lang='lat' dir='ltr'><strong>excel-</strong></span> 
     </span>
     <span class='ocr_line' id='line_1_19' title="bbox 289 2543 1318 2652; baseline 0.004 -26"><span class='ocrx_word' id='word_1_146' title='bbox 289 2555 358 2626; x_wconf 86' lang='lat' dir='ltr'><strong>lens</strong></span> <span class='ocrx_word' id='word_1_147' title='bbox 372 2569 508 2643; x_wconf 89' lang='lat' dir='ltr'><strong>natura,</strong></span> <span class='ocrx_word' id='word_1_148' title='bbox 522 2557 580 2647; x_wconf 93' lang='lat' dir='ltr'><strong>qui</strong></span> <span class='ocrx_word' id='word_1_149' title='bbox 599 2553 783 2648; x_wconf 88' lang='lat' dir='ltr'><strong>appellatur</strong></span> <span class='ocrx_word' id='word_1_150' title='bbox 794 2557 911 2624; x_wconf 86' lang='lat' dir='ltr'><strong>Castra</strong></span> <span class='ocrx_word' id='word_1_151' title='bbox 928 2543 1159 2628; x_wconf 88' lang='lat' dir='ltr'><strong>Postumiana:</strong></span> <span class='ocrx_word' id='word_1_152' title='bbox 1176 2559 1221 2628; x_wconf 92' lang='lat' dir='ltr'><strong>ibi</strong></span> <span class='ocrx_word' id='word_1_153' title='bbox 1238 2585 1318 2652; x_wconf 70' lang='lat' dir='ltr'><strong>prm·</strong></span> 
     </span>
     <span class='ocr_line' id='line_1_20' title="bbox 289 2673 1168 2746; baseline 0.002 -2"><span class='ocrx_word' id='word_1_154' title='bbox 289 2675 362 2744; x_wconf 91' lang='lat' dir='ltr'><strong>sidii</strong></span> <span class='ocrx_word' id='word_1_155' title='bbox 378 2699 475 2743; x_wconf 87' lang='lat' dir='ltr'><strong>causa</strong></span> <span class='ocrx_word' id='word_1_156' title='bbox 492 2673 660 2743; x_wconf 89' lang='lat' dir='ltr'><strong>castellum</strong></span> <span class='ocrx_word' id='word_1_157' title='bbox 679 2677 788 2744; x_wconf 81' lang='lat' dir='ltr'><strong>Caesar</strong></span> <span class='ocrx_word' id='word_1_158' title='bbox 807 2675 922 2744; x_wconf 87' lang='lat' dir='ltr'><strong>habuit</strong></span> <span class='ocrx_word' id='word_1_159' title='bbox 941 2679 1168 2746; x_wconf 91' lang='lat' dir='ltr'><strong>constitutum.</strong></span> 
     </span>
     <span class='ocr_line' id='line_1_21' title="bbox 337 2789 1314 2890; baseline 0.006 -27"><span class='ocrx_word' id='word_1_160' title='bbox 337 2789 600 2888; x_wconf 76' lang='lat' dir='ltr'><strong>lx.1&gt;0mpetus‚</strong></span> <span class='ocrx_word' id='word_1_161' title='bbox 615 2794 673 2887; x_wconf 92' lang='lat' dir='ltr'><strong>qui</strong></span> <span class='ocrx_word' id='word_1_162' title='bbox 694 2792 807 2861; x_wconf 88' lang='lat' dir='ltr'><strong>eodem</strong></span> <span class='ocrx_word' id='word_1_163' title='bbox 815 2796 897 2888; x_wconf 92' lang='lat' dir='ltr'><strong>jugo</strong></span> <span class='ocrx_word' id='word_1_164' title='bbox 912 2797 1083 2890; x_wconf 86' lang='lat' dir='ltr'><strong>tegebatur</strong></span> <span class='ocrx_word' id='word_1_165' title='bbox 1098 2795 1162 2867; x_wconf 91' lang='lat' dir='ltr'><strong>loci</strong></span> <span class='ocrx_word' id='word_1_166' title='bbox 1177 2813 1314 2888; x_wconf 81' lang='lat' dir='ltr'><strong>nutura,</strong></span> 
     </span>
     <span class='ocr_line' id='line_1_22' title="bbox 287 2913 1315 3006; baseline 0.004 -23"><span class='ocrx_word' id='word_1_167' title='bbox 287 2929 339 3002; x_wconf 87' lang='lat' dir='ltr'><strong>et,</strong></span> <span class='ocrx_word' id='word_1_168' title='bbox 356 2913 445 3006; x_wconf 92' lang='lat' dir='ltr'><strong>quod</strong></span> <span class='ocrx_word' id='word_1_169' title='bbox 458 2926 620 2987; x_wconf 83' lang='lat' dir='ltr'><strong>remotum</strong></span> <span class='ocrx_word' id='word_1_170' title='bbox 643 2927 714 2980; x_wconf 87' lang='lat' dir='ltr'><strong>erat</strong></span> <span class='ocrx_word' id='word_1_171' title='bbox 735 2935 753 2980; x_wconf 87' lang='lat' dir='ltr'><strong>a</strong></span> <span class='ocrx_word' id='word_1_172' title='bbox 773 2915 885 2982; x_wconf 87' lang='lat' dir='ltr'><strong>castris</strong></span> <span class='ocrx_word' id='word_1_173' title='bbox 901 2917 1058 3002; x_wconf 80' lang='lat' dir='ltr'><strong>Caesaris,</strong></span> <span class='ocrx_word' id='word_1_174' title='bbox 1074 2918 1315 2988; x_wconf 87' lang='lat' dir='ltr'><strong>animadverte·</strong></span> 
     </span>
     <span class='ocr_line' id='line_1_23' title="bbox 289 3030 1314 3125; baseline 0.005 -23"><span class='ocrx_word' id='word_1_175' title='bbox 289 3035 345 3102; x_wconf 91' lang='lat' dir='ltr'><strong>bat</strong></span> <span class='ocrx_word' id='word_1_176' title='bbox 361 3030 423 3101; x_wconf 88' lang='lat' dir='ltr'><strong>loci</strong></span> <span class='ocrx_word' id='word_1_177' title='bbox 439 3031 679 3114; x_wconf 84' lang='lat' dir='ltr'><strong>difficultatem,</strong></span> <span class='ocrx_word' id='word_1_178' title='bbox 692 3045 744 3116; x_wconf 86' lang='lat' dir='ltr'><strong>et,</strong></span> <span class='ocrx_word' id='word_1_179' title='bbox 761 3031 850 3125; x_wconf 91' lang='lat' dir='ltr'><strong>quod</strong></span> <span class='ocrx_word' id='word_1_180' title='bbox 868 3033 1003 3103; x_wconf 84' lang='lat' dir='ltr'><strong>flumine</strong></span> <span class='ocrx_word' id='word_1_181' title='bbox 1017 3034 1110 3104; x_wconf 90' lang='lat' dir='ltr'><strong>Salso</strong></span> <span class='ocrx_word' id='word_1_182' title='bbox 1123 3037 1314 3107; x_wconf 86' lang='lat' dir='ltr'><strong>interclude·</strong></span> 
     </span>
     <span class='ocr_line' id='line_1_24' title="bbox 289 3152 1314 3243; baseline 0.007 -24"><span class='ocrx_word' id='word_1_183' title='bbox 289 3153 405 3236; x_wconf 87' lang='lat' dir='ltr'><strong>batur,</strong></span> <span class='ocrx_word' id='word_1_184' title='bbox 416 3175 482 3218; x_wconf 92' lang='lat' dir='ltr'><strong>non</strong></span> <span class='ocrx_word' id='word_1_185' title='bbox 497 3175 567 3218; x_wconf 87' lang='lat' dir='ltr'><strong>esse</strong></span> <span class='ocrx_word' id='word_1_186' title='bbox 580 3152 829 3226; x_wconf 88' lang='lat' dir='ltr'><strong>commissurum</strong></span> <span class='ocrx_word' id='word_1_187' title='bbox 843 3155 1022 3243; x_wconf 76' lang='lat' dir='ltr'><strong>Caesarem,</strong></span> <span class='ocrx_word' id='word_1_188' title='bbox 1036 3170 1074 3224; x_wconf 91' lang='lat' dir='ltr'><strong>ut</strong></span> <span class='ocrx_word' id='word_1_189' title='bbox 1090 3157 1124 3225; x_wconf 91' lang='lat' dir='ltr'><strong>in</strong></span> <span class='ocrx_word' id='word_1_190' title='bbox 1142 3171 1231 3226; x_wconf 90' lang='lat' dir='ltr'><strong>tanta</strong></span> <span class='ocrx_word' id='word_1_191' title='bbox 1249 3155 1314 3228; x_wconf 88' lang='lat' dir='ltr'><strong>loci</strong></span> 
     </span>
     <span class='ocr_line' id='line_1_25' title="bbox 288 3267 1312 3347; baseline 0.011 -11"><span class='ocrx_word' id='word_1_192' title='bbox 288 3267 479 3337; x_wconf 88' lang='lat' dir='ltr'><strong>difficultate</strong></span> <span class='ocrx_word' id='word_1_193' title='bbox 499 3268 541 3337; x_wconf 94' lang='lat' dir='ltr'><strong>ad</strong></span> <span class='ocrx_word' id='word_1_194' title='bbox 559 3269 742 3339; x_wconf 88' lang='lat' dir='ltr'><strong>subsidium</strong></span> <span class='ocrx_word' id='word_1_195' title='bbox 756 3271 1015 3342; x_wconf 87' lang='lat' dir='ltr'><strong>submittendum</strong></span> <span class='ocrx_word' id='word_1_196' title='bbox 1028 3299 1062 3344; x_wconf 89' lang='lat' dir='ltr'><strong>se</strong></span> <span class='ocrx_word' id='word_1_197' title='bbox 1081 3277 1232 3346; x_wconf 86' lang='lat' dir='ltr'><strong>mitteret.</strong></span> <span class='ocrx_word' id='word_1_198' title='bbox 1246 3280 1312 3347; x_wconf 90' lang='lat' dir='ltr'><strong>Ista</strong></span> 
     </span>
    </p>
   </div>
   <div class='ocr_carea' id='block_1_5' title="bbox 163 3379 1313 3490">
    <p class='ocr_par' dir='ltr' id='par_1_5' title="bbox 163 3379 1313 3490">
     <span class='ocr_line' id='line_1_26' title="bbox 163 3379 1313 3490; baseline 0.01 -36"><span class='ocrx_word' id='word_1_199' title='bbox 163 3379 170 3395; x_wconf 84' lang='lat'>&#39;</span> <span class='ocrx_word' id='word_1_200' title='bbox 288 3387 391 3456; x_wconf 89' lang='lat' dir='ltr'><strong>fretus</strong></span> <span class='ocrx_word' id='word_1_201' title='bbox 408 3389 690 3482; x_wconf 87' lang='lat' dir='ltr'><strong>opinione‚tertia</strong></span> <span class='ocrx_word' id='word_1_202' title='bbox 707 3389 1011 3485; x_wconf 86' lang='lat' dir='ltr'><strong>vigiliapmlectus,</strong></span> <span class='ocrx_word' id='word_1_203' title='bbox 1030 3394 1199 3464; x_wconf 86' lang='lat' dir='ltr'><strong>castellum</strong></span> <span class='ocrx_word' id='word_1_204' title='bbox 1212 3421 1313 3490; x_wconf 90' lang='lat' dir='ltr'><strong>oppu-</strong></span> 
     </span>
    </p>
   </div>
   <div class='ocr_carea' id='block_1_6' title="bbox 289 3508 1312 3610">
    <p class='ocr_par' dir='ltr' id='par_1_6' title="bbox 289 3508 1312 3610">
     <span class='ocr_line' id='line_1_27' title="bbox 289 3508 1312 3610; baseline 0.012 -36"><span class='ocrx_word' id='word_1_205' title='bbox 289 3531 389 3600; x_wconf 81' lang='lat' dir='ltr'><strong>gnare</strong></span> <span class='ocrx_word' id='word_1_206' title='bbox 401 3511 519 3603; x_wconf 88' lang='lat' dir='ltr'><strong>coepit,</strong></span> <span class='ocrx_word' id='word_1_207' title='bbox 536 3524 573 3579; x_wconf 91' lang='lat' dir='ltr'><strong>ut</strong></span> <span class='ocrx_word' id='word_1_208' title='bbox 588 3508 811 3580; x_wconf 86' lang='lat' dir='ltr'><strong>laborantibus</strong></span> <span class='ocrx_word' id='word_1_209' title='bbox 828 3529 1044 3582; x_wconf 86' lang='lat' dir='ltr'><strong>succurreret.</strong></span> <span class='ocrx_word' id='word_1_210' title='bbox 1059 3516 1192 3604; x_wconf 88' lang='lat' dir='ltr'><strong>Nostri,</strong></span> <span class='ocrx_word' id='word_1_211' title='bbox 1207 3541 1312 3610; x_wconf 91' lang='lat' dir='ltr'><strong>quum</strong></span> 
     </span>
    </p>
   </div>
   <div class='ocr_carea' id='block_1_7' title="bbox 287 3627 1316 3849">
    <p class='ocr_par' dir='ltr' id='par_1_7' title="bbox 287 3627 1316 3849">
     <span class='ocr_line' id='line_1_28' title="bbox 287 3627 1315 3728; baseline 0.012 -35"><span class='ocrx_word' id='word_1_212' title='bbox 287 3627 622 3721; x_wconf 87' lang='lat' dir='ltr'><strong>appropinquassent,</strong></span> <span class='ocrx_word' id='word_1_213' title='bbox 639 3627 782 3699; x_wconf 86' lang='lat' dir='ltr'><strong>clamore</strong></span> <span class='ocrx_word' id='word_1_214' title='bbox 799 3633 969 3722; x_wconf 88' lang='lat' dir='ltr'><strong>repentino</strong></span> <span class='ocrx_word' id='word_1_215' title='bbox 984 3632 1190 3728; x_wconf 85' lang='lat' dir='ltr'><strong>telorumque</strong></span> <span class='ocrx_word' id='word_1_216' title='bbox 1205 3635 1315 3705; x_wconf 91' lang='lat' dir='ltr'><strong>multi·</strong></span> 
     </span>
     <span class='ocr_line' id='line_1_29' title="bbox 288 3745 1316 3849; baseline 0.014 -37"><span class='ocrx_word' id='word_1_217' title='bbox 288 3745 401 3814; x_wconf 87' lang='lat' dir='ltr'><strong>tudine</strong></span> <span class='ocrx_word' id='word_1_218' title='bbox 413 3749 518 3840; x_wconf 90' lang='lat' dir='ltr'><strong>jactus</strong></span> <span class='ocrx_word' id='word_1_219' title='bbox 533 3747 636 3816; x_wconf 86' lang='lat' dir='ltr'><strong>facere</strong></span> <span class='ocrx_word' id='word_1_220' title='bbox 647 3763 831 3844; x_wconf 76' lang='lat' dir='ltr'><strong>coeperunt,</strong></span> <span class='ocrx_word' id='word_1_221' title='bbox 846 3751 895 3818; x_wconf 89' lang='lat' dir='ltr'><strong>uti</strong></span> <span class='ocrx_word' id='word_1_222' title='bbox 907 3775 1059 3846; x_wconf 89' lang='lat' dir='ltr'><strong>maguam</strong></span> <span class='ocrx_word' id='word_1_223' title='bbox 1070 3770 1196 3849; x_wconf 88' lang='lat' dir='ltr'><strong>partem</strong></span> <span class='ocrx_word' id='word_1_224' title='bbox 1208 3755 1316 3825; x_wconf 88' lang='lat' dir='ltr'><strong>homi·</strong></span> 
     </span>
    </p>
   </div>
   <div class='ocr_carea' id='block_1_8' title="bbox 288 3865 1314 4083">
    <p class='ocr_par' dir='ltr' id='par_1_8' title="bbox 288 3865 1314 4083">
     <span class='ocr_line' id='line_1_30' title="bbox 288 3865 1314 3968; baseline 0.014 -36"><span class='ocrx_word' id='word_1_225' title='bbox 288 3889 367 3934; x_wconf 85' lang='lat' dir='ltr'><strong>num</strong></span> <span class='ocrx_word' id='word_1_226' title='bbox 379 3865 566 3936; x_wconf 88' lang='lat' dir='ltr'><strong>vulneribus</strong></span> <span class='ocrx_word' id='word_1_227' title='bbox 582 3868 757 3938; x_wconf 84' lang='lat' dir='ltr'><strong>afficerent.</strong></span> <span class='ocrx_word' id='word_1_228' title='bbox 768 3871 844 3958; x_wconf 88' lang='lat' dir='ltr'><strong>Quo</strong></span> <span class='ocrx_word' id='word_1_229' title='bbox 854 3887 1004 3965; x_wconf 88' lang='lat' dir='ltr'><strong>peraeto,</strong></span> <span class='ocrx_word' id='word_1_230' title='bbox 1015 3901 1117 3968; x_wconf 91' lang='lat' dir='ltr'><strong>quum</strong></span> <span class='ocrx_word' id='word_1_231' title='bbox 1127 3901 1166 3945; x_wconf 81' lang='lat' dir='ltr'><strong>ex</strong></span> <span class='ocrx_word' id='word_1_232' title='bbox 1178 3875 1314 3946; x_wconf 85' lang='lat' dir='ltr'><strong>castello</strong></span> 
     </span>
     <span class='ocr_line' id='line_1_31' title="bbox 289 3991 1313 4083; baseline 0.015 -30"><span class='ocrx_word' id='word_1_233' title='bbox 289 4009 471 4080; x_wconf 84' lang='lat' dir='ltr'><strong>repugnare</strong></span> <span class='ocrx_word' id='word_1_234' title='bbox 481 3991 706 4081; x_wconf 86' lang='lat' dir='ltr'><strong>coepissent,et</strong></span> <span class='ocrx_word' id='word_1_235' title='bbox 717 3991 896 4083; x_wconf 85' lang='lat' dir='ltr'><strong>majoribus</strong></span> <span class='ocrx_word' id='word_1_236' title='bbox 906 3998 1020 4070; x_wconf 84' lang='lat' dir='ltr'><strong>nestris</strong></span> <span class='ocrx_word' id='word_1_237' title='bbox 1028 3997 1165 4068; x_wconf 81' lang='lat' dir='ltr'><strong>Caesaris</strong></span> <span class='ocrx_word' id='word_1_238' title='bbox 1176 4001 1313 4068; x_wconf 91' lang='lat' dir='ltr'><strong>nuntius</strong></span> 
     </span>
    </p>
   </div>
   <div class='ocr_carea' id='block_1_9' title="bbox 0 0 1534 4768">
    <p class='ocr_par' dir='ltr' id='par_1_9' title="bbox 0 0 1534 4768">
     <span class='ocr_line' id='line_1_32' title="bbox 0 0 1534 4768; baseline 0 0"><span class='ocrx_word' id='word_1_239' title='bbox 0 0 1534 4768; x_wconf 95' lang='lat' dir='ltr'><strong> </strong></span> 
     </span>
    </p>
   </div>
  </div>
 </body>
</html>
