3020 4768
263 320 319 378 256
580 323 693 378 NOTAE
714 323 753 377 ΙΝ
775 321 844 377 LlB.
866 323 880 376 l
902 321 950 376 ET
971 311 1015 376 11ι

303 439 366 493 Car.
381 437 487 493 XXXI.
507 438 557 490 Aa
570 439 790 512 Magetobriam.
807 435 921 492 Habent
940 435 1080 492 editiones
1099 434 1197 509 prisca
1217 438 1315 492 Ama·

259 530 393 606 getobrc‘oe
409 548 458 584 seu
473 529 516 582 ad
532 530 735 604 Magetobn'oe,
753 530 791 584 ita
805 547 920 603 quoque
938 547 1042 602 graecus
1064 529 1205 601 interpres
1224 529 1316 584 Com-

261 622 465 677 mentariorum
481 621 613 692 Caesaris,
631 620 658 680 ir
676 621 715 696 τῇ
729 617 963 700 ’Λμιιγετοζρι’ᾳ,
985 621 1210 696 repugnantibus
1230 622 1314 677 codi-

261 714 351 772 cibus.
359 713 526 782 Obcrlinus,
535 733 571 770 ex
580 716 670 772 veteri
678 716 1034 786 monumento,revocavit
1043 715 1086 770 ad
1092 715 1314 788 Magetobn'am,

260 826 346 880 quam
354 806 508 862 lectionem
516 826 580 863 cum
589 810 624 864 D.
633 809 876 876 Lemairesecutus
885 806 1316 876 estD.Artaud,innostracdi-

261 897 349 956 tione.
369 898 490 972 Utrique
505 899 623 955 lectioni
638 919 692 974 ego
707 900 846 956 assentior
865 920 872 954 ε
890 897 1049 955 (hiffletius
1063 898 1185 974 enimin
1203 899 1315 954 Vesun-

261 993 348 1060 abne,
368 1011 399 1065 p.
422 1013 449 1062 1,
465 1013 488 1049 c.
507 992 557 1063 35,
573 1003 602 1049 et
621 994 783 1063 D'hnville,
799 994 899 1050 Notice
916 995 953 1048 de
970 995 1002 1047 Ia
1017 993 1119 1060 Gaule,
1138 1011 1167 1066 p.
1187 990 1240 1060 60,
1255 1010 1314 1047 no·

261 1085 347 1140 minis
360 1085 447 1159 ipsius
462 1086 582 1161 vestigia
597 1097 755 1161 agnoscunt
767 1087 798 1141 in
815 1088 880 1142 loco
894 1087 971 1142 dicto
985 1089 1017 1141 Ia
1030 1085 1140 1160 Moigte
1155 1086 1192 1141 cle
1205 1087 1314 1154 Brore,

261 1177 300 1233 ad
318 1179 413 1233 Araris
428 1189 456 1234 et
473 1179 605 1253 0gnonis
619 1178 808 1248 confluentes,
826 1198 918 1254 prope
937 1179 1031 1235 vicum
1050 1178 1233 1234 Pontaillier-
1245 1197 1315 1233 sur-

264 1269 372 1337 Sadne,
387 1289 448 1326 non
462 1271 695 1327 conhrndendum
708 1289 771 1327 cum
779 1273 954 1338 Pontarlier,·
968 1271 1137 1345 egregieque
1149 1271 1204 1326 hoc
1217 1268 1315 1325 lirina-

262 1373 309 1418 tur
321 1375 508 1419 monumento
521 1365 683 1440 nuperrime
698 1365 809 1420 detecto
822 1362 909 1440 (anno
929 1362 1029 1440 1802);
1047 1362 1153 1418 scilicet
1170 1363 1246 1418 inter
1261 1383 1314 1418 va-

262 1455 311 1510 ria'
323 1463 508 1512 monumenta
525 1475 560 1512 ex
576 1458 662 1513 Arari
681 1459 823 1518 exsiccato
841 1467 920 1512 eruta
929 1496 938 1524 ,
955 1455 1046 1510 visum
1064 1467 1106 1510 est
1123 1456 1314 1529 fragmentum

262 1565 341 1602 urnae
356 1565 421 1602 cum
437 1549 592 1623 epigraphe
605 1552 796 1606 MAGETOB.
813 1551 884 1619 Quae
902 1547 1063 1622 inscriptio,
1079 1558 1110 1602 ut
1125 1548 1165 1604 ait
1187 1548 1314 1604 eruditus

262 1640 357 1695 editor
379 1642 562 1698 Collectionis
575 1654 720 1698 auctorum
736 1642 916 1699 classicorum
934 1640 1105 1711 latinorum,
1120 1652 1180 1696 tum
1195 1652 1316 1715 propter

262 1732 437 1790 vicinitatem
455 1735 564 1790 locila
583 1735 692 1810 Meigae
704 1737 741 1790 de
756 1738 865 1808 Bmye,
885 1745 945 1789 tum
963 1744 1082 1808 propter
1100 1735 1314 1790 similitudinem

169 1843 173 1858 ·
261 1825 425 1895 nominum,
433 1827 499 1882 satis
513 1839 610 1902 aperte
620 1825 744 1884 declarat
756 1828 885 1884 eamdem
897 1845 958 1882 esse
971 1826 1159 1900 positionem,
1168 1827 1245 1883 idem
1259 1847 1315 1883 no-

261 1935 336 1974 men.
360 1917 423 1975 Hoc
439 1939 553 1994 quoque
570 1917 753 1976 'confirmatur
769 1919 941 1996 etymologia
956 1917 1039 1992 hujus
1060 1919 1194 1976 nominis.
1208 1922 1317 1996 Mage-

263 2003 366 2066 tobn'ca
378 2013 454 2070 enim
468 2031 575 2070 nomen
593 2011 746 2070 conflatum
760 2024 802 2070 est
817 2033 853 2070 cx
871 2031 963 2088 graeco
977 2009 1127 2084 uiscatos,
1143 2014 1241 2070 dorice
1254 2011 1316 2084 μά-

262 2110 371 2174 xsrlos,
396 2105 576 2182 longissimus
603 2105 695 2182 (unde
714 2108 852 2162 Macistus
869 2126 968 2176 mons,
989 2117 1018 2163 et
1035 2109 1178 2164 Macestos
1196 2105 1316 2176 fluvius,

262 2199 340 2272 apud
356 2197 522 2276 Plinium),
536 2209 564 2254 et
581 2200 644 2254 bria
661 2219 716 2273 pro
735 2201 811 2254 briva
829 2201 877 2256 vel
895 2201 976 2275 briga
993 2219 1081 2274 pons,
1100 2200 1214 2275 gallice,
1231 2203 1314 2277 Long

259 2303 346 2367 μοιτίς
360 2291 592 2366 ideoque-gallice
602 2291 732 2347 scribitur
740 2295 771 2348 la
779 2293 897 2368 Moigte.
907 2293 939 2349 Si
945 2293 1096 2366 legendum
1105 2294 1180 2348 foret
1186 2298 1313 2369 Amoge-

262 2385 378 2450 tobn'ce,
401 2394 429 2440 ct
452 2384 551 2458 gallice
570 2385 720 2460 l'Amoigte
737 2403 791 2458 pro
808 2389 840 2440 la
858 2385 982 2460 Mor'gte,
1000 2386 1187 2442 derivandum
1210 2398 1311 2442 essetu

261 2497 354 2551 graeco
362 2473 520 2553 ἀμαχητδς
529 2477 579 2551 qui
587 2495 647 2533 non
657 2489 752 2552 potest
761 2479 934 2552 oppugnari,
944 2489 971 2534 et
980 2479 1043 2534 bria
1051 2482 1225 2552 pons,Pons
1234 2479 1314 2535 inex·

262 2571 436 2646 pugnabilis.
445 2571 615 2627 Alterutram
629 2571 830 2646 etymologiam
842 2589 896 2645 pro
910 2582 988 2626 certo
1001 2570 1110 2638 habeo,
1119 2571 1311 2628 adhucautem

263 2664 350 2719 lectio
366 2663 472 2719 incerta
487 2675 544 2734 est;
557 2663 711 2738 epigraphe
730 2663 806 2719 enim
820 2665 1012 2722 MAGETOB.
1027 2663 1059 2720 in
1071 2664 1165 2722 littera
1179 2667 1211 2720 M
1225 2665 1312 2720 fracta

262 2755 329 2826 fuit,
343 2765 371 2812 et
383 2756 450 2812 huic
463 2755 623 2831 fragmento
637 2756 732 2813 littera
744 2755 859 2812 initialis
876 2754 1035 2813 hdelicere
1049 2767 1153 2831 potest.

302 2926 366 2980 Car.
381 2923 547 2980 XXXVIII.
565 2923 663 2978 Dubis.
675 2947 687 2973 a
699 2921 798 2978 Codex
811 2923 905 2978 nullus
917 2921 1004 2978 habet
1018 2923 1124 2989 Dubis,·
1138 2939 1237 2978 omnes
1248 2923 1314 2996 plus

261 3017 393 3074 minusve
409 3027 542 3091 corrupta
559 3017 659 3089 legunt
673 3015 860 3070 Adduadubis
866 3053 877 3084 ,
891 3015 1071 3070 Alduadubis
1078 3055 1088 3082 ,
1102 3017 1311 3084 Alduasdubis,

262 3111 426 3177 Adduahis,
441 3109 644 3166 Alduadusius.
653 3109 688 3166 In
701 3105 842 3164 bacttanta
855 3107 1008 3181 farragine,
1022 3105 1158 3164 cellarius
1167 3127 1221 3182 pro
1232 3121 1312 3164 certo

262 3203 358 3278 posuit
366 3202 475 3257 Dubis:
489 3219 574 3274 mm
588 3200 740 3256 lectionem
753 3211 922 3273 receperunt
938 3199 1145 3274 posteriores»
1159 3204 1202 3257 Ita
1214 3202 1311 3258 Ober-

261 3297 351 3363 linus,
368 3294 418 3368 qui
436 3293 535 3368 quaerit
551 3292 627 3347 aride
644 3291 757 3348 fluxerit
774 3294 827 3350 ista
839 3292 995 3366 corruptio.
1009 3292 1083 3347 Mihi
1098 3293 1212 3350 videtur
1227 3313 1312 3369 posse

262 3389 370 3445 nodum
381 3387 463 3442 istum
477 3385 552 3440 solvi
564 3383 621 3440 hoc
634 3386 857 3444 modotdddua
870 3397 912 3442 est
929 3405 987 3441 vox
1001 3403 1092 3460 graeca
1108 3383 1219 3456 altum,
1237 3407 1313 3443 mer-

262 3499 327 3556 gus,
352 3497 513 3553 cognomen
538 3476 619 3533 fluvii
638 3479 742 3546 Dubis,
764 3480 853 3549 unde,
876 3480 1047 3554 cognomine
1076 3481 1194 3550 eodem,
1213 3481 1313 3555 populi

262 3572 388 3643 finitimi,
409 3573 507 3638 abdai,
527 3573 573 3626 vel
591 3572 694 3646 mergi,
713 3572 743 3626 in
762 3572 851 3626 altero
865 3591 964 3640 sensu,
981 3591 1085 3646 nempe
1101 3574 1256 3630 alludendo
1274 3574 1313 3630 ad

263 3685 385 3741 mergus,
401 3663 516 3738 gallice,
526 3666 688 3738 plongcon,
698 3675 727 3720 et
742 3674 877 3718 mamone
894 3665 931 3718 de
943 3665 1043 3738 vigne,
1059 3665 1107 3738 qui
1122 3668 1226 3741 mergit
1235 3685 1266 3721 se
1281 3666 1312 3720 in

262 3758 465 3824 scrobibus,·ut
474 3757 534 3812 avis
544 3756 627 3828 hujus
639 3757 776 3825 nominis,
787 3756 818 3809 in
831 3754 928 3828 aquis3
942 3756 1017 3810 unde
1027 3775 1140 3830 quoque
1149 3759 1257 3813 Addua
1266 3761 1313 3814 vel

262 3852 382 3906 Adduas
392 3888 402 3916 ,
426 3847 528 3905 fluvius
549 3849 649 3905 Gallie
671 3849 835 3923 Cisalpinae,
859 3847 1033 3903 nostratibus
1047 3849 1169 3916 l'Adda,
1184 3861 1263 3905 ortus
1281 3851 1311 3905 in

262 3945 509 4012 Adulamonte,et
516 3942 686 4017 quibat-siem
695 3942 794 4015 implet
802 3943 966 4008 lacum‚seu
975 3941 1313 4022 lacumavislamsdictae,
