3096 4762
508 338 557 392 DE
578 335 694 390 uento
716 333 877 390 omlco
899 334 969 390 LlB.
986 336 1021 388 ll.
1244 341 1277 398 51

244 461 286 530 ab
306 486 404 556 opere
426 458 630 552 singulisque
648 457 835 554 legionibus
855 458 1003 554 singulos
1023 456 1148 554 legatos
1169 468 1278 534 Coesar

246 582 433 664 discedere,
461 581 524 650 nisi
553 581 688 648 munitis
712 580 845 666 castris,
872 595 1032 648 vetuerat.
1062 581 1121 668 Hi,
1145 600 1282 679 propter

247 701 532 795 propinquitatem
549 714 582 767 et
597 697 800 768 celeritatem
813 699 979 786 hostium,
996 697 1078 768 nihil
1092 701 1162 793 jam
1178 705 1283 771 Caesa·

248 823 295 890 ris
319 820 495 913 imperium
520 818 730 912 spectabant,
753 818 811 886 sed
832 843 891 911 per
916 841 967 904 se,
989 843 1061 910 quae
1085 818 1283 889 videbantur

247 938 537 1008 administrabant.

300 1062 391 1128 XXI.
417 1060 539 1145 Caesar,
558 1058 750 1127 necessariis
774 1057 870 1126 rebus
895 1059 1080 1150 imperatis,
1104 1058 1146 1126 ad
1164 1059 1283 1128 cohor·

249 1178 365 1248 tandos
382 1176 521 1264 milites,
535 1201 636 1269 quarn
653 1178 687 1245 in
704 1190 831 1269 partem
848 1177 916 1245 fors
929 1175 1066 1262 obtulit,
1080 1177 1284 1262 decucurrit,

248 1313 281 1366 et
302 1298 344 1367 ad
366 1296 528 1393 legionem
549 1297 712 1366 decimam
733 1295 876 1366 devenit.
901 1295 1026 1366 Milites
1046 1323 1114 1366 nou
1135 1297 1284 1392 longiore

249 1418 398 1486 oratione
407 1417 723 1510 cohortatus,quam
735 1417 785 1484 uti
794 1440 860 1484 suae
867 1417 1016 1509 pristinae
1023 1418 1154 1486 virtutis
1162 1443 1286 1486 memo·

250 1539 333 1608 riam
347 1538 549 1623 retinerent,
562 1560 627 1606 neu
642 1537 921 1630 perturbarentur
933 1538 1061 1624 animo,
1074 1537 1285 1630 hostiumque

252 1657 414 1750 impetum
435 1655 566 1725 fortiter
585 1657 806 1742 sustinerent;
824 1654 915 1749 quod
934 1679 1003 1723 non
1023 1654 1155 1748 longius
1174 1657 1285 1724 hostes

250 1776 408 1864 aberant,
426 1799 526 1868 quam
547 1798 613 1867 quo
631 1771 734 1844 telum
751 1774 850 1867 adjici
872 1786 1000 1866 posset,
1012 1771 1118 1867 proelii
1136 1775 1286 1844 commit·

253 1895 344 1963 tendi
370 1897 503 1990 signum
525 1894 626 1967 dedit.
643 1899 754 1988 Atque
772 1897 807 1964 in
825 1892 962 1964 alteram
983 1909 1112 1988 partem
1130 1896 1209 1964 item
1229 1919 1286 1964 co·

247 2014 407 2100 ,hortandi
419 2039 518 2086 causa
531 2013 709 2109 profectus,
717 2015 1106 2109 pugnantibusoccurrit.
1112 2018 1286 2109 Temporis

253 2148 344 2202 tanta
354 2135 418 2204 fuit
432 2136 610 2230 exiguitas,
622 2135 835 2226 hostiumque
848 2147 915 2206 lam
928 2147 1062 2227 paratus
1075 2133 1117 2202 ad
1130 2135 1287 2204 dimican-

252 2254 332 2323 dum
349 2257 492 2342 animus,
509 2269 630 2326 utnon
647 2254 808 2324 modoad
829 2255 971 2350 insignia
989 2255 1286 2340 accommodanda,

253 2373 419 2444 sedetiam
432 2376 473 2444 ad
486 2375 595 2470 galeas
605 2374 806 2461 induendas,
816 2377 983 2468 scutisque
994 2378 1171 2470 tegimenta
1180 2373 1288 2444 detra-

253 2493 363 2576 henda
377 2508 507 2588 tempus
519 2494 789 2584 defueritQuam
801 2495 940 2588 quisque
951 2496 986 2563 in
997 2510 1125 2588 partem
1135 2495 1175 2562 ab
1187 2517 1288 2586 opere

254 2637 331 2694 casu
344 2610 493 2701 devenit,
504 2638 642 2707 quaeque
653 2617 760 2708 prima
770 2615 864 2708 signa
873 2616 1059 2708 conspexit,
1073 2613 1196 2681 adhaec
1208 2634 1289 2678 eon·

256 2729 356 2816 stitit,
369 2755 422 2816 ne,
438 2733 471 2798 in
481 2731 667 2823 quaerendis
681 2735 764 2817 suis,
776 2731 948 2826 pugnandi
960 2746 1089 2825 tempus
1098 2729 1287 2798 dimitteret.

304 2854 411 2921 xxlt.
437 2856 606 2920 Instructo
625 2854 790 2939 exercitu,
816 2853 918 2946 magis
938 2865 975 2920 ut
999 2850 1063 2919 loci
1085 2863 1204 2918 natura
1230 2849 1288 2918 de-

252 2973 426 3066 jectusque
443 2971 536 3041 collis
557 2985 590 3040 et
610 2973 788 3042 necessitas
805 2972 977 3064 temporis,
991 2993 1091 3062 mam
1108 2985 1144 3038 ut
1164 2971 1211 3038 rei
1229 2971 1290 3038 rni-

256 3092 362 3162 litaris
377 3094 462 3162 ratio
478 3107 578 3186 atque
593 3089 676 3160 ordo
695 3089 897 3184 postulabat,
914 3115 1017 3183 quum
1034 3089 1171 3158 diversis
1189 3088 1290 3183 legio·

257 3213 372 3298 nibus,
391 3212 462 3281 aliae
481 3212 545 3282 alia
565 3213 600 3280 in
622 3226 732 3306 parte,
748 3211 900 3280 hostibus
919 3211 1124 3297 resisterent,
1143 3210 1290 3303 sepibus-

257 3356 322 3424 que
350 3333 567 3414 densissimis,
590 3345 627 3400 ut
653 3327 730 3400 ante
753 3329 1067 3415 demonstravimus,
1093 3328 1290 3420 interjectis,

258 3467 452 3546 prospectus
469 3450 706 3545 impediretur3
722 3474 829 3542 neque
848 3463 937 3518 certa
955 3449 1101 3520 subsidia
1121 3446 1290 3532 collocari,

260 3595 366 3663 neque
386 3569 466 3664 quid
489 3571 523 3639 in
549 3593 679 3663 quaque
702 3584 798 3663 parte
819 3593 903 3662 opus
928 3582 1013 3640 esset
1034 3566 1217 3662 provideri,
1234 3591 1292 3634 ne·

257 3715 323 3784 que
344 3692 384 3760 ab
406 3715 473 3760 uno
495 3691 607 3760 omnia
631 3690 770 3785 imperia
788 3687 1014 3758 administrari
1040 3700 1205 3780 poterant.
1225 3688 1311 3754 lta--

260 3810 376 3902 quein
397 3825 488 3880 tanta
505 3835 615 3879 rerum
637 3811 825 3902 iniquitate,
845 3808 985 3877 fortunar
1007 3831 1139 3902 quoquc
1156 3818 1293 3874 eventus

262 3932 341 3998 rarii
362 3931 595 4024 sequebantur.

1115 4051 1149 4130 d.
