<?xml version="1.0" encoding="UTF-8"?>
<!DOCTYPE html PUBLIC "-//W3C//DTD XHTML 1.0 Transitional//EN"
    "http://www.w3.org/TR/xhtml1/DTD/xhtml1-transitional.dtd">
<html xmlns="http://www.w3.org/1999/xhtml" xml:lang="en" lang="en">
 <head>
  <title>
</title>
<meta http-equiv="Content-Type" content="text/html;charset=utf-8" />
  <meta name='ocr-system' content='tesseract 3.04.00' />
  <meta name='ocr-capabilities' content='ocr_page ocr_carea ocr_par ocr_line ocrx_word'/>
</head>
<body>
  <div class='ocr_page' id='page_1' title='image "./cjcaesarisopera00caesgoog_0355.png"; bbox 0 0 3088 4766; ppageno 0'>
   <div class='ocr_carea' id='block_1_1' title="bbox 501 383 1257 462">
    <p class='ocr_par' dir='ltr' id='par_1_1' title="bbox 501 383 1257 462">
     <span class='ocr_line' id='line_1_1' title="bbox 501 383 1257 462; baseline 0.004 -24"><span class='ocrx_word' id='word_1_1' title='bbox 501 385 551 440; x_wconf 84' lang='lat' dir='ltr'><strong>nn</strong></span> <span class='ocrx_word' id='word_1_2' title='bbox 576 383 697 440; x_wconf 79' lang='lat' dir='ltr'><strong>annno</strong></span> <span class='ocrx_word' id='word_1_3' title='bbox 718 384 833 440; x_wconf 79' lang='lat' dir='ltr'><strong>civnn</strong></span> <span class='ocrx_word' id='word_1_4' title='bbox 853 385 923 444; x_wconf 79' lang='lat' dir='ltr'><strong>mn.</strong></span> <span class='ocrx_word' id='word_1_5' title='bbox 944 386 966 440; x_wconf 90' lang='lat'><strong>1.</strong></span> <span class='ocrx_word' id='word_1_6' title='bbox 1221 391 1257 462; x_wconf 74' lang='lat'><strong>⁴9</strong></span> 
     </span>
    </p>
   </div>
   <div class='ocr_carea' id='block_1_2' title="bbox 189 496 1260 2753">
    <p class='ocr_par' dir='ltr' id='par_1_2' title="bbox 220 496 1258 1796">
     <span class='ocr_line' id='line_1_2' title="bbox 221 496 1257 601; baseline 0.005 -25"><span class='ocrx_word' id='word_1_7' title='bbox 221 496 305 599; x_wconf 84' lang='lat' dir='ltr'><strong>aqua</strong></span> <span class='ocrx_word' id='word_1_8' title='bbox 324 505 473 601; x_wconf 83' lang='lat' dir='ltr'><strong>longius,</strong></span> <span class='ocrx_word' id='word_1_9' title='bbox 499 522 533 576; x_wconf 82' lang='lat' dir='ltr'><strong>et</strong></span> <span class='ocrx_word' id='word_1_10' title='bbox 556 509 707 600; x_wconf 77' lang='lat' dir='ltr'><strong>praesenti</strong></span> <span class='ocrx_word' id='word_1_11' title='bbox 730 507 815 577; x_wconf 87' lang='lat' dir='ltr'><strong>malo</strong></span> <span class='ocrx_word' id='word_1_12' title='bbox 832 507 904 578; x_wconf 84' lang='lat' dir='ltr'><strong>aliis</strong></span> <span class='ocrx_word' id='word_1_13' title='bbox 922 506 1016 578; x_wconf 84' lang='lat' dir='ltr'><strong>malis</strong></span> <span class='ocrx_word' id='word_1_14' title='bbox 1033 509 1174 578; x_wconf 85' lang='lat' dir='ltr'><strong>remedia</strong></span> <span class='ocrx_word' id='word_1_15' title='bbox 1200 511 1257 582; x_wconf 86' lang='lat' dir='ltr'><strong>da-</strong></span> 
     </span>
     <span class='ocr_line' id='line_1_3' title="bbox 221 626 1257 723; baseline 0.007 -30"><span class='ocrx_word' id='word_1_16' title='bbox 221 626 353 694; x_wconf 82' lang='lat' dir='ltr'><strong>bantur.</strong></span> <span class='ocrx_word' id='word_1_17' title='bbox 371 627 480 695; x_wconf 83' lang='lat' dir='ltr'><strong>Prima</strong></span> <span class='ocrx_word' id='word_1_18' title='bbox 500 641 597 696; x_wconf 90' lang='lat' dir='ltr'><strong>nocte</strong></span> <span class='ocrx_word' id='word_1_19' title='bbox 620 627 765 719; x_wconf 79' lang='lat' dir='ltr'><strong>aquandi</strong></span> <span class='ocrx_word' id='word_1_20' title='bbox 785 651 884 697; x_wconf 86' lang='lat' dir='ltr'><strong>causa</strong></span> <span class='ocrx_word' id='word_1_21' title='bbox 906 653 1004 696; x_wconf 91' lang='lat' dir='ltr'><strong>nemo</strong></span> <span class='ocrx_word' id='word_1_22' title='bbox 1032 629 1200 723; x_wconf 83' lang='lat' dir='ltr'><strong>egreditur</strong></span> <span class='ocrx_word' id='word_1_23' title='bbox 1217 655 1257 700; x_wconf 84' lang='lat' dir='ltr'><strong>ex</strong></span> 
     </span>
     <span class='ocr_line' id='line_1_4' title="bbox 221 746 1258 841; baseline 0.004 -27"><span class='ocrx_word' id='word_1_24' title='bbox 221 748 336 814; x_wconf 85' lang='lat' dir='ltr'><strong>cestris</strong></span> <span class='ocrx_word' id='word_1_25' title='bbox 351 771 359 814; x_wconf 74' lang='grc' dir='ltr'><strong><em>ι</em></strong></span> <span class='ocrx_word' id='word_1_26' title='bbox 373 746 523 838; x_wconf 85' lang='lat' dir='ltr'><strong>proximu</strong></span> <span class='ocrx_word' id='word_1_27' title='bbox 538 746 607 832; x_wconf 87' lang='lat' dir='ltr'><strong>die,</strong></span> <span class='ocrx_word' id='word_1_28' title='bbox 624 746 776 841; x_wconf 71' lang='lat' dir='ltr'><strong>ptmsidio</strong></span> <span class='ocrx_word' id='word_1_29' title='bbox 789 749 823 817; x_wconf 92' lang='lat' dir='ltr'><strong>in</strong></span> <span class='ocrx_word' id='word_1_30' title='bbox 840 749 955 818; x_wconf 86' lang='lat' dir='ltr'><strong>castris</strong></span> <span class='ocrx_word' id='word_1_31' title='bbox 973 747 1107 835; x_wconf 90' lang='lat' dir='ltr'><strong>relicto,</strong></span> <span class='ocrx_word' id='word_1_32' title='bbox 1126 750 1258 818; x_wconf 88' lang='lat' dir='ltr'><strong>univer·</strong></span> 
     </span>
     <span class='ocr_line' id='line_1_5' title="bbox 221 865 1255 959; baseline 0.004 -25"><span class='ocrx_word' id='word_1_33' title='bbox 221 889 272 934; x_wconf 85' lang='lat' dir='ltr'><strong>sas</strong></span> <span class='ocrx_word' id='word_1_34' title='bbox 285 865 453 958; x_wconf 87' lang='lat' dir='ltr'><strong>adaquam</strong></span> <span class='ocrx_word' id='word_1_35' title='bbox 468 867 578 959; x_wconf 89' lang='lat' dir='ltr'><strong>copias</strong></span> <span class='ocrx_word' id='word_1_36' title='bbox 588 865 751 954; x_wconf 88' lang='lat' dir='ltr'><strong>educunt;</strong></span> <span class='ocrx_word' id='word_1_37' title='bbox 767 866 961 959; x_wconf 86' lang='lat' dir='ltr'><strong>pabulatum</strong></span> <span class='ocrx_word' id='word_1_38' title='bbox 970 867 1133 937; x_wconf 81' lang='lat' dir='ltr'><strong>emittitur</strong></span> <span class='ocrx_word' id='word_1_39' title='bbox 1145 891 1255 938; x_wconf 88' lang='lat' dir='ltr'><strong>nemo.</strong></span> 
     </span>
     <span class='ocr_line' id='line_1_6' title="bbox 220 981 1256 1078; baseline 0.004 -26"><span class='ocrx_word' id='word_1_40' title='bbox 220 986 280 1054; x_wconf 89' lang='lat' dir='ltr'><strong>His</strong></span> <span class='ocrx_word' id='word_1_41' title='bbox 302 1009 357 1054; x_wconf 87' lang='lat' dir='ltr'><strong>eos</strong></span> <span class='ocrx_word' id='word_1_42' title='bbox 388 982 551 1078; x_wconf 87' lang='lat' dir='ltr'><strong>supplices</strong></span> <span class='ocrx_word' id='word_1_43' title='bbox 575 981 661 1054; x_wconf 82' lang='lat' dir='ltr'><strong>mule</strong></span> <span class='ocrx_word' id='word_1_44' title='bbox 689 984 804 1054; x_wconf 89' lang='lat' dir='ltr'><strong>haberi</strong></span> <span class='ocrx_word' id='word_1_45' title='bbox 827 988 959 1076; x_wconf 85' lang='lat' dir='ltr'><strong>Caesar,</strong></span> <span class='ocrx_word' id='word_1_46' title='bbox 982 1001 1014 1054; x_wconf 93' lang='lat' dir='ltr'><strong>et</strong></span> <span class='ocrx_word' id='word_1_47' title='bbox 1040 989 1256 1056; x_wconf 80' lang='lat' dir='ltr'><strong>necessariam</strong></span> 
     </span>
     <span class='ocr_line' id='line_1_7' title="bbox 221 1103 1258 1198; baseline 0.004 -26"><span class='ocrx_word' id='word_1_48' title='bbox 221 1105 331 1174; x_wconf 90' lang='lat' dir='ltr'><strong>subire</strong></span> <span class='ocrx_word' id='word_1_49' title='bbox 348 1103 563 1191; x_wconf 87' lang='lat' dir='ltr'><strong>deditionem,</strong></span> <span class='ocrx_word' id='word_1_50' title='bbox 581 1129 680 1198; x_wconf 90' lang='lat' dir='ltr'><strong>quam</strong></span> <span class='ocrx_word' id='word_1_51' title='bbox 694 1103 810 1198; x_wconf 84' lang='lat' dir='ltr'><strong>proelio</strong></span> <span class='ocrx_word' id='word_1_52' title='bbox 826 1105 1004 1194; x_wconf 82' lang='lat' dir='ltr'><strong>decertare,</strong></span> <span class='ocrx_word' id='word_1_53' title='bbox 1025 1104 1167 1175; x_wconf 87' lang='lat' dir='ltr'><strong>malebat</strong></span> <span class='ocrx_word' id='word_1_54' title='bbox 1181 1131 1258 1176; x_wconf 88' lang='lat' dir='ltr'><strong>:co-</strong></span> 
     </span>
     <span class='ocr_line' id='line_1_8' title="bbox 224 1222 1257 1319; baseline 0.003 -27"><span class='ocrx_word' id='word_1_55' title='bbox 224 1239 321 1292; x_wconf 88' lang='lat' dir='ltr'><strong>natur</strong></span> <span class='ocrx_word' id='word_1_56' title='bbox 336 1239 447 1292; x_wconf 88' lang='lat' dir='ltr'><strong>tamen</strong></span> <span class='ocrx_word' id='word_1_57' title='bbox 463 1249 520 1293; x_wconf 89' lang='lat' dir='ltr'><strong>eos</strong></span> <span class='ocrx_word' id='word_1_58' title='bbox 537 1222 624 1293; x_wconf 74' lang='lat' dir='ltr'><strong>vallo</strong></span> <span class='ocrx_word' id='word_1_59' title='bbox 642 1224 796 1318; x_wconf 79' lang='lat' dir='ltr'><strong>fossaque</strong></span> <span class='ocrx_word' id='word_1_60' title='bbox 811 1225 1083 1311; x_wconf 86' lang='lat' dir='ltr'><strong>circummunire,</strong></span> <span class='ocrx_word' id='word_1_61' title='bbox 1102 1239 1138 1294; x_wconf 88' lang='lat' dir='ltr'><strong>nt</strong></span> <span class='ocrx_word' id='word_1_62' title='bbox 1156 1251 1257 1319; x_wconf 86' lang='lat' dir='ltr'><strong>quam</strong></span> 
     </span>
     <span class='ocr_line' id='line_1_9' title="bbox 221 1332 1257 1439; baseline 0.002 -27"><span class='ocrx_word' id='word_1_63' title='bbox 221 1346 360 1412; x_wconf 82' lang='lat' dir='ltr'><strong>maxime</strong></span> <span class='ocrx_word' id='word_1_64' title='bbox 384 1345 571 1438; x_wconf 86' lang='lat' dir='ltr'><strong>repentinas</strong></span> <span class='ocrx_word' id='word_1_65' title='bbox 598 1368 713 1412; x_wconf 87' lang='lat' dir='ltr'><strong>eorum</strong></span> <span class='ocrx_word' id='word_1_66' title='bbox 743 1332 931 1438; x_wconf 81' lang='lat' dir='ltr'><strong>eruptiones</strong></span> <span class='ocrx_word' id='word_1_67' title='bbox 952 1344 1158 1432; x_wconf 82' lang='lat' dir='ltr'><strong>demoretur,</strong></span> <span class='ocrx_word' id='word_1_68' title='bbox 1187 1371 1257 1439; x_wconf 90' lang='lat' dir='ltr'><strong>quo</strong></span> 
     </span>
     <span class='ocr_line' id='line_1_10' title="bbox 222 1462 1257 1558; baseline 0.002 -27"><span class='ocrx_word' id='word_1_69' title='bbox 222 1465 403 1533; x_wconf 86' lang='lat' dir='ltr'><strong>necessario</strong></span> <span class='ocrx_word' id='word_1_70' title='bbox 416 1463 628 1533; x_wconf 80' lang='lat' dir='ltr'><strong>descensuros</strong></span> <span class='ocrx_word' id='word_1_71' title='bbox 644 1463 863 1532; x_wconf 82' lang='lat' dir='ltr'><strong>existimabat.</strong></span> <span class='ocrx_word' id='word_1_72' title='bbox 878 1463 949 1551; x_wconf 88' lang='lat' dir='ltr'><strong>Illi,</strong></span> <span class='ocrx_word' id='word_1_73' title='bbox 966 1478 1001 1533; x_wconf 92' lang='lat' dir='ltr'><strong>et</strong></span> <span class='ocrx_word' id='word_1_74' title='bbox 1010 1466 1121 1558; x_wconf 89' lang='lat' dir='ltr'><strong>inopia</strong></span> <span class='ocrx_word' id='word_1_75' title='bbox 1142 1462 1257 1558; x_wconf 89' lang='lat' dir='ltr'><strong>pabuli</strong></span> 
     </span>
     <span class='ocr_line' id='line_1_11' title="bbox 222 1582 1258 1679; baseline 0 -27"><span class='ocrx_word' id='word_1_76' title='bbox 222 1582 369 1672; x_wconf 84' lang='lat' dir='ltr'><strong>adducti,</strong></span> <span class='ocrx_word' id='word_1_77' title='bbox 385 1598 437 1669; x_wconf 87' lang='lat' dir='ltr'><strong>et,</strong></span> <span class='ocrx_word' id='word_1_78' title='bbox 453 1609 520 1678; x_wconf 92' lang='lat' dir='ltr'><strong>quo</strong></span> <span class='ocrx_word' id='word_1_79' title='bbox 534 1598 642 1653; x_wconf 89' lang='lat' dir='ltr'><strong>essent</strong></span> <span class='ocrx_word' id='word_1_80' title='bbox 661 1583 703 1653; x_wconf 87' lang='lat' dir='ltr'><strong>ad</strong></span> <span class='ocrx_word' id='word_1_81' title='bbox 724 1585 785 1652; x_wconf 90' lang='lat' dir='ltr'><strong>iter</strong></span> <span class='ocrx_word' id='word_1_82' title='bbox 801 1585 1040 1679; x_wconf 73' lang='lat' dir='ltr'><strong>expeditioreS,</strong></span> <span class='ocrx_word' id='word_1_83' title='bbox 1058 1587 1169 1654; x_wconf 89' lang='lat' dir='ltr'><strong>omnia</strong></span> <span class='ocrx_word' id='word_1_84' title='bbox 1191 1609 1258 1653; x_wconf 87' lang='lat' dir='ltr'><strong>sar·</strong></span> 
     </span>
     <span class='ocr_line' id='line_1_12' title="bbox 221 1703 816 1796; baseline 0.003 -26"><span class='ocrx_word' id='word_1_85' title='bbox 221 1703 345 1772; x_wconf 88' lang='lat' dir='ltr'><strong>cinaria</strong></span> <span class='ocrx_word' id='word_1_86' title='bbox 359 1703 510 1796; x_wconf 87' lang='lat' dir='ltr'><strong>jumenta</strong></span> <span class='ocrx_word' id='word_1_87' title='bbox 531 1703 672 1772; x_wconf 85' lang='lat' dir='ltr'><strong>interfici</strong></span> <span class='ocrx_word' id='word_1_88' title='bbox 687 1703 816 1796; x_wconf 87' lang='lat' dir='ltr'><strong>jubent.</strong></span> 
     </span>
    </p>

    <p class='ocr_par' dir='ltr' id='par_1_3' title="bbox 189 1820 1260 2753">
     <span class='ocr_line' id='line_1_13' title="bbox 269 1820 1258 1917; baseline 0 -25"><span class='ocrx_word' id='word_1_89' title='bbox 269 1825 440 1892; x_wconf 81' lang='lat' dir='ltr'><strong>LXXXII.</strong></span> <span class='ocrx_word' id='word_1_90' title='bbox 462 1826 499 1890; x_wconf 91' lang='lat' dir='ltr'><strong>ln</strong></span> <span class='ocrx_word' id='word_1_91' title='bbox 515 1822 567 1891; x_wconf 88' lang='lat' dir='ltr'><strong>bis</strong></span> <span class='ocrx_word' id='word_1_92' title='bbox 581 1823 737 1916; x_wconf 78' lang='lat' dir='ltr'><strong>operibus</strong></span> <span class='ocrx_word' id='word_1_93' title='bbox 750 1820 961 1917; x_wconf 86' lang='lat' dir='ltr'><strong>consiliisque</strong></span> <span class='ocrx_word' id='word_1_94' title='bbox 978 1823 1117 1891; x_wconf 89' lang='lat' dir='ltr'><strong>biduum</strong></span> <span class='ocrx_word' id='word_1_95' title='bbox 1136 1847 1258 1892; x_wconf 87' lang='lat' dir='ltr'><strong>consu·</strong></span> 
     </span>
     <span class='ocr_line' id='line_1_14' title="bbox 222 1941 1259 2038; baseline 0.002 -30"><span class='ocrx_word' id='word_1_96' title='bbox 222 1943 351 2010; x_wconf 89' lang='lat' dir='ltr'><strong>mitur:</strong></span> <span class='ocrx_word' id='word_1_97' title='bbox 377 1943 474 2010; x_wconf 86' lang='lat' dir='ltr'><strong>tertio</strong></span> <span class='ocrx_word' id='word_1_98' title='bbox 497 1941 551 2010; x_wconf 88' lang='lat' dir='ltr'><strong>die</strong></span> <span class='ocrx_word' id='word_1_99' title='bbox 574 1967 695 2036; x_wconf 85' lang='lat' dir='ltr'><strong>magna</strong></span> <span class='ocrx_word' id='word_1_100' title='bbox 708 1942 776 2035; x_wconf 86' lang='lat' dir='ltr'><strong>jam</strong></span> <span class='ocrx_word' id='word_1_101' title='bbox 801 1965 876 2035; x_wconf 91' lang='lat' dir='ltr'><strong>pars</strong></span> <span class='ocrx_word' id='word_1_102' title='bbox 898 1943 1007 2036; x_wconf 87' lang='lat' dir='ltr'><strong>operis</strong></span> <span class='ocrx_word' id='word_1_103' title='bbox 1027 1943 1165 2011; x_wconf 84' lang='lat' dir='ltr'><strong>Caesaris</strong></span> <span class='ocrx_word' id='word_1_104' title='bbox 1184 1967 1259 2038; x_wconf 90' lang='lat' dir='ltr'><strong>pro·</strong></span> 
     </span>
     <span class='ocr_line' id='line_1_15' title="bbox 220 2059 1259 2155; baseline 0.001 -26"><span class='ocrx_word' id='word_1_105' title='bbox 220 2075 372 2130; x_wconf 81' lang='lat' dir='ltr'><strong>cesserat.</strong></span> <span class='ocrx_word' id='word_1_106' title='bbox 395 2059 446 2128; x_wconf 91' lang='lat' dir='ltr'><strong>llli</strong></span> <span class='ocrx_word' id='word_1_107' title='bbox 467 2060 680 2155; x_wconf 70' lang='lat' dir='ltr'><strong>impedienda</strong></span> <span class='ocrx_word' id='word_1_108' title='bbox 697 2063 743 2130; x_wconf 87' lang='lat' dir='ltr'><strong>rei</strong></span> <span class='ocrx_word' id='word_1_109' title='bbox 764 2085 877 2144; x_wconf 84' lang='lat' dir='ltr'><strong>causa,</strong></span> <span class='ocrx_word' id='word_1_110' title='bbox 894 2060 977 2129; x_wconf 90' lang='lat' dir='ltr'><strong>hora</strong></span> <span class='ocrx_word' id='word_1_111' title='bbox 995 2062 1127 2129; x_wconf 89' lang='lat' dir='ltr'><strong>circiter</strong></span> <span class='ocrx_word' id='word_1_112' title='bbox 1140 2076 1259 2130; x_wconf 85' lang='lat' dir='ltr'><strong>octava</strong></span> 
     </span>
     <span class='ocr_line' id='line_1_16' title="bbox 222 2177 1259 2283; baseline 0 -36"><span class='ocrx_word' id='word_1_113' title='bbox 222 2181 316 2272; x_wconf 82' lang='lat' dir='ltr'><strong>signo</strong></span> <span class='ocrx_word' id='word_1_114' title='bbox 335 2180 429 2259; x_wconf 78' lang='lat' dir='ltr'><strong>dato,</strong></span> <span class='ocrx_word' id='word_1_115' title='bbox 456 2177 598 2283; x_wconf 73' lang='lat' dir='ltr'><strong>legiones</strong></span> <span class='ocrx_word' id='word_1_116' title='bbox 625 2178 788 2264; x_wconf 85' lang='lat' dir='ltr'><strong>educunt,</strong></span> <span class='ocrx_word' id='word_1_117' title='bbox 806 2181 976 2272; x_wconf 88' lang='lat' dir='ltr'><strong>aciemque</strong></span> <span class='ocrx_word' id='word_1_118' title='bbox 995 2179 1056 2248; x_wconf 89' lang='lat' dir='ltr'><strong>sub</strong></span> <span class='ocrx_word' id='word_1_119' title='bbox 1077 2181 1192 2248; x_wconf 85' lang='lat' dir='ltr'><strong>castris</strong></span> <span class='ocrx_word' id='word_1_120' title='bbox 1212 2182 1259 2247; x_wconf 90' lang='lat' dir='ltr'><strong>in·</strong></span> 
     </span>
     <span class='ocr_line' id='line_1_17' title="bbox 221 2297 1258 2393; baseline -0.001 -27"><span class='ocrx_word' id='word_1_121' title='bbox 221 2314 364 2368; x_wconf 85' lang='lat' dir='ltr'><strong>struunt.</strong></span> <span class='ocrx_word' id='word_1_122' title='bbox 377 2303 486 2369; x_wconf 84' lang='lat' dir='ltr'><strong>Caesar</strong></span> <span class='ocrx_word' id='word_1_123' title='bbox 495 2298 537 2370; x_wconf 89' lang='lat' dir='ltr'><strong>ab</strong></span> <span class='ocrx_word' id='word_1_124' title='bbox 549 2323 650 2393; x_wconf 87' lang='lat' dir='ltr'><strong>opere</strong></span> <span class='ocrx_word' id='word_1_125' title='bbox 662 2297 806 2393; x_wconf 86' lang='lat' dir='ltr'><strong>legiones</strong></span> <span class='ocrx_word' id='word_1_126' title='bbox 823 2313 971 2384; x_wconf 83' lang='lat' dir='ltr'><strong>revocat,</strong></span> <span class='ocrx_word' id='word_1_127' title='bbox 986 2299 1170 2390; x_wconf 87' lang='lat' dir='ltr'><strong>equitatum</strong></span> <span class='ocrx_word' id='word_1_128' title='bbox 1186 2324 1258 2366; x_wconf 90' lang='lat' dir='ltr'><strong>om·</strong></span> 
     </span>
     <span class='ocr_line' id='line_1_18' title="bbox 223 2419 1257 2512; baseline -0.002 -26"><span class='ocrx_word' id='word_1_129' title='bbox 223 2443 297 2486; x_wconf 89' lang='lat' dir='ltr'><strong>nem</strong></span> <span class='ocrx_word' id='word_1_130' title='bbox 313 2421 489 2488; x_wconf 88' lang='lat' dir='ltr'><strong>convenire</strong></span> <span class='ocrx_word' id='word_1_131' title='bbox 504 2419 618 2512; x_wconf 75' lang='lat' dir='ltr'><strong>jubet.</strong></span> <span class='ocrx_word' id='word_1_132' title='bbox 636 2419 739 2486; x_wconf 88' lang='lat' dir='ltr'><strong>aciem</strong></span> <span class='ocrx_word' id='word_1_133' title='bbox 757 2419 913 2486; x_wconf 88' lang='lat' dir='ltr'><strong>instruit:</strong></span> <span class='ocrx_word' id='word_1_134' title='bbox 932 2431 1048 2486; x_wconf 87' lang='lat' dir='ltr'><strong>contra</strong></span> <span class='ocrx_word' id='word_1_135' title='bbox 1065 2419 1257 2511; x_wconf 89' lang='lat' dir='ltr'><strong>opinionem</strong></span> 
     </span>
     <span class='ocr_line' id='line_1_19' title="bbox 189 2533 1260 2630; baseline -0.002 -24"><span class='ocrx_word' id='word_1_136' title='bbox 189 2539 193 2546; x_wconf 77' lang='grc'><strong>’</strong></span> <span class='ocrx_word' id='word_1_137' title='bbox 221 2540 310 2606; x_wconf 91' lang='lat' dir='ltr'><strong>enim</strong></span> <span class='ocrx_word' id='word_1_138' title='bbox 330 2537 472 2607; x_wconf 87' lang='lat' dir='ltr'><strong>militnm</strong></span> <span class='ocrx_word' id='word_1_139' title='bbox 492 2538 678 2630; x_wconf 82' lang='lat' dir='ltr'><strong>famamque</strong></span> <span class='ocrx_word' id='word_1_140' title='bbox 697 2537 846 2624; x_wconf 81' lang='lat' dir='ltr'><strong>pmninm</strong></span> <span class='ocrx_word' id='word_1_141' title='bbox 867 2535 971 2604; x_wconf 84' lang='lat' dir='ltr'><strong>videri</strong></span> <span class='ocrx_word' id='word_1_142' title='bbox 989 2533 1142 2628; x_wconf 86' lang='lat' dir='ltr'><strong>proelium</strong></span> <span class='ocrx_word' id='word_1_143' title='bbox 1163 2535 1260 2604; x_wconf 82' lang='lat' dir='ltr'><strong>dillu-</strong></span> 
     </span>
     <span class='ocr_line' id='line_1_20' title="bbox 222 2653 1259 2753; baseline -0.005 -26"><span class='ocrx_word' id='word_1_144' title='bbox 222 2660 320 2753; x_wconf 84' lang='lat' dir='ltr'><strong>gisse,</strong></span> <span class='ocrx_word' id='word_1_145' title='bbox 341 2681 501 2751; x_wconf 82' lang='lat' dir='ltr'><strong>magnum</strong></span> <span class='ocrx_word' id='word_1_146' title='bbox 527 2656 762 2724; x_wconf 88' lang='lat' dir='ltr'><strong>detrimentum</strong></span> <span class='ocrx_word' id='word_1_147' title='bbox 788 2653 956 2722; x_wconf 83' lang='lat' dir='ltr'><strong>afferebat.</strong></span> <span class='ocrx_word' id='word_1_148' title='bbox 984 2653 1048 2723; x_wconf 87' lang='lat' dir='ltr'><strong>Sed</strong></span> <span class='ocrx_word' id='word_1_149' title='bbox 1072 2654 1195 2724; x_wconf 90' lang='lat' dir='ltr'><strong>eisdem</strong></span> <span class='ocrx_word' id='word_1_150' title='bbox 1218 2654 1259 2723; x_wconf 91' lang='lat' dir='ltr'><strong>de</strong></span> 
     </span>
    </p>
   </div>
   <div class='ocr_carea' id='block_1_3' title="bbox 117 2771 1259 2986">
    <p class='ocr_par' dir='ltr' id='par_1_4' title="bbox 117 2771 1259 2986">
     <span class='ocr_line' id='line_1_21' title="bbox 117 2771 1258 2870; baseline -0.004 -24"><span class='ocrx_word' id='word_1_151' title='bbox 117 2785 128 2804; x_wconf 76' lang='lat'><strong><em>¹</em></strong></span> <span class='ocrx_word' id='word_1_152' title='bbox 222 2780 346 2862; x_wconf 85' lang='lat' dir='ltr'><strong>causis,</strong></span> <span class='ocrx_word' id='word_1_153' title='bbox 374 2801 447 2870; x_wconf 83' lang='lat' dir='ltr'><strong>quae</strong></span> <span class='ocrx_word' id='word_1_154' title='bbox 465 2788 544 2843; x_wconf 89' lang='lat' dir='ltr'><strong>sunt</strong></span> <span class='ocrx_word' id='word_1_155' title='bbox 566 2774 722 2865; x_wconf 77' lang='lat' dir='ltr'><strong>cognitae,</strong></span> <span class='ocrx_word' id='word_1_156' title='bbox 742 2797 810 2865; x_wconf 89' lang='lat' dir='ltr'><strong>quo</strong></span> <span class='ocrx_word' id='word_1_157' title='bbox 830 2773 939 2841; x_wconf 89' lang='lat' dir='ltr'><strong>minus</strong></span> <span class='ocrx_word' id='word_1_158' title='bbox 964 2771 1122 2840; x_wconf 87' lang='lat' dir='ltr'><strong>dimicare</strong></span> <span class='ocrx_word' id='word_1_159' title='bbox 1142 2772 1258 2862; x_wconf 86' lang='lat' dir='ltr'><strong>vellet,</strong></span> 
     </span>
     <span class='ocr_line' id='line_1_22' title="bbox 122 2890 1259 2986; baseline -0.004 -22"><span class='ocrx_word' id='word_1_160' title='bbox 122 2975 126 2984; x_wconf 48' lang='grc'><strong>,</strong></span> <span class='ocrx_word' id='word_1_161' title='bbox 222 2897 414 2966; x_wconf 83' lang='lat' dir='ltr'><strong>movebatur</strong></span> <span class='ocrx_word' id='word_1_162' title='bbox 424 2920 434 2982; x_wconf 91' lang='lat'>;</span> <span class='ocrx_word' id='word_1_163' title='bbox 445 2907 544 2986; x_wconf 87' lang='lat' dir='ltr'><strong>atque</strong></span> <span class='ocrx_word' id='word_1_164' title='bbox 558 2893 620 2960; x_wconf 89' lang='lat' dir='ltr'><strong>hoc</strong></span> <span class='ocrx_word' id='word_1_165' title='bbox 630 2893 729 2958; x_wconf 88' lang='lat' dir='ltr'><strong>etiam</strong></span> <span class='ocrx_word' id='word_1_166' title='bbox 743 2891 863 2984; x_wconf 83' lang='lat' dir='ltr'><strong>magis,</strong></span> <span class='ocrx_word' id='word_1_167' title='bbox 877 2890 967 2984; x_wconf 94' lang='lat' dir='ltr'><strong>quod</strong></span> <span class='ocrx_word' id='word_1_168' title='bbox 982 2891 1080 2984; x_wconf 84' lang='lat' dir='ltr'><strong>spatii</strong></span> <span class='ocrx_word' id='word_1_169' title='bbox 1100 2890 1259 2980; x_wconf 87' lang='lat' dir='ltr'><strong>brevitas,</strong></span> 
     </span>
    </p>
   </div>
   <div class='ocr_carea' id='block_1_4' title="bbox 222 3007 1356 4060">
    <p class='ocr_par' dir='ltr' id='par_1_5' title="bbox 222 3007 1356 3942">
     <span class='ocr_line' id='line_1_23' title="bbox 223 3007 1332 3108; baseline -0.005 -26"><span class='ocrx_word' id='word_1_170' title='bbox 223 3017 322 3084; x_wconf 91' lang='lat' dir='ltr'><strong>etiam</strong></span> <span class='ocrx_word' id='word_1_171' title='bbox 343 3016 377 3082; x_wconf 92' lang='lat' dir='ltr'><strong>iu</strong></span> <span class='ocrx_word' id='word_1_172' title='bbox 403 3013 515 3108; x_wconf 83' lang='lat' dir='ltr'><strong>fugam</strong></span> <span class='ocrx_word' id='word_1_173' title='bbox 542 3011 701 3105; x_wconf 88' lang='lat' dir='ltr'><strong>conjectis</strong></span> <span class='ocrx_word' id='word_1_174' title='bbox 728 3008 938 3094; x_wconf 86' lang='lat' dir='ltr'><strong>adversariis,</strong></span> <span class='ocrx_word' id='word_1_175' title='bbox 962 3033 1031 3078; x_wconf 88' lang='lat' dir='ltr'><strong>non</strong></span> <span class='ocrx_word' id='word_1_176' title='bbox 1049 3007 1192 3079; x_wconf 85' lang='lat' dir='ltr'><strong>multum</strong></span> <span class='ocrx_word' id='word_1_177' title='bbox 1218 3008 1260 3078; x_wconf 86' lang='lat' dir='ltr'><strong>ad</strong></span> <span class='ocrx_word' id='word_1_178' title='bbox 1325 3049 1332 3060; x_wconf 50' lang='grc' dir='ltr'><em>ν</em></span> 
     </span>
     <span class='ocr_line' id='line_1_24' title="bbox 223 3129 1259 3225; baseline -0.004 -23"><span class='ocrx_word' id='word_1_179' title='bbox 223 3157 388 3202; x_wconf 89' lang='lat' dir='ltr'><strong>summam</strong></span> <span class='ocrx_word' id='word_1_180' title='bbox 418 3132 563 3200; x_wconf 76' lang='lat' dir='ltr'><strong>victoria</strong></span> <span class='ocrx_word' id='word_1_181' title='bbox 586 3132 704 3225; x_wconf 85' lang='lat' dir='ltr'><strong>juvare</strong></span> <span class='ocrx_word' id='word_1_182' title='bbox 727 3143 859 3224; x_wconf 87' lang='lat' dir='ltr'><strong>poterat</strong></span> <span class='ocrx_word' id='word_1_183' title='bbox 878 3155 886 3197; x_wconf 74' lang='grc' dir='ltr'><strong><em>ε</em></strong></span> <span class='ocrx_word' id='word_1_184' title='bbox 907 3154 973 3197; x_wconf 92' lang='lat' dir='ltr'><strong>nou</strong></span> <span class='ocrx_word' id='word_1_185' title='bbox 1001 3129 1089 3198; x_wconf 88' lang='lat' dir='ltr'><strong>enim</strong></span> <span class='ocrx_word' id='word_1_186' title='bbox 1118 3129 1259 3224; x_wconf 88' lang='lat' dir='ltr'><strong>amplius</strong></span> 
     </span>
     <span class='ocr_line' id='line_1_25' title="bbox 223 3249 1260 3347; baseline -0.003 -26"><span class='ocrx_word' id='word_1_187' title='bbox 223 3251 345 3347; x_wconf 89' lang='lat' dir='ltr'><strong>pedum</strong></span> <span class='ocrx_word' id='word_1_188' title='bbox 379 3251 524 3321; x_wconf 90' lang='lat' dir='ltr'><strong>millibus</strong></span> <span class='ocrx_word' id='word_1_189' title='bbox 558 3277 582 3322; x_wconf 89' lang='lat'><strong>11</strong></span> <span class='ocrx_word' id='word_1_190' title='bbox 616 3252 657 3320; x_wconf 86' lang='lat' dir='ltr'><strong>ab</strong></span> <span class='ocrx_word' id='word_1_191' title='bbox 692 3252 807 3320; x_wconf 88' lang='lat' dir='ltr'><strong>castris</strong></span> <span class='ocrx_word' id='word_1_192' title='bbox 832 3265 939 3320; x_wconf 87' lang='lat' dir='ltr'><strong>castra</strong></span> <span class='ocrx_word' id='word_1_193' title='bbox 966 3249 1143 3318; x_wconf 88' lang='lat' dir='ltr'><strong>distabant.</strong></span> <span class='ocrx_word' id='word_1_194' title='bbox 1173 3252 1260 3319; x_wconf 90' lang='lat' dir='ltr'><strong>Hinc</strong></span> 
     </span>
     <span class='ocr_line' id='line_1_26' title="bbox 223 3369 1259 3468; baseline -0.005 -27"><span class='ocrx_word' id='word_1_195' title='bbox 223 3373 304 3443; x_wconf 87' lang='lat' dir='ltr'><strong>duas</strong></span> <span class='ocrx_word' id='word_1_196' title='bbox 328 3389 437 3468; x_wconf 85' lang='lat' dir='ltr'><strong>partes</strong></span> <span class='ocrx_word' id='word_1_197' title='bbox 462 3375 548 3443; x_wconf 88' lang='lat' dir='ltr'><strong>acies</strong></span> <span class='ocrx_word' id='word_1_198' title='bbox 565 3372 774 3465; x_wconf 86' lang='lat' dir='ltr'><strong>occupabant</strong></span> <span class='ocrx_word' id='word_1_199' title='bbox 799 3370 886 3454; x_wconf 82' lang='lat' dir='ltr'><strong>duae3</strong></span> <span class='ocrx_word' id='word_1_200' title='bbox 915 3373 1012 3439; x_wconf 88' lang='lat' dir='ltr'><strong>tertia</strong></span> <span class='ocrx_word' id='word_1_201' title='bbox 1035 3371 1193 3458; x_wconf 85' lang='lat' dir='ltr'><strong>vacabat,</strong></span> <span class='ocrx_word' id='word_1_202' title='bbox 1216 3369 1259 3438; x_wconf 87' lang='lat' dir='ltr'><strong>ad</strong></span> 
     </span>
     <span class='ocr_line' id='line_1_27' title="bbox 223 3487 1356 3587; baseline -0.005 -25"><span class='ocrx_word' id='word_1_203' title='bbox 223 3495 391 3564; x_wconf 74' lang='lat' dir='ltr'><strong>incumum</strong></span> <span class='ocrx_word' id='word_1_204' title='bbox 417 3508 517 3587; x_wconf 88' lang='lat' dir='ltr'><strong>atque</strong></span> <span class='ocrx_word' id='word_1_205' title='bbox 541 3493 701 3586; x_wconf 89' lang='lat' dir='ltr'><strong>impetum</strong></span> <span class='ocrx_word' id='word_1_206' title='bbox 725 3488 869 3559; x_wconf 90' lang='lat' dir='ltr'><strong>militum</strong></span> <span class='ocrx_word' id='word_1_207' title='bbox 894 3489 1016 3558; x_wconf 87' lang='lat' dir='ltr'><strong>relicta.</strong></span> <span class='ocrx_word' id='word_1_208' title='bbox 1043 3491 1077 3558; x_wconf 91' lang='lat' dir='ltr'><strong>Si</strong></span> <span class='ocrx_word' id='word_1_209' title='bbox 1107 3487 1260 3582; x_wconf 91' lang='lat' dir='ltr'><strong>proelinm</strong></span> <span class='ocrx_word' id='word_1_210' title='bbox 1350 3521 1356 3530; x_wconf 86' lang='lat'>·</span> 
     </span>
     <span class='ocr_line' id='line_1_28' title="bbox 222 3607 1260 3706; baseline -0.007 -26"><span class='ocrx_word' id='word_1_211' title='bbox 222 3615 498 3698; x_wconf 86' lang='lat' dir='ltr'><strong>committeretur,</strong></span> <span class='ocrx_word' id='word_1_212' title='bbox 519 3611 750 3706; x_wconf 89' lang='lat' dir='ltr'><strong>propinquitas</strong></span> <span class='ocrx_word' id='word_1_213' title='bbox 767 3623 952 3678; x_wconf 86' lang='lat' dir='ltr'><strong>castrorum</strong></span> <span class='ocrx_word' id='word_1_214' title='bbox 972 3607 1110 3676; x_wconf 89' lang='lat' dir='ltr'><strong>celerem</strong></span> <span class='ocrx_word' id='word_1_215' title='bbox 1130 3629 1260 3699; x_wconf 87' lang='lat' dir='ltr'><strong>snpera-</strong></span> 
     </span>
     <span class='ocr_line' id='line_1_29' title="bbox 223 3726 1259 3827; baseline -0.005 -29"><span class='ocrx_word' id='word_1_216' title='bbox 223 3732 266 3799; x_wconf 91' lang='lat' dir='ltr'><strong>tis</strong></span> <span class='ocrx_word' id='word_1_217' title='bbox 283 3757 324 3800; x_wconf 87' lang='lat' dir='ltr'><strong>ex</strong></span> <span class='ocrx_word' id='word_1_218' title='bbox 340 3733 417 3827; x_wconf 83' lang='lat' dir='ltr'><strong>luga</strong></span> <span class='ocrx_word' id='word_1_219' title='bbox 437 3745 606 3825; x_wconf 86' lang='lat' dir='ltr'><strong>receptum</strong></span> <span class='ocrx_word' id='word_1_220' title='bbox 627 3728 737 3798; x_wconf 88' lang='lat' dir='ltr'><strong>dabat.</strong></span> <span class='ocrx_word' id='word_1_221' title='bbox 759 3733 830 3797; x_wconf 88' lang='lat' dir='ltr'><strong>Hac</strong></span> <span class='ocrx_word' id='word_1_222' title='bbox 846 3727 889 3796; x_wconf 92' lang='lat' dir='ltr'><strong>de</strong></span> <span class='ocrx_word' id='word_1_223' title='bbox 907 3751 1007 3797; x_wconf 88' lang='lat' dir='ltr'><strong>causa</strong></span> <span class='ocrx_word' id='word_1_224' title='bbox 1021 3726 1259 3808; x_wconf 84' lang='lat' dir='ltr'><strong>constituerat,</strong></span> 
     </span>
     <span class='ocr_line' id='line_1_30' title="bbox 223 3843 1256 3942; baseline -0.004 -26"><span class='ocrx_word' id='word_1_225' title='bbox 223 3852 317 3942; x_wconf 84' lang='lat' dir='ltr'><strong>signa</strong></span> <span class='ocrx_word' id='word_1_226' title='bbox 340 3851 557 3920; x_wconf 81' lang='lat' dir='ltr'><strong>inferentibus</strong></span> <span class='ocrx_word' id='word_1_227' title='bbox 574 3852 745 3936; x_wconf 87' lang='lat' dir='ltr'><strong>resistere,</strong></span> <span class='ocrx_word' id='word_1_228' title='bbox 763 3851 854 3942; x_wconf 90' lang='lat' dir='ltr'><strong>prior</strong></span> <span class='ocrx_word' id='word_1_229' title='bbox 868 3844 984 3941; x_wconf 91' lang='lat' dir='ltr'><strong>proelio</strong></span> <span class='ocrx_word' id='word_1_230' title='bbox 1000 3869 1067 3914; x_wconf 91' lang='lat' dir='ltr'><strong>non</strong></span> <span class='ocrx_word' id='word_1_231' title='bbox 1090 3843 1256 3914; x_wconf 85' lang='lat' dir='ltr'><strong>lacessere.</strong></span> 
     </span>
    </p>

    <p class='ocr_par' dir='ltr' id='par_1_6' title="bbox 273 3963 1259 4060">
     <span class='ocr_line' id='line_1_31' title="bbox 273 3963 1259 4060; baseline -0.005 -24"><span class='ocrx_word' id='word_1_232' title='bbox 273 3970 461 4038; x_wconf 89' lang='lat' dir='ltr'><strong>LXXXIll.</strong></span> <span class='ocrx_word' id='word_1_233' title='bbox 490 3970 585 4039; x_wconf 79' lang='lat' dir='ltr'><strong>Acies</strong></span> <span class='ocrx_word' id='word_1_234' title='bbox 614 3983 685 4038; x_wconf 88' lang='lat' dir='ltr'><strong>erat</strong></span> <span class='ocrx_word' id='word_1_235' title='bbox 718 3968 898 4038; x_wconf 83' lang='lat' dir='ltr'><strong>Afraniana</strong></span> <span class='ocrx_word' id='word_1_236' title='bbox 935 3963 1056 4058; x_wconf 83' lang='lat' dir='ltr'><strong>duplex</strong></span> <span class='ocrx_word' id='word_1_237' title='bbox 1090 3963 1259 4060; x_wconf 84' lang='lat' dir='ltr'><strong>legionum</strong></span> 
     </span>
    </p>
   </div>
   <div class='ocr_carea' id='block_1_5' title="bbox 367 4087 1125 4167">
    <p class='ocr_par' dir='ltr' id='par_1_7' title="bbox 367 4087 1125 4167">
     <span class='ocr_line' id='line_1_32' title="bbox 367 4087 1125 4167; baseline -0.004 3"><span class='ocrx_word' id='word_1_238' title='bbox 367 4113 401 4156; x_wconf 84' lang='lat'><strong>¹¹·</strong></span> <span class='ocrx_word' id='word_1_239' title='bbox 492 4123 496 4130; x_wconf 93' lang='lat'><strong>·</strong></span> <span class='ocrx_word' id='word_1_240' title='bbox 1103 4087 1125 4167; x_wconf 78' lang='lat' dir='ltr'><strong>d</strong></span> 
     </span>
    </p>
   </div>
   <div class='ocr_carea' id='block_1_6' title="bbox 0 0 1551 4766">
    <p class='ocr_par' dir='ltr' id='par_1_8' title="bbox 0 0 1551 4766">
     <span class='ocr_line' id='line_1_33' title="bbox 0 0 1551 4766; baseline 0 0"><span class='ocrx_word' id='word_1_241' title='bbox 0 0 1551 4766; x_wconf 95' lang='lat' dir='ltr'><strong> </strong></span> 
     </span>
    </p>
   </div>
  </div>
 </body>
</html>
