3096 4762
260 384 297 444 24
417 352 1134 432 c.ru1.'11cnssa1sconmauraatonuu

259 525 361 594 quam
384 498 473 568 bello
490 500 621 568 vicisset
637 513 694 567 aut
718 501 854 584 Caesari,
872 514 931 568 aut
948 500 1086 568 omuino
1106 498 1230 594 populo
1247 523 1298 568 ro·
1370 552 1373 560 .
1404 525 1407 530 ·

261 645 360 689 mano
375 619 500 714 negotii
515 633 609 688 esset.
629 649 645 684 a

307 741 447 808 XXXV.
470 738 529 806 llis
548 739 711 832 responsis
727 739 769 807 ad
786 743 946 810 Caesarem
967 738 1100 826 relatis,
1121 737 1297 806 iterumad

260 883 337 926 etam
351 861 460 928 Caesar
471 856 596 952 legatos
611 881 688 926 cum
703 858 755 926 his
768 858 931 928 mandatis
948 859 1071 926 mittit:
1088 858 1298 945 «Quoniam,

261 992 355 1046 tanto
374 1001 434 1046 suo
449 977 630 1071 populique
645 980 774 1048 romani
789 977 949 1047 beneficio
966 976 1104 1045 allectus
1123 975 1248 1077 (quum
1265 979 1300 1045 in

261 1095 435 1165 consulatu
462 1121 523 1166 suo
545 1123 604 1166 rex
631 1113 731 1191 atque
762 1099 886 1166 amicus
917 1121 936 1164 a
968 1110 1085 1165 senatu
1116 1094 1300 1189 appellatus

262 1211 384 1307 esset),
405 1215 492 1284 hanc
516 1217 579 1286 sibi
601 1215 792 1311 populoque
814 1241 953 1286 romano
976 1215 1115 1308 gratiam
1146 1213 1299 1300 referret,

262 1349 299 1402 ut
318 1335 353 1401 in
371 1332 574 1428 colloquium
594 1336 706 1406 venire
727 1337 884 1404 invitatus
905 1347 1112 1428 gravaretur,
1132 1353 1240 1426 neque
1260 1333 1301 1401 de

81 1485 84 1492 ·
202 1442 210 1470 Ι
262 1455 430 1526 communi
458 1477 493 1521 re
519 1453 695 1522 dicendum
719 1455 834 1523 sibiet
861 1451 1125 1546 cognoscendum
1149 1465 1299 1547 putaret,

263 1571 333 1640 haec
349 1597 417 1641 esse
441 1597 513 1665 quae
533 1573 574 1640 ab
597 1597 637 1642 co
658 1572 861 1668 postularet:
880 1572 1044 1665 primum,
1066 1595 1108 1640 ne
1124 1595 1222 1664 quam
1239 1571 1300 1639 lro-

268 1692 391 1760 minum
411 1690 658 1760 multitudinem
670 1691 816 1784 'amplius
833 1703 923 1758 trans
939 1689 1095 1758 Rhenum
1108 1691 1142 1758 in
1155 1688 1300 1758 Galliam

266 1808 469 1895 traduceret;
500 1810 619 1879 deinde
649 1810 796 1898 obsides,
829 1833 912 1904 quos
942 1810 1078 1879 haberet
1105 1811 1146 1879 ab
1172 1810 1300 1898 AEduis,

265 1927 432 2014 redderet3
457 1930 684 2022 Sequanisque
703 1930 926 2023 permitteret,
950 1945 1008 2016 ut,
1027 1953 1110 2023 quos
1132 1927 1179 1998 illi
1199 1930 1302 1998 habe·

266 2060 355 2134 rent,
382 2045 551 2116 voluntate
573 2048 644 2141 ejus
668 2047 804 2116 reddere
830 2048 894 2117 illis
917 2048 1048 2134 liceret3
1071 2072 1154 2115 neve
1179 2047 1301 2116 AEduos

268 2164 387 2257 injuria
407 2164 596 2254 lacesseret,
616 2191 699 2236 neve
717 2168 769 2235 his
790 2169 952 2260 sociisque
970 2190 1085 2236 eorum
1103 2164 1229 2234 bellum
1250 2168 1302 2233 iu·

267 2283 375 2352 ferret.
398 2286 433 2353 Si
450 2284 484 2352 id
505 2286 550 2352 ita
570 2285 715 2374 fecisset,
735 2286 798 2355 sibi
819 2284 1008 2381 populoque
1027 2310 1165 2354 romano
1184 2310 1302 2379 perpe-

268 2418 359 2472 tuam
376 2405 517 2498 gratiam
534 2418 634 2497 atque
654 2405 833 2474 amicitiam
850 2429 926 2474 cum
942 2429 981 2474 eo
1000 2405 1146 2473 futuram
1163 2431 1171 2473 ε
1190 2406 1217 2472 si
1234 2429 1301 2472 non

268 2525 473 2617 impetraret,
494 2545 582 2611 sese,
598 2526 755 2616 quoniam
771 2528 818 2593 M.
831 2525 986 2610 Messala,
998 2528 1046 2594 M.
1063 2526 1182 2594 Pisone
1193 2527 1301 2610 Coss,

268 2659 400 2720 senatus
419 2644 611 2730 censuisset,
632 2645 703 2730 uti,
724 2645 912 2736 quicunque
930 2642 1075 2713 Galliam
1096 2646 1302 2738 provinciam

268 2763 445 2850 obtineret,
482 2763 572 2856 quod
604 2761 779 2832 commodo
813 2761 1001 2858 reipublicae
1034 2764 1142 2833 facere
1179 2781 1303 2858 posset,

269 2881 393 2952 AEduos
403 2896 595 2974 ceterosque
606 2882 728 2951 amicos
741 2879 855 2975 populi
868 2884 996 2952 romani
1010 2881 1218 2972 defenderet,
1233 2908 1303 2952 sese

268 3001 451 3070 AEduorum
466 3003 601 3095 injurias
618 3025 685 3070 non
704 3000 942 3096 neglecturum.

316 3122 474 3190 XXXVI.
493 3120 543 3189 ld
555 3121 624 3190 hac
633 3122 818 3190 Ariovistus
830 3119 1014 3216 respondit,
1028 3150 1044 3183 α
1053 3125 1070 3189 J
1073 3143 1112 3188 us
1125 3145 1195 3189 essa
1209 3122 1303 3208 belli,

270 3255 308 3310 ut
322 3242 379 3334 qui
393 3240 562 3328 vicissent,
579 3243 634 3326 iis,
650 3265 733 3332 quos
752 3242 922 3327 vicissent,
939 3239 1217 3333 quemadmodum
1235 3241 1304 3310 vel·
1347 3225 1349 3230 ¹

269 3361 354 3444 lent,
378 3362 576 3454 imperarent
600 3384 608 3426 ε
635 3361 713 3426 item
735 3356 894 3452 populum
922 3384 1098 3428 romanum
1118 3361 1213 3429 victis
1237 3385 1305 3428 non

270 3479 312 3549 ad
331 3477 464 3548 alterius
481 3479 723 3572 praescriptum,
744 3477 800 3546 sed
820 3476 862 3546 ad
879 3502 975 3546 suum
991 3479 1182 3566 arbitrium,
1202 3481 1306 3573 impe·

271 3624 344 3668 rare
360 3621 543 3667 consuesse.
558 3597 593 3666 Si
609 3596 679 3691 ipse
692 3595 817 3690 populo
830 3621 970 3666 romano
983 3623 1048 3666 non
1062 3598 1306 3692 praescriberet,

271 3715 549 3812 quemadmodum
563 3741 623 3785 suo
630 3717 706 3809 jure
717 3730 881 3802 uteretur;
893 3697 961 3784 non
970 3729 1126 3808 oportere
1137 3739 1236 3786 sesea
1249 3741 1308 3810 po-

272 3837 351 3933 pulo
367 3862 505 3906 romano
523 3838 556 3905 in
573 3861 632 3906 suo
645 3837 720 3930 jure
737 3837 900 3930 impediri.
917 3834 1040 3904 AEduos
1056 3834 1133 3925 sibi,
1150 3836 1307 3930 quoniam

271 3957 348 4028 belli
362 3957 529 4027 fortunam
547 3970 743 4044 tentassent,
761 3971 793 4025 et
810 3958 909 4026 armis
925 3955 1093 4051 congressi
1109 3979 1150 4025 ac
1163 3958 1305 4050 superati
