3014 4780
469 427 470 430 κ
499 390 547 446 nn
568 389 691 447 anuo
712 391 918 448 arsicino.
1165 391 1222 464 239

183 516 342 611 oppidum
367 516 532 602 constitit,
558 539 717 607 suamque
741 516 844 584 aciem
871 512 1012 582 mediam
1037 537 1077 581 eo
1099 513 1223 607 oppido

182 639 286 705 texit:
301 635 454 703 dextrum
472 635 707 727 sinistrumque
722 658 844 720 cornu,
859 633 915 702 ubi
927 631 1096 725 elephanti
1113 648 1223 718 erant,

184 757 218 824 in
235 769 413 848 conspectu
429 754 555 849 patenti
572 754 834 824 adversariorum
845 754 1004 824 constitit.

232 879 337 945 XLII.
355 875 469 964 Quum
483 875 551 969 jam
579 899 683 970 prope
703 872 780 943 solis
800 899 952 944 occasum
979 877 1090 944 Caesar
1108 899 1224 968 exspe-

185 997 354 1082 ctavisset,
374 1020 481 1089 neqne
499 1021 538 1064 ex
558 1021 596 1064 eo
613 994 705 1082 loco,
725 1019 792 1088 quo
812 995 1022 1083 constiterat,
1037 995 1224 1088 Scipionem

185 1114 338 1211 progredi
367 1117 503 1211 propius
521 1141 556 1185 se
580 1114 878 1201 animadvertisset,
906 1114 1044 1208 locoque
1070 1139 1104 1184 se
1121 1117 1226 1209 magis

185 1235 379 1320 defendere,
392 1238 419 1307 si
430 1261 483 1306 res
495 1237 671 1330 coegisset,
688 1245 788 1328 quam
807 1237 839 1304 in
856 1261 974 1330 campo
986 1237 1138 1304 cominus
1149 1261 1226 1304 con·

186 1358 300 1428 sistere
312 1356 454 1444 audere,
472 1382 537 1440 non
549 1371 597 1425 est
608 1356 675 1425 visa
687 1358 771 1426 ratio
783 1357 919 1450 propius
928 1355 1106 1425 accedendi
1121 1382 1160 1427 eo
1170 1356 1225 1426 die

185 1475 226 1545 ad
236 1477 396 1572 oppidum
409 1529 419 1564 ,
431 1480 588 1571 quoniam
599 1477 643 1546 ibi
659 1477 847 1571 praesidium
858 1476 982 1572 grande
998 1478 1224 1547 Numidarum

184 1623 253 1668 esse
267 1614 488 1694 cognoverat,
507 1600 682 1692 hostesque
700 1596 840 1666 mediam
861 1600 964 1667 aciem
977 1622 1082 1666 suam
1097 1598 1223 1692 oppido

185 1720 323 1804 texisse;
341 1720 469 1813 sibique
481 1717 614 1790 difficile
630 1718 718 1788 sactu
732 1743 801 1787 esse
816 1716 996 1802 intellexit,
1008 1715 1106 1786 simul
1122 1731 1154 1786 et
1167 1743 1225 1811 op·

185 1839 301 1932 pidum
317 1864 385 1908 tino
399 1853 547 1932 tempore
561 1863 770 1932 oppugnare,
789 1852 822 1906 et
843 1838 877 1906 in
895 1840 965 1906 acie
982 1839 1016 1906 in
1028 1862 1132 1906 cornu
1152 1837 1226 1906 dex·

185 1973 237 2026 tro
247 1983 285 2027 ac
294 1959 427 2028 sinistro
437 1983 477 2028 ex
487 1960 651 2052 iniquiore
660 1957 735 2027 loco
746 1982 915 2053 pugnare,
930 1958 1111 2051 praesertim
1121 1983 1225 2052 quum

187 2076 306 2146 milites
325 2103 343 2148 a
358 2103 454 2148 mane
472 2078 538 2147 diei
549 2079 655 2172 jejuni
673 2079 734 2148 sub
749 2079 850 2147 armis
865 2079 1030 2148 stetissent
1043 2076 1223 2174 defatigati.

185 2198 301 2290 Itaque
317 2197 462 2268 reductis
477 2200 544 2268 suis
561 2201 664 2294 copiis
680 2201 713 2267 in
730 2213 853 2283 castra,
869 2211 1001 2292 postero
1019 2196 1072 2265 die
1086 2199 1224 2291 propius

184 2341 300 2387 eorum
319 2321 422 2389 aciem
439 2321 581 2390 instituit
598 2321 808 2416 exporrigere
827 2319 1037 2387 munitiones.

235 2443 357 2512 XLIII.
378 2443 513 2512 lnterim
531 2441 729 2526 Considius,
749 2440 806 2533 qui
830 2436 991 2508 Achillam
1010 2453 1087 2508 octo
1105 2439 1224 2508 cohor·

187 2559 275 2629 tibus
295 2561 515 2654 stipendiariis
541 2559 695 2631 Numidis
713 2557 917 2653 Gaetulisque
947 2559 1140 2644 obsidebat,
1168 2560 1225 2628 ubi

185 2683 223 2750 C.
244 2683 386 2750 Messius
407 2682 599 2750 cohortibus
623 2695 778 2773 praeerat,
800 2678 857 2748 diu
878 2679 1086 2773 multumque
1110 2703 1226 2773 exper-

185 2815 259 2887 tus,
277 2801 472 2894 magnisque
492 2799 647 2893 operibus
672 2824 756 2893 saepe
776 2799 937 2887 admotis,
957 2814 990 2868 et
1016 2800 1055 2868 iis
1073 2800 1115 2870 ab
1133 2801 1226 2894 oppi-

186 2918 279 2988 danis
297 2921 461 3006 incensis,
483 2945 588 3014 quum
609 2919 782 3014 proficeret
800 2919 903 3004 nihil,
920 2920 1030 2990 subito
1049 2921 1167 2988 nuntio
1184 2919 1225 2990 de

186 3041 331 3132 equestri
358 3038 474 3134 proelio
497 3039 598 3110 allato
629 3056 835 3128 commotus,
859 3040 1046 3124 frumento,
1072 3041 1166 3133 cujus
1192 3041 1225 3109 in

187 3160 301 3228 castris
318 3162 448 3253 copiam
463 3162 638 3250 habuerat,
657 3164 807 3249 incenso,
820 3163 917 3248 vino,
929 3162 1025 3250 oleo,
1043 3162 1228 3254 ceterisque

186 3279 305 3366 rebus,
325 3303 397 3374 quae
419 3280 460 3350 ad
480 3283 602 3350 victum
627 3283 736 3376 parari
759 3281 884 3368 solent,
910 3284 1092 3378 corruptis,
1115 3281 1227 3352 Achil-

186 3399 270 3487 lam,
291 3427 391 3495 quam
416 3403 606 3489 obsidebat,
626 3402 791 3489 deseruit;
811 3420 931 3498 atque,
954 3405 1071 3473 itinere
1092 3428 1151 3498 per
1176 3427 1226 3471 re·

185 3547 287 3616 gnum
296 3523 388 3594 anae
398 3523 501 3606 sacto,
512 3526 623 3618 copias
631 3548 706 3594 cum
718 3525 873 3618 Scipione
883 3525 1044 3620 partitus,
1059 3523 1223 3593 Adrume-

185 3657 255 3709 tum
274 3666 308 3710 se
324 3646 458 3740 recepit.

173 3816 190 3829 ..
233 3765 355 3832 XLIV.
375 3769 504 3836 Interea
522 3791 563 3836 ex
581 3766 725 3836 secundo
743 3781 951 3851 commeatu,
968 3790 1066 3859 quem
1081 3791 1099 3834 a
1114 3764 1226 3834 Sicilia

185 3881 317 3951 miserat
331 3882 497 3972 Allienus,
515 3889 607 3956 navis
625 3913 709 3974 una,
723 3889 757 3958 in
775 3913 840 3981 qna
855 3886 959 3958 suerat
974 3888 1016 3975 Q.
1031 3887 1226 3970 Cominius,

185 4011 220 4068 et
235 4001 274 4068 L.
291 4001 404 4072 Ticida
420 4029 521 4098 eques
538 4031 712 4096 romanus,
730 4009 773 4076 ab
790 4007 921 4076 residua
939 4005 1042 4076 classe
1058 4031 1162 4100 quum
1180 4029 1228 4073 er·
