3048 4770
431 415 482 470 DE
502 414 625 472 BELLO
647 413 815 470 GALLICO
837 413 907 468 tta.
924 413 946 466 1.
1171 411 1208 466 25

124 597 128 606 .
169 553 290 626 essent,
316 537 548 631 stipendiarios
570 560 639 608 esse
665 538 779 607 factos.
797 539 955 630 Magnam
977 538 1139 605 Caesarem
1159 537 1209 604 in·

167 659 288 751 juriam
311 656 434 742 facere,
456 659 514 754 qui
529 683 588 727 suo
607 657 754 728 adventu
774 653 948 750 vectigalia
967 655 1028 723 sibi
1046 654 1210 724 deteriora

77 777 80 786 '
170 777 303 846 iaceret.
319 775 432 845 AEduis
443 801 478 846 se
490 777 621 848 obsides
632 777 841 846 redditurum
853 799 921 844 non
933 799 1137 869 esse3neque
1149 776 1209 862 eis,

172 920 280 988 neque
303 919 417 964 eorum
440 897 538 965 sociis
563 897 684 990 injuria
705 893 827 967 bellum
852 892 1038 981 illaturum,
1061 895 1144 964 siin
1171 919 1211 963 eo

173 1030 357 1101 inenerent,
377 1015 468 1108 quod
489 1018 716 1103 convenisset,
743 1014 1010 1110 stipendiumque
1033 1016 1211 1107 quotannis
1327 1021 1329 1024 ’

173 1134 370 1228 penderent:
383 1135 410 1203 si
425 1134 459 1202 id
473 1161 541 1205 non
556 1136 725 1225 fecissent,
736 1133 835 1230 longe
843 1135 883 1204 iis
893 1135 1077 1204 fraternum
1088 1159 1211 1203 nomen

172 1252 285 1347 populi
300 1255 429 1322 romani
444 1254 649 1324 abfuturum.
665 1231 767 1343 Quod
780 1254 842 1323 sibi
857 1257 967 1324 Cesar
981 1253 1211 1341 denunciaret,

169 1399 203 1442 se
220 1373 402 1442 AEduorum
420 1375 556 1468 injurias
574 1399 642 1444 nou
658 1371 904 1468 neglecturum
920 1375 1085 1444 'neminem
1099 1399 1211 1445 secum

169 1495 240 1562 sine
254 1518 314 1562 sua
331 1495 477 1588 pernicie
493 1492 712 1564 contendisse.
732 1495 848 1582 Q'uum
865 1491 979 1580 vellet,
996 1494 1213 1589 congredere-

170 1629 241 1696 tur;
269 1611 533 1700 intellecturum,
558 1614 638 1706 quid
660 1615 778 1682 invicti
801 1615 982 1703 Germani,
1006 1615 1211 1682 exercitatis-

169 1735 245 1803 simi
262 1735 296 1803 in
311 1735 427 1823 armis,
439 1735 497 1827 qui
515 1735 602 1802 iuter
616 1759 720 1811 annos
731 1759 790 1804 xlv
807 1748 933 1803 tectum
949 1759 1017 1802 non
1034 1733 1212 1814 subissent,

168 1856 294 1924 virtute
310 1869 456 1949 possent.
475 1883 491 1918 a

217 1974 393 2044 XXXVII.
412 1979 490 2045 Haec
510 1977 626 2046 eodem
644 1993 792 2073 tempore
811 1980 933 2048 Caesari
951 1977 1107 2046 mandata
1129 1977 1214 2044 refe-

168 2097 351 2182 rebantur,
371 2111 407 2165 et
428 2096 527 2192 legati
548 2097 590 2166 ab
607 2098 722 2168 AEduis
746 2113 780 2167 et
800 2123 820 2166 a
840 2099 984 2168 Treviris
1005 2098 1183 2166 veniebant
1203 2122 1212 2159 ε

168 2215 269 2285 AEdui
294 2232 465 2310 questum,
488 2216 580 2310 quod
602 2217 768 2305 Harudes,
792 2218 849 2311 qui
881 2242 987 2311 nuper
1011 2220 1045 2285 in
1069 2214 1213 2286 Galliam

168 2337 387 2430 transportati
413 2351 538 2421 essent,
563 2336 645 2406 fines
666 2361 781 2406 eorum
804 2335 1060 2432 popularentur3
1086 2361 1155 2406 sese
1172 2362 1214 2404 ne

166 2456 343 2526 obsidibus
369 2457 504 2550 quidem
530 2456 615 2526 datis
640 2480 756 2551 pacem
781 2458 938 2526 Ariovisti
963 2457 1126 2526 redimere
1153 2482 1214 2550 po·

167 2579 273 2645 tuisse
295 2603 303 2644 :
330 2579 461 2648 Treviri
479 2592 606 2665 autern,
629 2603 731 2672 pagos
750 2592 885 2647 centum
909 2580 1094 2647 Suevorum
1112 2577 1154 2645 ad
1170 2579 1215 2644 ri·

166 2720 252 2790 pam
269 2697 379 2764 Rheni
396 2697 596 2784 consedisse,
612 2697 670 2790 qui
680 2697 834 2768 Rhenum
846 2700 986 2767 transire
997 2712 1214 2778 conarentur;

165 2819 210 2886 iis
232 2840 371 2909 praeesse
388 2817 535 2886 Nasuam
552 2831 586 2884 et
601 2817 809 2887 Cimberium
825 2817 952 2886 fratres.
970 2817 1102 2905 Quibus
1116 2817 1215 2888 rebus

166 2941 286 3008 Caesar
303 2935 518 3004 vehementer
537 2952 738 3026 commotus,
757 2936 994 3007 maturandum
1015 2938 1079 3006 sibi
1104 2940 1215 3010 existi-

167 3057 291 3144 mavit,
310 3080 369 3142 ne,
389 3057 416 3124 si
437 3081 524 3126 nova
542 3081 660 3126 manus
674 3060 859 3126 Suevorum
879 3082 955 3125 cum
971 3059 1139 3128 veteribus
1160 3085 1216 3127 co·

168 3178 237 3271 piis
252 3179 410 3246 Ariovisti
428 3202 498 3247 sese
513 3177 756 3271 conjunxisset,
773 3179 882 3248 minus
901 3177 996 3247 facile
1013 3181 1122 3248 resisti
1138 3205 1216 3272 pos-

168 3311 232 3366 set.
262 3299 393 3391 Itaque,
422 3323 459 3368 re
487 3298 723 3387 frumentaria,
754 3322 855 3391 quam
889 3297 1061 3370 celerrime
1092 3305 1216 3394 potuit,

168 3433 385 3510 comparata,
405 3420 534 3512 magnis
553 3418 729 3487 itineribus
747 3419 789 3486 ad
809 3419 1012 3489 Ariovistum
1033 3422 1215 3494 contendit.

222 3539 416 3608 XXXVIII.
443 3541 559 3628 Quum
583 3538 684 3606 tridui
711 3540 799 3607 viam
825 3541 1055 3633 processisset,
1081 3545 1217 3612 nuncia·

169 3673 248 3728 tum
270 3673 320 3728 est
340 3660 386 3744 ei,
406 3657 611 3727 Ariovistum
632 3683 709 3727 cum
727 3659 794 3727 suis
809 3660 962 3730 omnibus
978 3664 1083 3756 copiis
1102 3664 1144 3732 ad
1160 3691 1217 3734 oc-

169 3777 369 3872 cupandum
385 3781 645 3867 Vesontionem,
666 3780 757 3874 quod
778 3797 829 3851 est
851 3782 1013 3876 oppidum
1035 3786 1216 3857 maximum

169 3901 425 3992 Sequanorum,
446 3899 661 3986 contendere,
678 3902 848 3997 triduique
863 3906 952 3974 viam
971 3931 990 3973 a
1009 3907 1076 3975 suis
1096 3906 1218 3981 finibus

171 4022 384 4110 processisse.
410 4021 513 4090 Idne
540 4022 719 4112 accideret,
741 4049 860 4120 magno
886 4050 985 4119 opere
1010 4026 1072 4095 sibi
1094 4053 1218 4122 praeca-
