3020 4768
294 351 328 412 ¹6
448 344 480 400 C.
499 343 597 400 tum
618 343 784 402 effislms
804 343 1172 405 connuursntonun

290 471 467 564 lrortesque
489 469 585 539 adse
612 470 646 539 in
672 485 779 540 castra
806 469 992 558 traducere,
1019 497 1150 567 nequa
1177 489 1235 543 aut
1261 475 1328 546 lar-

290 591 486 686 gitionibus,
510 607 567 661 aut
590 592 692 660 animi
714 591 986 680 confirmatione,
1006 609 1063 662 eut
1091 591 1179 663 salsis
1199 598 1327 666 nuntiis

289 713 505 781 commutatio
523 710 616 781 ficret
638 710 832 799 voluntatis,
848 714 939 807 quod
955 738 1040 808 saepe
1056 715 1091 783 in
1109 713 1198 784 bello
1215 719 1327 808 parvis

289 833 469 900 momentis
485 832 597 927 magni
612 854 706 902 casus
720 834 982 920 intercederent,
997 851 1109 904 temen
1127 837 1268 924 veritus,
1283 863 1325 906 ne

289 951 435 1021 militum
452 953 591 1023 introitu
609 967 643 1022 et
659 957 816 1023 nocturni
833 956 991 1048 temporis
1009 952 1139 1024 licentia
1163 956 1324 1050 oppidum

290 1073 507 1169 diriperetur,
525 1097 596 1161 eos,
614 1076 672 1167 qui
696 1091 871 1162 venerant,
891 1072 1071 1163 collaudat,
1093 1090 1192 1169 atque
1212 1078 1246 1146 in
1265 1102 1324 1172 op-

289 1193 406 1288 pidum
427 1193 581 1280 dimittit;
600 1208 714 1290 portas
736 1217 914 1288 murosque
934 1199 1093 1264 asservari
1117 1197 1223 1290 jubet.
1248 1201 1323 1292 Ipse

289 1316 328 1385 iis
355 1316 528 1410 operibus,
555 1339 628 1409 quae
652 1316 760 1385 facere
786 1317 991 1404 instituerat,
1015 1315 1136 1386 milites
1160 1316 1322 1413 disponit,

287 1461 355 1507 non
366 1437 464 1506 certis
477 1437 592 1532 spatiis
607 1437 817 1523 intermissis,
835 1450 870 1505 ut
883 1449 954 1504 erat
969 1438 1179 1531 superiorum
1192 1437 1321 1508 dierum

287 1556 507 1644 consuetudo,
535 1555 593 1624 sed
617 1557 787 1650 perpetuis
811 1554 932 1648 vigiliis
967 1557 1248 1651 stationibusque,
1284 1573 1323 1627 ut

287 1678 485 1774 contingant
493 1678 579 1746 inter
595 1701 645 1766 se,
658 1692 758 1770 atque
771 1701 905 1746 omnem
918 1677 1136 1746 munitionem
1146 1677 1319 1773 expleant:

287 1800 439 1869 tribunos
458 1798 602 1868 militum
619 1812 652 1866 et
674 1795 844 1892 praefectos
862 1797 1103 1884 circummittit,
1123 1812 1223 1891 atque
1242 1799 1321 1868 hor·

287 1934 395 2005 tatur,
416 1943 484 1988 non
513 1917 620 1988 solum
638 1915 680 1987 ab
707 1917 936 2012 eruptionibus
955 1931 1111 2004 careant,
1136 1917 1194 2002 sed
1222 1921 1320 1989 etiam

286 2038 493 2134 singulorum
516 2039 690 2108 hominum
709 2035 856 2108 occultos
879 2037 983 2107 exitus
1006 2055 1182 2108 asservent
1202 2042 1320 2134 Neque

286 2185 328 2230 eo
349 2175 419 2230 tam
442 2159 578 2230 remisso
593 2183 631 2228 ac
655 2135 813 2254 languido
835 2159 947 2228 animo
969 2160 1147 2254 quisquam
1169 2162 1319 2229 omnium

287 2281 368 2366 suit,
391 2281 449 2373 qui
467 2304 506 2349 ea
530 2294 626 2348 nocte
646 2279 882 2373 conquieverit.
907 2281 1013 2348 Tanta
1026 2293 1097 2348 erat
1122 2305 1252 2350 summa
1271 2305 1322 2348 re·

286 2425 361 2471 rum
370 2402 600 2495 exspectatio,
622 2415 660 2470 ut
675 2399 787 2469 alius
778 2423 813 2467 m
832 2398 929 2467 aliam
948 2365 1074 2492 paitem
1093 2415 1203 2470 mente
1221 2415 1321 2495 atque

285 2523 398 2592 animo
417 2521 617 2607 traheretur,
644 2519 753 2613 quid
746 2520 824 2613 ipsis
845 2518 1127 2608 Corfiniensibus,
1153 2521 1231 2614 quid
1252 2526 1322 2592 Do-

286 2643 398 2732 mitio,
418 2641 499 2736 quid
516 2638 677 2728 Lentulo,
697 2638 778 2733 quid
797 2637 932 2733 reliquis
950 2639 1128 2729 accideret,
1149 2642 1206 2733 qui
1224 2665 1322 2734 quos·

287 2787 354 2858 que
371 2777 509 2832 eventus
523 2762 724 2855 exciperent.

336 2887 447 2953 XXII.
466 2885 597 2974 Quarta
621 2880 752 2950 circiter
771 2880 898 2974 vigilia,
919 2880 1082 2950 Lentulus
1105 2879 1261 2976 Spinther
1280 2880 1321 2948 de

287 3027 386 3074 muro
411 3027 487 3072 curn
521 3001 643 3096 vigiliis
667 2997 924 3094 custodibusque
955 3001 1077 3069 nostris
1106 2998 1321 3094 colloquitur,

287 3121 387 3210 velle,
411 3123 439 3190 si
458 3120 520 3190 sibi
543 3121 602 3192 fiat
628 3125 790 3214 potestas,
820 3123 980 3191 Caesuoem
1008 3124 1194 3191 convenire.
1223 3125 1322 3190 Facta

287 3255 516 3338 potestate,ex
533 3240 659 3337 oppido
673 3243 833 3328 mittitur,
854 3263 962 3333 neque
978 3239 1020 3308 ab
1038 3265 1078 3308 eo
1094 3242 1186 3334 prius
1204 3242 1323 3312 Domi-

281 3363 371 3432 tiani
388 3359 509 3431 milites
531 3361 720 3448 discedunt,
743 3385 843 3455 quam
873 3361 908 3430 in
933 3373 1148 3453 conspectum
1183 3361 1322 3428 Caeearis

287 3483 481 3554 deducatur.
507 3485 593 3554 Cum
612 3507 652 3552 eo
673 3482 715 3553 de
734 3481 839 3552 salute
863 3467 1009 3550 suaerat
1032 3493 1131 3573 atque
1152 3479 1320 3567 obsecrat,

286 3607 350 3677 sibi
381 3620 418 3675 ut
447 3620 576 3700 parcat3
611 3619 821 3695 veteremque
857 3601 1034 3670 amicitiam
1069 3616 1320 3699 cpmmemorat3

286 3729 490 3823 Caesarisque
509 3728 544 3796 in
561 3751 595 3796 se
611 3725 772 3795 beneficia
788 3725 942 3818 exponit,
960 3747 1032 3816 quae
1048 3737 1145 3790 erant
1161 3721 1320 3806 maxima,

286 3847 377 3941 quod
395 3873 455 3943 per
481 3872 557 3919 curn
577 3850 612 3916 in
634 3843 811 3940 collegium
837 3843 1034 3939 pontificum
1056 3857 1213 3928 venerat,
1228 3841 1320 3936 quod

286 3970 490 4064 provinciam
514 3969 709 4065 Hispaniam
732 3991 773 4036 ex
796 3981 938 4062 praetura
957 3965 1135 4052 habuerat,
1165 3964 1255 4058 quod
1284 3965 1319 4032 in
