3060 4768
530 398 581 454 DE
602 397 721 454 cunm
743 399 947 454 usmetun.
1200 397 1255 453 223

218 527 303 609 ruti,
321 524 367 592 ita
383 523 429 592 uti
448 536 542 591 erant
560 523 730 602 instructi,
748 519 864 590 leniter
882 546 916 590 se
935 520 976 590 nd
995 545 1069 588 suns
1089 522 1253 614 recipiunt

220 642 418 712 munitiones
436 667 445 712 z
466 643 609 734 itemque
627 640 825 724 adversarii,
845 638 929 710 male
949 641 1094 734 accepti,
1116 655 1187 712 tum
1204 641 1256 710 de·

219 787 309 832 mum
327 786 361 832 se
377 759 420 830 nd
437 785 496 830 sua
513 758 664 855 presidia
681 759 903 830 contulerunt.

266 885 359 955 XIX.
377 882 534 967 Interim,
548 905 588 950 ea
599 906 635 952 re
646 895 755 976 gesta,
767 897 801 950 et
815 879 932 976 proelio
942 881 1131 976 dirempto,
1145 906 1186 952 ea
1197 879 1255 950 ad·

220 1003 372 1072 versariis
392 1001 538 1097 perfugae
556 999 666 1095 plures
693 1026 733 1070 ex
760 1003 849 1070 omni
869 1001 1040 1070 hominum
1060 1025 1202 1096 genere,
1221 1017 1255 1070 et

221 1135 379 1215 praterea
398 1122 571 1216 intercepti
589 1121 735 1193 hostium
760 1121 946 1215 complures
964 1121 1090 1213 equites
1110 1121 1252 1215 pedites·

220 1265 284 1334 qur
301 1266 310 1308 ε
328 1263 367 1312 er
395 1241 516 1335 quibus
540 1241 707 1334 cognitum
732 1253 782 1308 est
805 1239 951 1309 hostium
977 1237 1173 1326 consitium,
1197 1263 1253 1310 eos

220 1359 282 1430 hac
300 1374 410 1430 niente
433 1373 467 1430 et
484 1373 607 1431 conatu
625 1359 774 1445 venisse,
793 1360 841 1430 uti
864 1382 952 1430 novo
976 1371 1076 1453 atque
1097 1360 1255 1430 inusitato

220 1501 339 1572 genere
367 1477 473 1573 proelii
502 1479 625 1548 tirones
656 1475 893 1572 legionariique
920 1479 1016 1572 pauci
1044 1479 1255 1572 perturbati,

218 1599 374 1666 Curionis
387 1595 559 1691 exemplo,
576 1598 619 1666 ab
632 1598 785 1691 equitatu·
795 1597 1009 1668 circumventi
1026 1599 1253 1693 opprimeren-

219 1731 295 1786 tur:
310 1718 403 1786 etita
418 1717 601 1788 Labienum
613 1716 733 1786 dixisse
746 1740 809 1809 pro
820 1717 1001 1803 concione,
1014 1745 1031 1782 u
1044 1731 1170 1786 tantam
1185 1741 1255 1786 sese

220 1835 466 1905 multitudinem
482 1835 680 1906 auxiliorum
695 1833 891 1905 adversariis
907 1835 1252 1920 subministraturum,

219 1969 256 2024 ut
272 1956 372 2024 etiam
388 1953 543 2026 eudemo
559 1957 677 2051 inipso
691 1957 830 2026 victoria
841 1953 1006 2048 defatigati
1021 1957 1253 2042 vincerentur,

219 2088 319 2166 atque
336 2098 356 2143 a
373 2076 441 2144 suis
459 2089 716 2170 superarentur3
734 2103 750 2138 n
766 2076 891 2168 quippe
908 2076 966 2166 qui
985 2074 1018 2142 in
1037 2071 1170 2142 illorum
1188 2073 1251 2143 sibi

219 2192 399 2262 confideret
415 2193 628 2264 multitudine
644 2221 652 2264 :
669 2195 832 2289 primum,
847 2193 938 2287 quod
955 2192 1120 2281 audierat,
1136 2195 1254 2264 Romae

219 2309 364 2406 legiones
393 2327 562 2390 veternum
585 2313 776 2408 dissentire,
803 2337 909 2406 neque
937 2311 972 2382 in
997 2312 1142 2384 Africam
1170 2312 1257 2406 velle

218 2435 376 2520 transire;
404 2432 544 2522 deiude,
560 2431 651 2527 quod
668 2433 811 2502 triennio
836 2433 871 2500 iu
897 2431 1007 2502 Africa
1032 2455 1110 2502 suos
1134 2433 1254 2502 milites

217 2551 457 2623 consuetudine
468 2567 631 2640 retentos,
644 2551 754 2620 fideles
762 2549 830 2644 jam
842 2549 904 2618 sibi
916 2549 1097 2636 effecisset,
1111 2553 1254 2621 maxima

217 2687 327 2741 autem
343 2671 464 2742 auxilia
481 2671 619 2742 haberet
627 2667 846 2740 Numidarum
863 2668 1013 2760 equitum
1035 2665 1180 2761 levisque
1201 2695 1254 2738 nr-

218 2804 364 2860 maturan.
383 2792 543 2862 Praeterea
559 2813 599 2856 es
617 2787 694 2882 fuga
711 2785 892 2880 prmlioque
909 2787 1110 2878 Pompeiano
1130 2778 1271 2859 Labie?

218 2933 302 2997 nus,
318 2932 403 3000 quos
430 2931 577 2979 secum
600 2904 777 2977 Brundisio
804 2919 1102 3000 transportaverat,
1124 2909 1252 3000 equites

218 3031 402 3100 Germanm
418 3023 616 3119 Gallosque,
632 3025 743 3118 ibique
761 3039 871 3120 postea
885 3049 925 3094 ex
937 3024 1077 3096 hibr'idis
1091 3023 1253 3096 libertinis

217 3147 384 3238 servisque
410 3145 664 3240 conscripserat,
694 3159 896 3232 armaverat,
927 3169 1079 3239 equoque
1106 3147 1155 3216 uti
1185 3146 1252 3216 sre-

219 3280 298 3336 nato
323 3265 556 3336 condocuerat.
583 3267 746 3335 Praeterea
774 3266 864 3360 regia
894 3262 1036 3352 auxilia,
1064 3263 1253 3360 elephantes

218 3409 304 3470 cxx,
321 3387 551 3480 equitatusque
568 3381 817 3454 innumerabilis
837 3409 844 3452 :
864 3383 982 3454 deinde
998 3383 1162 3478 legiones,
1179 3410 1254 3456 onn-

219 3508 350 3603 scriptu
364 3531 406 3576 ex
423 3503 672 3601 citiusquemodi
685 3529 822 3600 genere,
831 3503 972 3599 amplius
988 3504 1173 3576 duodecim.
1184 3509 1254 3576 llac

219 3651 276 3721 spe
294 3642 393 3722 atque
417 3625 553 3698 audacia
578 3626 800 3696 inflammatus
824 3624 1010 3708 Labienus,
1029 3649 1108 3694 eum
1132 3626 1252 3719 equiti·

220 3744 281 3814 bur
307 3743 413 3816 Gallis
440 3746 683 3838 Germamsque
713 3767 802 3829 unc,
831 3741 1051 3814 Numidarum
1081 3744 1151 3812 aine
1189 3743 1254 3814 fre-

221 3862 272 3932 nir
293 3887 356 3934 vm
381 3863 545 3949 millibus,
561 3879 736 3959 praterea,
752 3863 925 3934 Petreiano
946 3861 1068 3934 ciuilio
1085 3863 1253 3948 adhibito,

220 3983 385 4073 equitibus
402 4007 471 4069 ate,
491 3981 636 4076 peditum
656 4008 695 4054 ae
713 3982 795 4052 levis
811 3996 988 4054 armaturae
1002 3972 1120 4078 quater
1139 3997 1253 4072 tanto,
