3086 4766
269 355 324 408 118
423 355 454 410 C.
475 355 574 410 JULII
595 351 758 409 CAESXRIS
779 351 1153 409 commotum

267 478 371 546 mitur
383 475 504 570 vigiliis
515 475 643 570 reliqua
655 501 732 571 pars
744 479 866 563 noctis,
878 501 982 569 quum
994 501 1053 546 sua
1065 478 1204 571 quisque
1214 474 1308 544 miles

266 595 552 689 circumspiceret,
571 595 654 690 quid
673 621 786 666 secum
807 611 941 691 portare
959 611 1087 690 posset,
1103 595 1185 690 quid
1202 619 1243 664 ex
1260 597 1308 664 in·

265 728 449 783 strumento
466 715 684 786 hibernorum
705 714 892 809 relinquere
911 732 1096 811 cogeretur.
1114 717 1237 786 Omnia
1251 740 1308 784 ex·

264 835 470 928 cogitantur,
489 859 592 928 quare
616 860 678 905 nec
704 835 775 904 sinc
798 834 947 930 periculo
970 851 1161 923 maneatur,
1184 849 1217 904 et
1241 835 1309 905 len·

263 976 368 1047 guore
378 952 539 1043 militum,
553 969 587 1022 et
598 953 719 1048 vigiliis
730 953 914 1049 periculum
927 969 1097 1049 augeatur.
1107 954 1221 1025 Prima
1233 953 1308 1024 luce

262 1072 309 1142 sic
325 1097 365 1142 ex
382 1075 498 1142 cestris
513 1073 790 1167 proficiscuntur,
807 1087 846 1142 ut
857 1074 979 1166 quibus
995 1089 1082 1142 esset
1093 1097 1307 1167 persuasum,

221 1283 226 1290 ,
262 1217 331 1262 non
346 1193 389 1260 ab
404 1192 516 1282 hoste,
529 1193 587 1263 sed
600 1193 643 1262 ab
655 1193 790 1262 homine
803 1193 1001 1262 amicissimo
1017 1193 1213 1288 Ambiorige
1225 1218 1307 1262 cou-

263 1311 375 1383 silium
396 1311 529 1400 datum,
550 1313 744 1408 longissimo
764 1314 911 1407 agmine,
931 1312 1150 1405 maximisque
1168 1311 1307 1406 impedi·

262 1433 395 1503 mentis.

209 1527 212 1534 ⁴
309 1556 452 1624 XXXII.
478 1556 523 1626 At
541 1553 667 1643 hostes,
686 1565 902 1647 posteaquam
923 1575 964 1621 ex
983 1566 1149 1620 nocturno
1172 1551 1306 1621 fremitu

262 1672 451 1769 vigiliisqne
467 1673 509 1742 de
519 1673 724 1768 profectione
737 1696 853 1744 eorum
866 1685 1059 1758 senserunt,
1073 1669 1244 1740 collocatis
1258 1673 1307 1740 ia·

262 1792 353 1861 sidiis
371 1794 532 1887 bipartito
549 1794 584 1860 iu
599 1790 689 1860 silvis
706 1805 895 1886 opportune
910 1805 1010 1884 atque
1024 1790 1157 1860 occulto
1174 1790 1269 1879 loco,
1287 1817 1307 1861 a

263 1910 411 1982 millibus
431 1903 595 2008 passuumx
612 1911 743 1980 circiter
762 1910 907 1999 duobus,
933 1915 1161 1986 Romanorum
1182 1911 1306 1980 adven-

265 2044 337 2098 tum
357 2030 618 2123 exspectabant:
640 2043 689 2116 et,
710 2053 813 2123 quum
831 2055 865 2099 se
884 2031 991 2124 major
1012 2055 1088 2124 pars
1109 2031 1250 2124 agminis
1268 2033 1304 2100 in

263 2170 419 2240 maguam
433 2146 619 2218 convallem
631 2147 813 2218 demisisset
823 2198 833 2236 ,
843 2174 883 2221 ex
896 2164 1036 2242 utraque
1048 2163 1142 2246 parte
1155 2151 1226 2244 ejus
1238 2148 1306 2220 val·

263 2266 313 2338 tis
331 2265 442 2336 subito
470 2290 504 2336 se
530 2267 766 2358 ostenderunt,
793 2269 1053 2363 novissimosque
1079 2295 1245 2363 premere,
1271 2285 1305 2338 et

264 2388 388 2482 primos
422 2387 600 2481 prohibere
633 2411 785 2475 ascensu,
813 2376 913 2481 alque
945 2389 1153 2482 iniquissimo
1183 2391 1305 2464 uostris

264 2507 338 2580 loco
357 2505 514 2602 proelium
531 2507 739 2584 committere
754 2523 935 2601 coeperunt.

310 2631 473 2700 XXXIII.
485 2630 573 2696 Tum
583 2625 716 2695 demum
724 2627 936 2715 Titurius,ut
946 2627 1004 2721 qui
1013 2626 1097 2702 nihil
1107 2643 1185 2698 ante
1194 2629 1305 2724 pruvi-

145 2750 150 2759 '
263 2745 1303 2842 disset,trepidare,concursare,cohortesquedisponere;hec

264 2881 374 2938 tamen
390 2869 461 2960 ipsa
475 2864 604 2950 timide,
617 2878 716 2958 atque
730 2880 768 2932 ut
781 2889 859 2934 eum
871 2869 983 2935 omnia
1000 2866 1140 2940 delicere
1151 2867 1303 2946 videren-

265 3000 344 3054 tur:
361 2987 451 3079 quod
469 2983 664 3079 plerumque
680 2987 719 3053 iis
736 2983 882 3060 accidere
899 2988 1086 3068 (consuevit,
1101 2988 1159 3080 qui
1176 2988 1211 3056 in
1229 2987 1303 3080 ipso
1345 3066 1350 3074 Ι

265 3106 398 3201 negotio
418 3104 594 3174 consilium
614 3129 731 3198 capere
748 3119 924 3198 coguntur.
942 3106 988 3174 At
1005 3108 1119 3192 Cotta,
1135 3107 1193 3198 qui
1209 3109 1302 3200 cogi·

264 3241 379 3312 usses,
396 3225 466 3298 haec
479 3227 620 3320 possein
636 3227 754 3294 itinere
772 3223 935 3312 accidere,
957 3238 1057 3318 atque
1072 3225 1115 3292 ob
1132 3249 1206 3292 eam
1226 3251 1303 3295 cau·

264 3369 334 3416 sam
345 3345 559 3439 profectionis
574 3359 690 3414 auctor
704 3365 772 3411 non
786 3341 915 3429 luisset,
927 3341 1018 3412 nulla
1034 3345 1069 3412 in
1081 3369 1118 3412 re
1130 3347 1300 3413 communi

265 3461 363 3536 saluti
379 3463 508 3551 deerat,
524 3478 558 3534 et
574 3465 609 3535 iu
620 3459 824 3556 appellandis
836 3452 1114 3558 cohortandisque
1126 3461 1301 3552 militibus,

263 3586 491 3679 imperatoris;
502 3598 536 3652 et
548 3584 582 3654 in
594 3606 722 3677 pugna,
731 3580 845 3658 militis
855 3583 964 3654 officia
973 3586 1160 3678 prestabat.
1170 3587 1302 3675 Quum·

264 3729 328 3798 que
351 3719 489 3799 propter
508 3701 752 3797 longitudinem
777 3704 918 3798 agminis
941 3706 1051 3774 minus
1070 3705 1165 3774 facile
1184 3731 1245 3801 per
1267 3732 1301 3777 se

264 3825 375 3894 omnia
388 3824 499 3911 obice,
516 3836 566 3907 et,
580 3822 661 3916 quid
673 3847 805 3918 quoque
817 3822 890 3893 loco
906 3823 1094 3894 laciendum
1108 3839 1209 3914 esset,
1224 3852 1302 3920 pro·

264 3943 374 4013 videre
395 3957 544 4038 possent,
561 3944 730 4036 jusserunt
749 3946 979 4038 pronuntiare,
1003 3961 1038 4015 ut
1065 3947 1301 4041 impedimenta
