3020 4768
269 371 305 408 10
421 351 451 408 C.
468 351 565 410 JULII
587 353 753 409 CAESARIS
773 353 1142 412 COMMENTARIORUM

267 491 302 545 et'
318 475 466 570 plerique
493 477 706 570 magistratus
721 479 891 548 consecuti
913 493 1000 549 sunt.
1025 483 1087 550 Cn.
1106 483 1304 573 Pompeius,

267 595 373 690 pridie
385 597 457 690 ejus
472 596 537 665 diei
553 620 592 666 ex
604 597 699 666 Urbe
713 597 897 692 profectus,
915 601 976 668 iter
986 598 1029 668 ad
1043 599 1189 695 legiones
1205 600 1305 670 habe·

267 717 337 804 bat,
354 741 436 810 quas
446 742 466 787 a
476 721 605 788 Caesare
616 732 766 813 acceptas
786 719 820 786 iu
833 718 956 813 Apulia
972 719 1190 811 hibernorum
1204 745 1303 790 causa

268 835 486 930 disposuerat.
498 837 655 908 Delectus
670 841 757 908 intra
767 839 891 910 Urbem
909 841 1175 910 intermittuntur
1194 867 1201 909 :
1219 840 1302 908 nihil

267 957 351 1025 citra
370 960 520 1053 Capuam
541 972 649 1027 tutum
671 981 740 1026 esse
759 959 913 1028 omnibns
934 959 1074 1029 videtur.
1095 963 1217 1055 Capuae
1237 962 1303 1054 pri-

267 1103 358 1148 mum
373 1101 443 1148 sese
460 1079 660 1149 confirmant
675 1094 709 1148 et
725 1078 901 1175 colligunt,
919 1079 1149 1174 delectumque
1165 1079 1301 1150 colono·

267 1226 362 1288 rum,
381 1203 439 1295 qui
454 1201 525 1297 lege
534 1201 622 1272 Julia
635 1205 786 1296 Capuam
804 1201 937 1271 deducti
950 1217 1059 1287 erant,
1077 1203 1200 1272 habere
1214 1203 1305 1272 insti·
1317 1247 1341 1290 0

269 1336 383 1406 tuunt;
401 1321 684 1417 gladiatoresque,
699 1347 783 1416 quos
801 1323 847 1391 ibi
864 1325 974 1393 Caesar
994 1325 1027 1391 in
1047 1321 1302 1408 ludohabebat,

267 1441 302 1508 in
323 1442 432 1510 forum
453 1441 633 1536 productos
652 1441 814 1512 Lentulus
831 1440 974 1510 libertati
988 1442 1186 1530 confirmat,
1205 1456 1303 1536 atque

269 1560 309 1628 iis
324 1585 426 1654 equos
444 1562 615 1649 attribuit,
637 1575 671 1630 et
689 1587 723 1630 se
741 1562 834 1655 sequi
850 1561 949 1654 jussit
968 1586 976 1629 :
994 1585 1078 1655 quos
1088 1576 1219 1655 postea,
1236 1587 1303 1630 mo·

270 1681 358 1749 nitus
374 1681 417 1749 ab
433 1683 517 1766 suis,
534 1682 624 1775 quod
642 1707 682 1751 ea
699 1705 752 1752 res
768 1682 918 1750 omnium
934 1679 1059 1774 judicio
1084 1679 1303 1775 reprehende·

269 1801 383 1888 batur,
402 1802 527 1870 circum
547 1801 724 1871 familiares
740 1815 924 1871 conventus
940 1801 1130 1894 Campaniae
1146 1799 1303 1870 custodiae

269 1943 367 1988 causa
387 1919 567 1992 distribuit.
1175 2003 1176 2006 ,

318 2042 392 2108 XV.
419 2042 563 2109 Auximo
584 2045 692 2112 Cesar
716 2065 926 2136 progressus,
954 2064 1085 2112 omnem
1114 2066 1231 2136 agrum
1256 2042 1304 2136 pi-

268 2181 389 2226 cenum
407 2161 581 2252 percurrit.
608 2163 745 2230 Cunctrr
767 2185 881 2229 earum
905 2163 1079 2256 regionum
1100 2161 1303 2254 praefecturae

268 2276 490 2346 libentissimis
515 2280 634 2348 animis
657 2303 733 2349 eum
757 2282 936 2375 recipiunt,
960 2281 1206 2374 exercitumque
1229 2281 1300 2374 ejus

267 2398 422 2467 omnibus
444 2399 542 2467 rebus
558 2401 686 2493 juvant.
704 2402 814 2470 Etiam
838 2398 999 2494 Cingulo,
1024 2398 1116 2492 quod
1141 2398 1302 2494 oppidum

268 2520 434 2588 Labienus
460 2520 695 2604 constituerat,
723 2544 848 2614 suaque
869 2523 1009 2614 pecunia
1028 2518 1305 2605 exaedificaverat,

267 2640 309 2709 ad
323 2644 400 2708 euni
417 2638 516 2735 legati
537 2641 694 2728 veniunt,
708 2665 848 2733 quaeque
862 2641 1095 2736 imperaverit,
1111 2664 1145 2709 se
1159 2639 1304 2732 cupidis-

268 2761 349 2828 sime
367 2759 511 2829 facturos
523 2758 732 2854 pollicentur.
753 2759 878 2830 Milites
899 2762 1042 2855 imperat
1061 2786 1069 2828 :
1089 2761 1235 2827 mittunt.
1249 2761 1304 2826 In·

269 2895 359 2948 terea
377 2879 465 2975 legio
484 2904 534 2950 xu
560 2883 721 2950 Caesarem
741 2882 963 2974 consequitur.
990 2884 1077 2951 Cum
1103 2880 1153 2948 bis
1173 2876 1304 2945 duabus

270 2999 428 3069 Asculum
448 3002 606 3069 Picenum
635 2998 864 3093 proficiscitur.
892 2998 932 3067 Id
953 2999 1114 3092 oppidum
1140 2995 1304 3068 Lentulus

269 3119 427 3212 Spinther
448 3143 471 3187 x
494 3119 686 3190 cohortibus
711 3120 870 3188 tenebat:
896 3119 972 3211 qui,
1002 3121 1140 3187 Caesaris
1160 3118 1305 3190 adventu

268 3240 417 3333 cognito,
440 3239 590 3333 profugit
610 3264 649 3307 ex
666 3238 808 3334 oppido;
830 3238 1049 3328 cohortesque
1070 3261 1183 3305 secum
1202 3236 1306 3306 abdu-

269 3384 345 3429 cere
362 3372 522 3441 conatus‚
539 3384 691 3453 amagna
701 3373 793 3454 parte
807 3356 951 3426 militum
964 3355 1138 3424 deseritur.
1154 3354 1304 3423 Relictus

268 3484 302 3552 in
330 3481 445 3550 itinere
468 3503 545 3548 cum
574 3483 706 3573 paucis,
732 3478 849 3548 incidit
881 3478 914 3545 in
947 3473 1133 3545 Vibullium
1160 3472 1305 3562 Rufum,

271 3601 406 3672 missum
421 3627 441 3670 a
456 3603 616 3696 Pompeio
636 3603 670 3668 in
690 3622 808 3693 agrum
828 3599 983 3692 picenum
1001 3593 1305 3664 confirmandorum

267 3723 550 3792 homiuumeausa
568 3743 690 3812 :aquo
706 3717 810 3785 factus
821 3713 989 3784 Vibullius
1004 3716 1141 3802 certior,
1159 3737 1233 3808 qnae
1254 3738 1307 3783 res

270 3843 434 3909 inPiceno
446 3855 650 3935 gererentur,
669 3837 791 3906 milites
802 3837 844 3906 ab
857 3860 898 3904 eo
910 3836 1049 3930 accipit,
1067 3836 1175 3929 ipsum
1192 3833 1306 3903 dimit·

269 3962 318 4029 tit.
339 3963 421 4029 ltem
441 3983 480 4026 ex
500 3959 649 4028 finitimis
670 3957 876 4050 ergionibus,
891 3981 972 4050 quas
989 3970 1118 4048 potest,
1138 3955 1307 4024 contrabit
