3026 4768
473 391 525 446 DE
546 391 666 445 BELLO
685 389 847 446 GALLICO
868 391 937 446 ΠΒ.
955 391 1002 446 lv.
1218 393 1254 458 87

234 512 417 608 vincatque
443 516 602 607 impetum
626 514 773 584 fluminis
798 525 956 604 conversa
984 514 1154 583 statuebat.
1181 518 1257 594 Ilaec

218 619 363 726 'utraque
377 635 512 726 insuper
526 631 729 727 bipedalibus
747 633 896 704 trabibus
911 633 1077 720 immissis,
1094 648 1257 727 quantum
1343 675 1346 680 -

224 777 340 821 eorum
358 754 526 848 tignorum
540 755 694 846 junctura
714 752 873 842 distabat,
893 754 981 828 binis
998 755 1154 846 utrinque
1174 753 1259 822 fibu-

225 868 265 938 lis
288 871 330 940 ab
349 886 495 942 extrema
522 883 617 966 parte
645 873 885 958 distinebantur
911 897 919 941 ε
943 873 1063 966 quibus
1087 871 1258 955 disclusis,

226 1006 324 1083 atque
344 992 378 1059 in
396 994 597 1062 contrariam
617 1007 743 1088 partem
763 994 934 1080 revinctis,
950 1007 1042 1062 tauta
1059 1005 1130 1062 erut
1149 994 1259 1085 operis

226 1109 409 1200 firmitudo,
432 1127 538 1206 atque.
557 1138 597 1182 es
618 1138 731 1182 rerum
753 1129 892 1200 natura,
910 1125 965 1201 ut,
989 1137 1056 1207 quo
1081 1113 1187 1206 maj0r
1210 1116 1260 1182 vis

224 1251 317 1322 squas
335 1252 370 1299 se
386 1225 601 1321 incitarisset,
614 1234 679 1304 boe
690 1235 812 1307 arctius
826 1232 951 1327 illigata
967 1247 1168 1304 tenerentur.
1181 1237 1260 1304 Ilaec

224 1347 348 1418 directa
368 1353 505 1420 materie
524 1353 645 1446 injecta
664 1335 941 1440 contexebantur,
960 1365 993 1420 et
1013 1351 1175 1447 longuriis
1188 1377 1260 1422 cra-

225 1467 378 1562 tibusque
391 1473 686 1547 consternebantur
702 1499 711 1540 :
727 1497 765 1542 ac
780 1471 1006 1552 nihilosecius
1021 1471 1153 1558 sublicae
1169 1485 1203 1544 et
1218 1474 1260 1542 ad

225 1587 415 1666 inferiorem
432 1606 560 1684 partem
576 1591 721 1661 fluminis
735 1589 869 1686 oblique
884 1591 1082 1688 agebantur,
1099 1617 1185 1684 quae,
1199 1617 1261 1685 pro

225 1709 350 1810 pariete
376 1710 545 1802 subjectae,
568 1725 601 1778 et
627 1735 703 1780 euni
727 1712 819 1784 ornni
845 1734 945 1803 opere
969 1712 1170 1803 conjunctae,
1193 1713 1260 1783 vim

225 1825 373 1895 fluminis
396 1829 601 1920 exciperent,
621 1840 654 1898 et
672 1828 744 1898 alite
761 1831 840 1898 item
860 1853 961 1922 supra
979 1843 1114 1922 pontem
1133 1828 1261 1898 medio·

226 1947 274 2014 cri
292 1946 415 2040 spatio,
432 1961 484 2032 ut,
505 1948 532 2018 si
546 1947 703 2016 arborum
725 1949 852 2036 trunci,
872 1948 940 2016 sive
957 1969 1074 2034 nares,
1087 1945 1261 2040 dejiciendi

225 2067 335 2158 operis
354 2080 462 2135 essent
481 2091 501 2134 s
522 2065 671 2136 barbaris
690 2070 816 2156 missae,
832 2067 883 2136 his
904 2066 1130 2146 defensoribus
1147 2090 1261 2136 earum

226 2209 337 2253 rerum
353 2187 404 2254 vis
418 2186 638 2273 minueretur,
652 2209 719 2254 neu
734 2187 831 2281 ponti,
842 2201 1010 2260 nocerent.

239 2341 243 2353 ·
273 2289 399 2375 XVIII.
415 2306 541 2376 Diebus
558 2331 599 2392 n,
615 2305 734 2398 quibus
752 2306 890 2384 materia
905 2319 1013 2398 coepta
1029 2319 1101 2374 erat
1114 2330 1263 2400 compor-

227 2427 304 2510 tari,
322 2429 413 2496 omni
429 2452 529 2521 opere
546 2425 682 2509 effecto,
699 2426 861 2506 exercitus
881 2423 1117 2496 transducitur.
1138 2429 1261 2512 Cesar,

226 2546 269 2622 ad
297 2563 472 2642 utramque
498 2561 627 2639 partem
650 2546 761 2639 pontis
783 2543 881 2626 lirino
904 2543 1057 2638 presidio
1077 2545 1207 2632 relicto,
1228 2547 1263 2612 in

228 2665 311 2732 fines
329 2665 577 2757 Sigambrorum
592 2663 772 2732 contendit.
789 2665 929 2731 Interim
944 2688 963 2732 a
979 2661 1206 2758 compluribus
1222 2665 1264 2732 ci·

226 2781 385 2854 vitatibus
407 2782 451 2851 ad
475 2807 551 2851 eum
579 2781 677 2882 legati
702 2783 855 2869 veniunt,
880 2782 1000 2875 quibus
1025 2803 1140 2876 pacem
1165 2795 1263 2877 atque

226 2901 406 2973 amicitiam
433 2901 637 2996 petentibus,
658 2899 837 2975 liberaliter
856 2899 1046 2994 respondit,
1069 2901 1263 2996 obsidesque

227 3021 328 3090 adse
350 3021 470 3090 adduci
487 3021 593 3115 jubet.
617 3023 663 3092 At
685 3021 863 3114 Sigambri,
885 3044 925 3089 ex
948 3044 988 3088 eo
1013 3029 1175 3114 ternpore,
1196 3046 1264 3115 quo

228 3165 311 3235 pons
334 3141 461 3210 institui
487 3155 614 3236 coeptus
641 3155 704 3228 est,
726 3139 805 3235 fuga
825 3145 1031 3232 comparatu,
1055 3139 1262 3211 hortantibus

227 3262 282 3345 iis,
301 3285 384 3354 quos
402 3286 443 3329 ex
462 3260 680 3330 Tenchtheris
701 3273 800 3352 atquc
822 3257 1015 3351 Usipetibus
1038 3256 1129 3353 apud
1150 3283 1184 3327 se
1209 3259 1265 3327 ba·

228 3380 365 3468 bebant,
383 3381 504 3452 finibus
519 3383 587 3449 suis
605 3392 824 3467 excesserant,
841 3403 967 3472 suaque
984 3379 1094 3446 omnia
1115 3391 1266 3470 exporta-

228 3515 366 3584 verant,
380 3521 480 3592 seque
497 3499 531 3567 in
548 3495 759 3567 solitudinem
778 3522 816 3568 ac
833 3497 930 3567 silvas
944 3495 1149 3566 abdiderant.

275 3623 369 3690 XIX.
391 3623 514 3705 Caesar,
535 3641 658 3713 paucos
679 3617 749 3687 dies
770 3619 803 3687 in
826 3639 942 3686 eorum
961 3605 1083 3686 finibus
1102 3631 1249 3685 moratus
1257 3637 1271 3706 ,·

229 3741 382 3810 omnibus
402 3742 481 3809 vicis
502 3739 713 3833 aedificiisque
728 3738 883 3824 incensis,
906 3737 1146 3829 frumentisque
1161 3737 1266 3808 succi·

230 3861 291 3945 sis,
305 3885 339 3930 se
356 3863 389 3929 in
403 3861 485 3931 fines
498 3861 661 3928 Ubiorum
679 3859 802 3952 recepit
814 3883 822 3942 ;
834 3872 932 3951 atque
946 3858 985 3925 iis
999 3853 1158 3926 auxilium
1169 3881 1265 3926 suurn

231 3977 410 4072 pollicitus,
426 3982 452 4048 si
463 3981 503 4047 ab
519 3981 634 4048 Suevis
649 3992 891 4074 premerentur,
903 3977 971 4046 lraec
984 3978 1023 4045 ab
1038 3979 1077 4046 iis
1087 3978 1264 4073 cognovit:
