3062 4766
238 343 292 419 198
392 339 423 392 C.
455 340 550 394 suut
572 338 733 446 CAESJHS
753 337 1111 396 COMMENTARIORUM

234 481 304 528 tera
323 486 362 529 ex
384 477 476 554 parte
495 462 673 552 Bellovaci,
692 487 765 556 quae
785 465 900 532 civitas
917 466 951 530 in
968 463 1077 533 Gallia
1094 465 1271 532 maximam

235 582 333 649 habet
347 583 540 676 opinionem
557 586 706 670 virtutis,
723 585 908 670 instabant3
922 583 1059 653 alteram
1073 582 1272 677 Camuloge-

234 727 297 772 nus
324 717 554 806 paratoatque
578 704 741 773 instructo
764 707 911 774 exercitu
935 705 1068 773 tenebat
1094 730 1102 771 ι
1128 718 1199 771 tum
1226 699 1274 769 le·

129 850 130 853 ¹
235 824 365 918 giones,
382 848 401 890 a
418 822 569 916 prasidio
579 838 679 917 atque
692 823 937 917 impedimentis
951 822 1159 910 interclusas,
1174 821 1275 889 maxi·

236 967 327 1012 mum
358 943 482 1012 llumen
518 943 706 1013 distinebar.
738 947 854 1013 Tantis
884 946 994 1014 subito
1027 940 1276 1012 difficultatibus

236 1065 390 1157 objectis,
410 1063 451 1132 ab
471 1065 573 1134 animi
591 1066 715 1134 virtute
730 1065 890 1134 auxilium
909 1064 1088 1158 petendum
1109 1062 1251 1131 videbat.

284 1186 357 1252 Lx.
386 1186 526 1276 Itaque,
552 1185 613 1253 sub
639 1209 813 1279 vesperum
837 1183 978 1254 concilio
999 1197 1200 1271 convocato,
1227 1207 1278 1251 eo·

237 1304 389 1373 hortatus
412 1317 449 1371 ut
474 1328 512 1372 ea
534 1329 607 1398 quae
632 1307 824 1400 imperasset
849 1303 1026 1400 diligenter
1052 1290 1278 1397 industrieque

238 1423 523 1512 administrarent,
541 1450 655 1511 naves,
671 1451 753 1519 quas
769 1453 788 1494 a
805 1425 988 1495 Meloduno
1003 1424 1199 1512 deduxerat,
1214 1425 1279 1491 sin-

239 1542 331 1638 gulas
347 1544 515 1638 equitibus
534 1547 678 1614 romanis
694 1547 860 1633 attribuit,
879 1550 927 1633 et,
944 1545 1050 1639 prima
1067 1544 1214 1613 confecta
1231 1544 1279 1610 vi·

239 1657 332 1758 gilio,
353 1689 387 1734 tv
402 1662 506 1734 millia
521 1690 677 1758 passuum
696 1665 842 1734 secundo
856 1666 992 1734 flumine
1010 1663 1165 1759 progredi
1183 1661 1281 1732 silen-

241 1786 303 1869 tio,
320 1787 431 1878 ibique
445 1812 479 1855 se
499 1787 697 1880 exspectari,
713 1777 817 1879 jubet.
835 1788 992 1879 Quinque
1013 1786 1179 1872 cohortes,
1199 1807 1281 1876 quas

240 1907 376 1974 minime
393 1896 505 1976 firmas
525 1907 568 1974 ad
587 1905 813 1975 dimicandum
834 1930 904 1975 esse
925 1907 1147 1991 existimabat,
1168 1906 1281 1973 castris

240 2026 394 2118 prasidio
410 2026 589 2120 relinquit;
605 2049 628 2093 v
642 2027 790 2120 ejusdem
807 2027 946 2122 legionis
962 2025 1104 2119 reliquas
1119 2025 1160 2092 de
1175 2025 1283 2094 media

241 2160 339 2213 nocte
349 2169 425 2213 cum
437 2145 591 2214 omnihus
601 2147 845 2241 impedimentis
853 2147 990 2215 adverso
1002 2146 1149 2229 flumine,
1163 2171 1283 2238 magno

242 2263 402 2354 tumultu,
418 2266 579 2360 proficisci
591 2268 742 2360 imperat.
758 2266 935 2360 Conquirit
945 2266 1042 2332 etiam
1056 2263 1171 2332 lintres
1186 2291 1193 2330 ι
1209 2263 1282 2350 lias,

242 2410 363 2480 magno
373 2389 488 2454 sonitu·
496 2412 665 2455 remorum
677 2388 846 2470 incitatas,
859 2387 894 2453 iu
911 2383 1058 2453 eamdem
1074 2397 1200 2476 partem
1214 2385 1285 2450 mit·

242 2509 292 2574 tit.
311 2511 385 2600 Ipse
405 2521 481 2600 post
499 2505 615 2601 paulo,
632 2507 763 2576 silentio
783 2530 947 2602 egressus,
967 2531 1043 2573 cum
1063 2505 1166 2573 tribus
1185 2502 1285 2598 legio·

241 2629 339 2701 nibus
356 2655 433 2698 eum
447 2627 558 2698 locum
573 2631 657 2722 petit
673 2654 740 2721 quo
756 2652 855 2696 naves
872 2625 993 2721 appelli
1006 2627 1160 2719 jusserat.

291 2755 377 2821 LXI.
400 2755 450 2821 Eo
471 2773 576 2842 quum
598 2763 682 2818 esset
702 2762 855 2835 ventum,
878 2747 1103 2842 exploratores
1124 2745 1287 2829 hostium,

243 2887 280 2940 ut
292 2875 384 2940 omni
401 2872 548 2940 lluminis
560 2884 653 2962 parte
666 2884 760 2938 erant
774 2869 938 2962 dispositi,
954 2868 1180 2962 inopinantes,
1198 2865 1287 2959 quod

244 3015 365 3084 magna
394 2991 503 3059 subito
523 3005 594 3058 erat
613 3003 728 3058 coorta
753 3004 945 3083 tempestas,
966 2990 1008 3058 ab
1032 2989 1156 3062 nostris
1176 2989 1289 3081 oppri-

245 3125 401 3195 muntur3
423 3111 586 3178 exercitus
610 3095 858 3203 equitatusque,
883 3111 1049 3202 equitibus
1069 3110 1216 3180 romanis
1234 3106 1290 3176 ed-

245 3229 525 3313 ministrantibus,
555 3253 638 3321 quos
670 3230 699 3296 ei
733 3231 867 3322 negotio
900 3230 1106 3323 praefecerat,
1139 3227 1291 3297 celeriter

247 3351 495 3420 transmittitur.
512 3353 589 3419 Uno
604 3349 671 3418 fere
683 3364 832 3442 tempore
849 3351 910 3423 sub
923 3349 1029 3418 lucem
1044 3349 1195 3418 hostibus
1207 3373 1292 3416 nun-

247 3475 349 3540 tiatur
370 3473 404 3538 in
423 3472 538 3539 castris
557 3474 784 3538 Romanorum
804 3485 924 3564 praeter
945 3467 1220 3539 consuetudinem
1242 3479 1291 3534 tu·

209 3673 212 3680 ,
245 3591 422 3679 multuari,
440 3607 473 3660 et
493 3613 651 3684 magnum
670 3592 717 3659 ire
736 3615 856 3684 agmen
873 3590 1013 3658 adverso
1030 3589 1184 3676 flumine,
1201 3588 1291 3655 soni-

246 3731 384 3806 tumque
406 3735 573 3780 remorum
592 3711 625 3777 in
646 3711 760 3780 eadem
781 3725 873 3804 parte
887 3709 1052 3792 exaudiri,
1067 3723 1103 3774 et
1122 3705 1223 3800 paulo
1242 3708 1292 3774 iu·

246 3835 296 3906 fra
319 3833 440 3904 milites
464 3833 602 3900 navibus
624 3833 853 3926 transportari.
879 3831 1011 3920 Quibus
1037 3827 1134 3896 rebus
1158 3829 1292 3914 auditis,

246 3954 336 4050 quod
357 3953 591 4021 existimabant
615 3953 720 4020 trihus
745 3952 825 4021 locis
850 3951 989 4020 transire
1010 3948 1174 4044 legiones,
1195 3963 1294 4040 atque
1338 4027 1339 4032 γ
