3038 4766
461 359 511 416 nu
531 357 655 415 nunno
676 361 792 417 curu
815 351 885 418 un.
908 365 957 418 111.
1175 389 1226 440 ιη

202 493 317 584 Itaque
333 485 554 582 quodcunque
580 482 761 555 addebatur
782 475 946 576 subsidio,
970 490 1020 578 id,
1041 510 1232 588 corruptum

203 613 321 680 timore
336 607 548 701 fugientium,
569 621 725 676 terrorem
743 620 774 674 et
795 606 976 699 periculum
993 613 1133 705 augebat
1149 641 1158 683 ι
1177 617 1232 684 hn-

203 731 328 798 minum
348 728 436 796 enim
456 723 666 794 multitudine
687 741 836 821 receptus
856 727 1101 822 impediebatur.
1134 738 1172 803 lo
1193 759 1231 802 co

203 847 337 942 proelio,
354 869 457 939 quum
471 847 564 942 gravi
582 843 713 914 vulnere
729 861 812 914 esset
830 846 965 916 allectus
983 849 1153 944 aquilifer,
1168 870 1232 923 eta

203 967 326 1037 viribus
341 965 547 1052 deficeretur,
567 967 775 1059 conspicatus
795 957 922 1060 equit'es
942 975 1088 1056 nostros,
1104 1000 1121 1035 α
1139 975 1232 1042 Hanc

202 1112 278 1180 ego,
294 1083 418 1178 inquit,
435 1099 466 1152 et
481 1085 574 1152 vivus
594 1082 715 1152 multos
731 1108 791 1176 per
808 1109 911 1154 anuos
928 1111 1048 1181 magna
1061 1088 1231 1184 diligentia

202 1205 350 1292 defendi,
370 1221 404 1274 et
427 1229 516 1272 nunc
538 1205 683 1272 moriens
709 1202 824 1273 eadem
846 1204 911 1274 lide
936 1208 1055 1276 Caesari
1081 1212 1230 1280 restituo.

202 1323 327 1410 Nolite,
345 1325 499 1410 obsecro,
515 1324 736 1408 committere,
749 1320 837 1414 quod
859 1339 935 1394 ante
952 1328 986 1396 in
1008 1331 1151 1398 exercitu
1168 1333 1233 1400 Cae·

202 1445 281 1514 saris
303 1469 370 1512 non
395 1442 530 1529 accidit,
553 1442 657 1512 atrei
684 1439 833 1512 militaris
859 1443 999 1516 dedecus
1020 1446 1232 1536 admittatur3

202 1563 469 1657 incolumemque
486 1561 528 1632 ad
552 1587 626 1631 eum
652 1561 778 1632 referte.
798 1593 814 1628 a
837 1568 908 1632 Hoc
927 1589 1003 1634 casu
1030 1566 1137 1659 aquila
1156 1592 1234 1636 con·

201 1704 365 1773 servatur,
382 1687 534 1756 omnibus
563 1687 677 1781 primae
698 1685 842 1756 cohortis
858 1689 1108 1758 centurionibus
1128 1692 1231 1758 inter-

202 1807 310 1894 sectis,
324 1822 441 1901 praeter
459 1807 641 1900 principem
664 1808 816 1899 priorem.

249 1930 350 1997 LXV.
381 1931 521 2019 Jamque
536 1927 743 2021 Pompeiani,
764 1951 884 2020 magna
912 1927 998 1997 crede
1026 1943 1232 2018 nostrorum,

202 2049 315 2120 castris
336 2044 520 2116 Marcellini
546 2046 874 2140 appropinquabant,
897 2071 965 2116 non
983 2049 1139 2118 mediocri
1167 2064 1234 2119 ter·

202 2192 277 2238 rore
308 2163 399 2234 illato
425 2163 558 2258 reliquis
580 2164 801 2234 cohortibus:
830 2180 863 2234 et
891 2168 937 2236 Μ.
967 2170 1148 2257 Antonius,
1176 2173 1233 2262 qui

202 2289 387 2381 proximum
409 2284 517 2355 locum
540 2285 765 2380 praesidiorum
790 2285 936 2374 tenebat,
957 2311 994 2356 ea
1011 2291 1234 2375 renuntiata,

202 2431 278 2476 cum
309 2405 500 2476 cohortibus
526 2429 576 2474 ru
597 2403 796 2474 descendens
814 2427 856 2474 ex
883 2401 955 2474 loco
980 2409 1148 2500 superiore
1166 2433 1234 2478 cer·

203 2526 351 2595 uebatur.
379 2527 482 2618 Cujus
502 2523 663 2592 adventus
690 2523 905 2614 Pompeianos
930 2529 1141 2617 compressit,
1170 2552 1231 2594 no·

203 2656 353 2734 strosque
370 2641 530 2726 firmavit,
550 2653 587 2707 ut
606 2665 640 2708 se
659 2664 698 2707 cx
718 2639 861 2708 maximo
887 2642 1006 2710 timore
1030 2641 1232 2738 colligerent.

203 2765 320 2856 Neque
352 2760 457 2830 multo
493 2774 566 2852 post
591 2762 718 2844 Caesar,
748 2757 985 2851 significatione
1007 2785 1067 2855 per
1101 2763 1234 2834 castella

203 2881 295 2950 fumo
314 2880 417 2964 lacta,
436 2892 474 2947 ut
490 2892 562 2946 erat
579 2879 754 2970 superioris
773 2879 927 2972 temporis
942 2881 1160 2968 cousuetudo,
1178 2884 1234 2952 de-

204 2999 311 3070 ductis
337 2996 531 3090 quibusdam
554 2996 746 3065 cohortibus
763 3021 803 3066 er
828 2998 1005 3092 praesidiis,
1036 3000 1150 3070 codem
1175 3025 1233 3070 ve·

205 3119 263 3187 nit.
288 3119 374 3206 Qui,
400 3118 533 3210 cognito
559 3115 776 3202 detrimento,
802 3141 904 3209 quum
933 3118 1233 3206 animadvertisset,

203 3237 395 3332 Pompeium
421 3250 515 3305 extra
543 3235 741 3305 munitiones
767 3261 950 3332 egressum,
982 3253 1089 3308 castra
1113 3265 1233 3310 secun·

204 3353 285 3426 dum
299 3381 404 3441 mare,
419 3371 456 3426 ut
472 3353 572 3426 libere
593 3355 741 3451 pabulari
759 3371 883 3451 posset,
904 3383 965 3428 nec
981 3360 1089 3428 minus
1105 3359 1233 3430 aditum

204 3476 341 3544 navibus
355 3475 506 3558 haberet,
523 3491 722 3545 commutata
735 3477 862 3546 ratione
879 3475 971 3561 belli,
989 3480 1148 3570 quoniam
1160 3504 1236 3573 pro-

205 3596 347 3686 positum
366 3619 434 3665 non
451 3608 620 3679 tenuerat,
636 3595 730 3688 juxta
749 3596 940 3690 Pompeium
960 3597 1090 3665 munire
1104 3599 1208 3690 jussit.

251 3717 370 3783 LXVI.
386 3716 462 3803 Qua
477 3713 618 3808 perlecta
636 3717 832 3801 munitione,
850 3713 1113 3784 animadversum
1132 3727 1181 3784 est
1193 3713 1234 3782 ab
1328 3807 1331 3816 ,

204 3831 463 3924 speculatoribus
492 3835 641 3917 Caesaris,
662 3834 813 3904 cobortes
832 3832 1006 3925 quasdam,
1023 3832 1113 3926 quod
1133 3833 1235 3902 instar

206 3948 340 4044 legionis
360 3953 541 4040 uideretur,
557 3977 625 4024 esse
644 3969 717 4046 post
734 3952 864 4041 silvam,
889 3967 923 4022 et
942 3955 975 4022 in
994 3967 1103 4022 vetera
1129 3967 1235 4021 castra
