3038 4766
281 399 334 454 116
436 397 583 453 C.JUL11
604 394 768 450 cAEstuls
788 391 1152 448 COMMENTARIORUM

277 547 376 617 opere
400 521 575 614 prohibere
593 520 691 612 coepit
708 544 716 586 ε
734 532 788 605 et,
812 542 914 610 quum
942 542 1006 585 una
1024 542 1062 584 ex
1084 531 1177 609 parte
1203 539 1310 609 prope

277 665 407 734 aequum
431 639 556 708 aditum
583 637 739 722 haberet,
762 637 906 731 primum
932 637 1108 730 sagittariis
1131 634 1309 703 funditori-

277 761 403 853 busque
436 758 679 849 circumjectis,
715 770 828 849 postea
862 754 942 824 levis
977 769 1151 823 armaturae
1187 780 1309 849 magna

277 877 490 948 multitudine
512 878 632 961 missa,
656 875 893 968 tormentisque
918 873 1080 968 prolatis,
1107 874 1308 968 munitiones

278 999 497 1092 impediebat:
515 1021 620 1090 neque
637 1011 709 1064 erat
724 992 817 1063 facile
831 996 966 1080 nostris,
981 1018 1048 1061 uno
1064 1008 1214 1086 tempore
1229 1018 1308 1086 pro·

278 1142 426 1210 pugnare
445 1131 477 1185 et
493 1117 631 1184 munire.
650 1117 770 1203 Caesar,
788 1138 891 1206 quum
909 1137 985 1180 snos
1002 1136 1041 1179 ex
1059 1112 1212 1180 omnibus
1231 1137 1308 1204 par·

279 1237 365 1304 tibus
384 1235 551 1303 vulnerari
569 1235 709 1316 videret,
727 1233 871 1325 recipere
888 1256 922 1300 se
935 1232 1050 1323 jussit,
1070 1245 1102 1299 et
1124 1230 1197 1300 loco
1215 1256 1308 1300 exce-

278 1355 364 1421 dere.
386 1357 465 1421 Erat
486 1379 544 1447 per
562 1351 686 1421 declive
708 1367 858 1444 receptus
882 1377 890 1418 τ
914 1349 961 1419 illi
982 1365 1092 1420 autem
1117 1351 1181 1418 hoc
1200 1353 1307 1420 acrius

278 1473 461 1560 instabant,
477 1497 584 1566 neque
603 1471 731 1566 regredi
752 1485 880 1539 nostros
901 1469 1128 1562 patiebantur,
1148 1471 1236 1564 quod
1261 1472 1305 1538 ti-

278 1618 370 1661 more
388 1591 524 1661 adducti
544 1591 653 1660 locum
676 1589 858 1684 relinquere
880 1588 1084 1658 videbantur.
1106 1592 1240 1659 Dicitur
1264 1614 1305 1658 eo

279 1729 427 1806 tempore
453 1710 595 1806 glorians
619 1709 707 1804 apud
734 1734 809 1778 suos
834 1711 1008 1802 Pompeius
1037 1707 1175 1796 dixisse,
1194 1737 1211 1773 u
1228 1713 1306 1780 Non

278 1855 428 1900 recusare
447 1856 501 1914 se,
520 1833 601 1923 quin
620 1828 741 1899 nullius
758 1851 836 1897 usus
854 1829 1032 1922 imperator
1051 1829 1305 1912 existimaretur,

279 1952 305 2018 si
329 1952 398 2018 sine
418 1952 561 2018 maximo
584 1949 782 2017 detrimento
806 1947 949 2042 legiones
968 1947 1103 2016 Caesaris
1126 1971 1195 2016 sese
1213 1972 1304 2023 rece·

279 2070 401 2161 pissent
418 2067 508 2155 inde,
526 2092 593 2161 quo
612 2081 733 2136 temere
753 2081 860 2134 essent
878 2091 1099 2160 progressae.»

327 2189 446 2256 XLVI.
468 2190 588 2273 Caesar,
604 2187 750 2279 receptui
767 2209 902 2254 suorum
922 2188 1053 2273 timens,
1068 2202 1176 2256 crates
1190 2188 1234 2256 ad
1250 2213 1307 2256 ex-

279 2324 421 2375 tremum
444 2305 608 2374 tumulum
629 2322 742 2374 contra
768 2306 896 2374 hostem
913 2305 1074 2400 proferri,
1096 2323 1130 2375 et
1154 2308 1305 2377 adversas

279 2425 398 2510 locari;
417 2427 502 2492 intra
524 2426 582 2493 has
599 2424 756 2493 mediocri
774 2421 948 2492 latitudine
969 2424 1110 2513 fossam,
1130 2429 1220 2495 tectis
1240 2430 1304 2495 mi·

278 2545 406 2631 litibus,
426 2544 547 2613 obduci
564 2545 679 2636 jussit,
697 2543 871 2637 locumque
890 2545 924 2611 in
942 2569 1056 2613 omnes
1078 2560 1186 2638 partes
1204 2569 1303 2638 quam

278 2666 420 2734 maxime
436 2664 598 2759 impediri.
613 2667 687 2757 lpse
703 2664 828 2735 idoneis
840 2662 920 2734 locis
937 2663 1119 2734 funditores
1134 2667 1305 2752 instruxit,

278 2798 315 2852 ut
338 2783 490 2878 praesidio
516 2783 635 2852 nostris
661 2807 696 2852 se
721 2784 955 2877 recipientibus
979 2799 1096 2853 essent.
1123 2786 1182 2854 His
1208 2786 1304 2854 rebus
1382 2837 1386 2846 .

277 2902 466 2997 completis,
489 2901 632 2997 legiones
656 2903 769 2970 reduci
789 2904 896 2996 jussit.
918 2905 1108 2997 Pompeiani
1128 2905 1192 2973 hoc
1215 2906 1303 2973 inso-

278 3021 398 3090 lentius
414 3035 512 3114 atque
527 3020 682 3090 audacius
699 3036 826 3090 nostros
845 3047 993 3116 premere
1008 3036 1041 3091 et
1061 3026 1182 3094 instare
1199 3048 1304 3118 coepe·

280 3154 376 3224 runt,
395 3153 587 3232 cratesque,
606 3164 668 3232 pro
686 3141 868 3208 munitione
887 3141 1049 3233 objectas,
1067 3142 1286 3237 propulerunt
1294 3195 1311 3228 ,.

278 3273 316 3326 ut
341 3257 441 3325 fossas
465 3257 742 3327 transcenderent.
767 3258 868 3347 Quod
891 3284 994 3352 quum
1020 3261 1307 3330 animadvertisset

277 3379 401 3464 Caesar,
422 3377 561 3465 veritus,
584 3402 626 3445 ne
646 3401 712 3445 non
732 3377 875 3462 reducti,
896 3377 952 3446 sed
968 3377 1080 3469 rejecti
1098 3377 1305 3458 viderentur,

278 3494 446 3589 majusque
469 3495 704 3567 detrimentum
724 3509 909 3589 caperetur,
930 3520 950 3564 a
974 3494 1083 3564 medio
1105 3495 1172 3564 lere
1198 3497 1304 3589 spatio

277 3639 354 3684 suos
374 3641 434 3710 per
450 3617 651 3700 Antonium,
667 3616 722 3708 qni
741 3617 770 3682 ei
787 3612 906 3706 legioni
924 3629 1076 3707 praeerat,
1093 3615 1304 3702 cohortatus,

279 3735 357 3803 tuba
375 3737 507 3830 signum
527 3734 617 3820 dari,
633 3747 731 3826 atque
750 3733 783 3799 in
801 3715 910 3800 llostes
930 3733 1090 3824 impetum
1107 3733 1178 3801 fieri
1194 3733 1302 3827 jussit.

278 3853 400 3923 Milites
417 3854 554 3948 legionis
567 3879 604 3922 rx
618 3851 727 3920 subito
743 3851 919 3942 constipati
936 3849 1001 3944 pila
1018 3853 1251 3945 conjecerunt,
1271 3870 1306 3923 et
1406 3909 1411 3914 .

278 3999 318 4041 ex
332 3972 487 4041 inferiore
498 3972 572 4042 loco
584 3971 738 4040 adversus
752 3967 874 4040 clivum
891 3971 1014 4040 incitati
1028 3997 1142 4059 cursu,
1157 3976 1306 4070 praecipi·
