3048 4770
283 416 317 452 io
447 398 477 452 C.
500 399 596 453 JULll
617 397 778 454 CAEsnnls
799 394 1156 453 contntENTnmonUn

280 521 396 589 eodem
414 521 580 613 pertinere
602 545 610 587 ε
627 545 802 590 consuesse
817 523 907 590 enim
921 520 999 588 deos
1016 519 1233 607 immortales,
1249 544 1314 612 quo

280 642 411 735 gravius
429 641 579 710 homines
601 665 640 708 ex
661 641 921 709 commutatione
939 664 1053 708 rerum
1068 639 1217 728 doleant,
1233 664 1316 734 quos

281 784 342 853 pro
360 756 482 827 scelere
504 783 620 827 eorum
640 757 755 828 ulcisci
776 756 894 845 velint,
915 759 967 827 his
987 758 1196 828 secundiores
1217 761 1318 828 inter-

279 878 360 946 dum
372 903 424 947 res
440 893 473 948 et
487 879 728 948 diuturniorem
747 879 978 971 impunitatem
994 877 1185 946 concedere.
1202 881 1318 968 Quum

278 1023 317 1066 ea
340 1000 386 1066 ita
403 1000 485 1084 sint,
505 979 678 1086 tamen,⁸si
695 997 824 1065 obsides
839 999 882 1065 ab
902 998 942 1066 iis
959 997 1019 1066 sibi
1041 997 1177 1082 dentur,
1196 999 1245 1064 uti
1261 1023 1318 1085 ea,

269 1141 353 1210 'quae
372 1115 605 1211 polliceantur,
626 1116 769 1186 facturos
787 1116 963 1212 intelligat,
982 1129 1015 1184 et
1032 1117 1059 1184 si
1077 1116 1190 1184 AEduis
1210 1115 1252 1184 de
1268 1117 1319 1183 in·

276 1235 387 1329 juriis,
412 1257 494 1327 quas
518 1234 598 1326 ipsis
624 1235 787 1328 sociisque
815 1259 931 1304 eorum
957 1233 1147 1319 intulerint,
1179 1236 1259 1302 item
1291 1235 1318 1303 si

283 1351 517 1456 Allobrogibus
539 1353 758 1442 satisfaciant,
781 1381 850 1424 sese
869 1379 945 1424 cum
964 1355 1003 1422 iis
1024 1378 1142 1447 pacem
1161 1377 1232 1422 esse
1249 1353 1318 1422 lac·

281 1485 404 1540 turum.
420 1499 437 1535 s
453 1473 573 1541 Divico
597 1471 789 1563 respondit:
810 1477 895 1541 alta
914 1471 1081 1542 Helvetios
1100 1497 1119 1540 a
1136 1472 1318 1565 majoribus

281 1592 348 1659 suis
360 1592 530 1659 institutos
544 1615 628 1678 esse,
644 1593 692 1660 uti
710 1591 840 1660 obsides
856 1593 1021 1684 accipere,
1041 1617 1108 1662 non
1125 1593 1223 1680 dare,
1240 1617 1318 1661 con·

281 1713 449 1780 suererint
465 1737 473 1778 τ
491 1711 562 1804 ejus
577 1713 624 1780 rei
640 1710 800 1805 populum
813 1735 987 1780 romanum
1004 1736 1073 1780 esse
1086 1727 1213 1781 testem.
1230 1740 1246 1776 n
1273 1755 1275 1760 -

329 1833 402 1898 XV.
423 1833 495 1898 Hoc
514 1855 671 1924 responso
690 1829 782 1918 dato,
803 1830 960 1900 discessit.
983 1833 1119 1900 Postero
1138 1831 1191 1900 die
1211 1845 1318 1901 castra

281 1973 321 2016 ex
349 1973 389 2016 eo
414 1947 488 2018 loco
515 1964 659 2018 movent.
688 1949 781 2018 Idem
809 1954 918 2019 Caesar
947 1950 1041 2035 sacit3
1067 1951 1318 2045 equitatumque

281 2091 429 2154 omnem,
450 2067 492 2136 ad
514 2093 690 2136 numerum
708 2082 852 2161 quatuor
876 2067 1019 2136 millium
1043 2093 1142 2162 quem
1161 2093 1201 2137 ex
1227 2073 1318 2139 omni

281 2187 456 2256 Provincia
469 2187 625 2256 etAEduis
643 2203 741 2280 atque
755 2212 870 2256 eorum
883 2189 980 2257 sociis
993 2202 1144 2256 coactum
1160 2188 1319 2273 habehat,

281 2306 465 2398 praemittit,
476 2308 534 2398 qui
551 2306 697 2393 videant,
712 2332 793 2400 quas
814 2309 966 2401 in=partes
982 2297 1092 2376 hostes
1107 2309 1170 2376 iter
1183 2307 1317 2378 saciant.

280 2425 367 2515 Qui,
389 2426 541 2520 cupidius
561 2427 775 2496 novissimum
793 2451 910 2521 agmen
937 2428 1092 2513 insecuti,
1118 2425 1225 2496 alieno
1246 2427 1321 2498 loco

281 2569 357 2614 curn
392 2546 541 2639 equitatu
571 2546 797 2616 Helvetiorum
830 2546 982 2639 proelium
1016 2547 1246 2632 committunt;
1292 2563 1326 2616 et

281 2669 379 2760 pauci
404 2667 446 2734 de
468 2668 589 2736 nostris
613 2665 747 2736 cadunt.
767 2668 845 2755 Quo
871 2664 988 2758 proelio
1009 2664 1128 2735 sublati
1155 2663 1322 2753 Helvetii,

281 2788 372 2882 quod
385 2791 573 2884 quingentis
585 2787 751 2882 equitibus
766 2800 891 2856 tantam
905 2785 1151 2856 multitudinem
1167 2790 1319 2880 equitum

280 2907 511 3002 propulerant,
538 2908 694 2977 audacius
716 2907 907 2994 subsistere,
930 2931 1168 3001 nonnunquam
1190 2931 1230 2974 ex
1254 2932 1318 2976 no·

280 3029 415 3098 vissimo
428 3031 558 3123 agmine
573 3026 690 3122 proelio
704 3041 834 3101 nostros
846 3025 1004 3096 lacessere
1017 3019 1197 3119 caeperunt.
1208 3029 1318 3097 Caesar

281 3173 357 3218 suos
376 3174 394 3216 a
411 3146 528 3241 proelio
548 3148 754 3232 continebat,
772 3171 810 3214 ac
824 3149 904 3214 satis
920 3145 1062 3214 habebat
1077 3147 1111 3212 in
1129 3150 1316 3239 praesentia,

281 3271 408 3338 hostem
429 3267 568 3361 rapinis,
589 3265 856 3360 pabulationibus
879 3262 1215 3357 populationibusque
1238 3289 1316 3358 pro-

281 3388 405 3458 hibere.
416 3391 468 3457 lta
484 3386 552 3455 dies
561 3387 693 3458 circiter
709 3385 898 3478 quindecim
912 3385 974 3452 iter
987 3383 1151 3471 fecerunt,
1166 3384 1214 3451 uti
1231 3385 1317 3452 inter
1351 3376 1353 3381 ¹

280 3507 496 3577 novissimum
516 3505 661 3575 hostium
684 3529 818 3600 agmen,
842 3520 877 3573 et
897 3518 1048 3572 nostrum
1063 3505 1227 3598 primum,
1249 3527 1317 3571 non

281 3623 423 3719 amplius
436 3627 547 3718 quinis
563 3640 622 3694 aut
632 3627 719 3694 senis
734 3623 880 3694 millibus
892 3647 1047 3717 passuum
1065 3625 1244 3691 interesset.

327 3749 419 3816 XVI.
452 3745 591 3814 Interim
623 3744 770 3837 quotidie
804 3746 915 3812 Caesar
947 3741 1069 3810 AEduos
1100 3741 1317 3827 frumentum,

281 3865 370 3958 quod
395 3879 504 3934 essent
529 3862 660 3958 publice
683 3861 834 3956 polliciti,
856 3862 1006 3956 flagitare
1035 3887 1043 3930 ε
1073 3887 1149 3931 nam
1181 3877 1317 3954 propter

283 3985 417 4079 frigora,
431 3985 522 4077 quod
534 3981 645 4052 Gallia
659 3983 720 4050 sub
734 3984 1039 4076 septemtrionibus,
1054 3998 1091 4050 ut
1103 3995 1177 4050 ante
1192 3981 1317 4050 dictum
