3038 4766
299 348 353 404 12ss
453 352 482 406 C.
500 351 598 406 JULll
619 349 780 407 CAESARIS
803 351 1165 410 COMMENTARIORUM

294 474 379 544 duci.
407 478 598 545 Castrorum
630 475 684 543 hic
719 477 799 544 situs
826 492 907 544 erat.
935 477 1166 570 Superioribus
1192 477 1363 564 (liebus,

294 619 380 664 nona
405 598 541 667 Caesaris
563 593 649 692 legio
667 621 770 690 quum
787 621 821 667 se
839 597 1011 689 objecisset
1041 599 1261 692 Pompeianis
1292 624 1361 668 co-

293 715 372 808 piis,
391 729 490 808 atque
510 738 630 807 opera,
648 731 686 784 ut
706 715 1020 806 demonstravimus,
1038 718 1361 804 circummuniret,

294 849 400 902 castra
423 858 462 902 eo
489 833 561 904 loco
583 837 701 927 posuit.
726 839 803 904 Haec
831 835 944 904 silvam
966 836 1143 930 quamdam
1161 840 1362 931 continge-

294 955 388 1043 bant,
408 978 514 1047 neque
525 953 694 1048 longiusa
714 955 796 1024 mari
821 957 971 1049 passibus
996 979 1041 1026 co
1067 956 1213 1026 aberant.
1233 960 1360 1042 Post,

296 1089 424 1142 inritato
442 1072 578 1143 consilio
604 1073 803 1168 quibusdam
833 1074 1013 1164 decausis,
1032 1077 1141 1144 caesar
1163 1076 1275 1170 paulo
1300 1075 1362 1144 ul·

295 1207 347 1260 tra
370 1217 448 1260 eum
470 1191 579 1261 locum
599 1208 705 1262 castra
725 1192 890 1262 transtulit
910 1220 919 1262 ι
940 1197 1118 1289 paucisque
1138 1197 1359 1265 intermissis

296 1309 409 1378 diebus
429 1311 497 1379 haec
517 1311 630 1380 eadem
654 1315 829 1405 Pompeius
848 1328 1085 1406 occupaverat,
1111 1329 1161 1403 et,
1182 1315 1282 1408 quod
1308 1341 1359 1383 eo

296 1427 369 1498 loco
397 1425 507 1522 plures
535 1446 607 1498 erat
632 1430 776 1525 legiones
807 1432 997 1518 habiturus,
1030 1432 1144 1503 relicto
1176 1436 1357 1503 interiore

297 1547 404 1636 vallo,
426 1550 585 1642 majorem
606 1550 770 1644 adjecerat
795 1553 1022 1620 munitionem.
1050 1555 1102 1621 Ita
1122 1554 1249 1621 minora
1282 1579 1354 1623 ca-

297 1684 380 1757 stra,
400 1667 524 1738 inclusa
541 1670 739 1763 majoribus,
759 1670 882 1739 castelli
901 1685 999 1764 atque
1015 1672 1099 1740 arcis
1120 1670 1228 1740 locum
1247 1673 1353 1741 obti-

298 1791 431 1859 nebant.
452 1793 535 1860 ltem
555 1791 596 1858 ab
615 1790 736 1884 angulo
756 1805 938 1858 castrorum
962 1791 1094 1859 sinistro
1113 1793 1348 1860 munitionem

296 1907 338 1978 ad
355 1907 476 1979 flumen
502 1908 717 2004 perduxerat,
744 1911 874 1978 circiter
891 1933 1005 2004 passus
1026 1932 1087 1995 cn,
1104 1935 1172 2004 quo
1198 1909 1349 1980 liberius

297 2052 336 2096 ac
356 2028 427 2096 sine
443 2026 589 2120 periculo
605 2027 724 2096 milites
742 2043 952 2121 aquareutur.
970 2015 1033 2097 Sed
1051 2031 1078 2098 is
1095 2054 1242 2123 quoque,
1260 2057 1346 2101 mu-

300 2161 369 2216 tato
395 2146 532 2216 consilio
548 2148 745 2240 quibusdam
776 2145 817 2216 de
842 2151 962 2234 causis,
981 2173 1063 2243 quas
1083 2153 1342 2220 commemorari

298 2291 428 2336 necesse
452 2290 519 2334 non
537 2281 602 2352 est,
633 2289 672 2335 eo
689 2264 763 2335 loco
782 2282 971 2335 excesserat.
991 2271 1042 2336 lta
1058 2267 1246 2363 complures
1265 2268 1341 2339 dies

296 2401 485 2456 manserant
508 2400 612 2455 castra
635 2411 643 2454 a
670 2387 870 2454 munitiones
896 2387 1030 2479 quidem
1061 2389 1195 2483 integra)
1219 2413 1340 2460 omnes

298 2523 401 2579 erant.

347 2631 484 2698 LXVII.
501 2633 551 2699 Eo
575 2630 670 2723 signo
691 2627 831 2724 legionis
856 2626 963 2718 illato,
982 2628 1200 2722 speculatores
1213 2633 1335 2701 Caesari

299 2752 540 2820 renuntiarunt.
567 2751 639 2819 Hoc
657 2748 743 2817 idem
776 2751 880 2818 visum
898 2751 1176 2842 exsuperioribus
1199 2751 1335 2845 quibus·

298 2871 375 2939 dam
396 2868 536 2939 castellis
565 2869 851 2938 confirmaverant.
879 2873 911 2937 ls
942 2869 1032 2938 locus
1064 2865 1177 2939 aberat
1202 2896 1220 2939 a
1242 2873 1335 2940 novis

298 2990 447 3081 Pompeii
471 2989 586 3056 castris
603 2988 733 3055 circiter
755 3012 869 3080 passus
893 3011 926 3056 n.
954 2991 1049 3056 Hanc
1073 2987 1233 3084 legionem
1259 3014 1334 3084 spe·

299 3131 375 3174 rans
400 3109 508 3176 Caesar
523 3130 557 3174 se
572 3107 756 3200 opprimere
772 3131 882 3200 posse,
902 3121 935 3175 et
958 3110 1092 3201 cupiens
1110 3110 1179 3203 ejus
1198 3109 1261 3178 diei
1278 3109 1336 3176 de-

299 3225 492 3293 trimentum
511 3225 651 3312 sarcire,
669 3224 804 3319 reliquit
819 3229 853 3295 in
870 3251 969 3320 opere
983 3227 1134 3296 cohortes
1152 3229 1248 3312 duas,
1262 3253 1336 3319 quae

300 3343 441 3438 speciem
475 3344 669 3414 munitionis
700 3346 911 3439 preberent:
948 3349 1017 3441 ipse
1045 3347 1173 3415 diverso
1203 3347 1334 3430 itinere,

299 3489 400 3558 quam
425 3466 532 3559 po'tuit
560 3463 795 3554 occultissime,
829 3464 969 3559 reliquas
1001 3465 1171 3544 cohortes,
1196 3484 1333 3529 numero

301 3609 430 3672 χχχιιι,
458 3585 493 3653 in
515 3584 726 3678 quibus'erat
748 3584 833 3678 legio
852 3607 959 3667 nona,
980 3582 1092 3650 multis
1112 3582 1236 3650 amissis
1255 3603 1334 3648 cen·

301 3706 500 3793 turionibus‚
520 3704 754 3797 deminutoque
773 3701 913 3769 militum
932 3725 1091 3788 numero,
1112 3699 1153 3769 ad
1172 3700 1335 3796 legionem

299 3825 445 3917 Pompeii
480 3840 652 3918 castraque
685 3823 810 3890 minora
847 3818 971 3914 duplici
998 3819 1067 3889 acie
1099 3821 1201 3890 duxit
1219 3823 1336 3914 Neque

300 3967 376 4012 eum
398 3945 503 4035 prima
529 3945 641 4038 opinio
668 3939 801 4010 fefellit:
817 3965 894 4010 nam
914 3957 947 4010 et
966 3945 1114 4036 pervenit
1131 3944 1221 4037 prius
1238 3961 1335 4037 quam
