3026 4768
443 405 495 460 nn
515 405 635 464 numo
656 408 819 465 oamco
840 409 908 466 nm.
926 412 977 468 1v.
1186 417 1232 490 a,

186 547 243 600 aut
271 531 392 624 quibus
421 531 582 599 institutis
605 547 796 620 uterentur,
826 560 933 629 neque
963 539 1019 630 qui
1048 555 1154 610 esseut
1189 542 1232 610 ad

188 652 349 744 majorum
369 650 506 718 navium
529 649 775 722 multitudinem
801 654 912 724 idonei
934 671 1066 751 portus,
1084 661 1229 754 reperire

185 784 324 861 poterat.
358 805 362 810 ·

232 893 325 958 XXI.
344 889 396 960 Ad
413 891 483 959 haec
504 895 748 986 cognoscenda,
769 896 963 991 priusquam
979 899 1165 993 periculum
1182 902 1228 972 fa-

184 1023 289 1098 ceret,
311 1009 467 1079 idoneum
481 1035 551 1080 csse
572 1012 764 1100 arbitratus,
779 1015 1038 1089 CsVolusenum
1054 1044 1130 1088 cum
1150 1025 1227 1090 navi

184 1131 286 1226 longa
302 1132 486 1225 praemittit.
506 1134 594 1202 Huic
615 1134 768 1224 mandat,
786 1138 851 1227 uti,
872 1137 1050 1231 exploratis
1072 1143 1227 1212 omnibus

182 1253 294 1343 rebus,
312 1253 356 1324 ad
375 1279 411 1323 se
429 1281 532 1350 quam
551 1259 698 1352 primum
718 1273 914 1328 revertatur.
932 1262 1008 1353 Ipse
1025 1285 1100 1332 cum
1118 1265 1226 1332 omni·
1267 1285 1271 1297 '

181 1375 244 1443 bus
262 1377 368 1470 copiis
385 1373 421 1442 in
439 1378 592 1446 Morinos
608 1377 845 1471 proficiscitur,
861 1378 952 1472 quod
973 1381 1049 1450 inde'
1064 1396 1135 1470 erat
1150 1383 1227 1452 bre·

183 1496 335 1565 tissimus
364 1498 398 1565 in
423 1498 631 1567 Britanniam
658 1499 825 1590 trajectus.
851 1502 927 1567 Huc
955 1524 1054 1570 naves
1080 1501 1227 1597 undique

183 1616 387 1686 ex¹finitimis
399 1616 609 1711 regionibus,
622 1632 670 1705 et,
687 1641 788 1710 quam
802 1616 971 1712 superiore
984 1635 1095 1690 aestate
1105 1622 1148 1706 ad
1161 1625 1227 1692 Ve-

183 1739 328 1806 neticum
348 1734 479 1826 bellum
495 1738 637 1823 fecerat,
659 1735 798 1806 classem
812 1739 913 1832 jubet
928 1741 1116 1809 convenire.
1134 1744 1226 1809 Inte-

181 1858 262 1946 rim,
275 1855 422 1926 consilio
437 1857 508 1949 ejus
528 1849 677 1950 cognito,
692 1871 726 1924 et
737 1878 797 1950 per
816 1872 1025 1928 mercatores·
1037 1857 1166 1952 perlato
1184 1860 1226 1929 ad

181 1978 376 2064 Britannos,
394 2001 413 2044 a
426 1972 653 2069 compluribus
666 1977 737 2069 ejus
756 1975 872 2046 insulae
887 1978 1074 2047 civitatibus
1090 1979 1134 2048 ad
1149 2001 1226 2048 eum

181 2094 296 2192 legati·
307 2097 463 2181 veniunt,
482 2095 540 2188 qui
559 2093 780 2188 polliceantur
797 2095 927 2166 obsides
943 2096 1035 2184 dare,
1049 2112 1148 2193 atquc
1164 2100 1226 2168 im·

182 2219 275 2311 perio
291 2215 408 2310 populi
428 2219 559 2288 romani
576 2217 816 2309 obtemperare.
835 2217 968 2305 Quibus
984 2218 1123 2304 auditis,
1143 2217 1226 2290 libe-

181 2338 296 2408 raliter
309 2337 495 2434 pollicitus,
511 2339 745 2429 hortatusque,
760 2350 797 2406 ut
812 2337 845 2403 in
863 2361 901 2404 ca
922 2341 1085 2407 sententia
1099 2365 1226 2432 perma-

180 2474 297 2529 nerent
308 2512 317 2546 ,
330 2484 387 2529 eos
398 2460 536 2528 domum
553 2459 708 2543 remittit;
725 2471 850 2524 etcum
868 2457 920 2525 his
937 2482 1003 2526 una
1017 2461 1224 2552 Commium,

180 2605 280 2672 quem
301 2581 388 2674 ipse,
414 2579 628 2649 Atrebatibus
649 2577 825 2670 superatis,
846 2591 956 2670 regem
977 2577 1022 2644 ibi
1046 2581 1226 2649 constitue·

179 2713 248 2784 rat,
270 2699 366 2792 eujus
389 2714 423 2768 et
440 2699 599 2766 virtutem
619 2712 652 2765 et
675 2693 851 2766 consilium
873 2697 1054 2787 probabat,
1073 2712 1108 2765 et
1125 2723 1225 2791 quem

179 2821 243 2890 sibi
264 2817 397 2888 fidelem
416 2817 657 2902 arbitrabatur,
675 2817 836 2910 cujusque
853 2816 1033 2884 auctoritas
1056 2817 1091 2884 in
1110 2817 1150 2886 iis
1172 2845 1225 2888 re·

180 2941 334 3036 gionibus
358 2940 470 3034 magni
491 2937 690 3022 habebatur,
717 2938 830 3005 mittit.
844 2936 943 3004 >Huic
964 2938 1122 3030 imperat,
1142 2963 1224 3032 quas

178 3064 302 3155 possit,
327 3059 425 3128 adeat
444 3060 610 3145 civitates,
635 3057 868 3149 horteturque,
893 3071 932 3124 ut
957 3055 1074 3150 populi
1094 3062 1224 3128 romani

179 3180 279 3250 fidem
299 3195 499 3274 sequantur,
523 3202 624 3271 seque
647 3175 799 3245 celeriter
819 3197 858 3244 eo
883 3189 1059 3244 venturum
1081 3181 1221 3248 nuntiet.

177 3301 381 3388 Volusenus,
401 3300 581 3394 perspectis
604 3296 814 3392 regionibus,
843 3309 1005 3388 quantum
1029 3298 1059 3365 ei
1083 3295 1221 3366 faculta-

179 3425 221 3490 tis
240 3422 311 3490 dari
329 3423 454 3516 potuit,
475 3421 533 3512 qui
555 3421 631 3486 navi
654 3407 766 3511 egredi
785 3442 823 3486 ac
844 3441 878 3485 se
898 3418 1047 3486 barbaris
1068 3421 1221 3488 commit·

179 3557 250 3610 tero
278 3565 345 3610 non
379 3539 530 3624 auderet,
556 3538 674 3631 quinto
698 3535 815 3604 dicad
842 3539 1004 3606 Caesarem
1029 3539 1220 3626 revertitur,

179 3685 317 3755 quaeque
334 3661 379 3729 ibi
395 3659 628 3753 perspexisset,
645 3657 824 3726 renuntiat.

226 3783 334 3850 XXII.
354 3782 445 3849 Dum
473 3780 508 3847 in
525 3778 577 3846 bis
602 3775 683 3846 locis
707 3779 817 3846 Caesar
839 3779 974 3846 navium
999 3775 1218 3870 parandarum

177 3925 277 3969 causa
292 3915 457 3986 moratur,
479 3923 516 3966 ex
537 3921 657 3993 magna
677 3912 771 3990 parte
788 3897 997 3966 Morinorum
1018 3896 1061 3965 ad
1077 3922 1153 3966 cum
1173 3895 1219 3966 lc·

178 4023 246 4114 gati
261 4033 436 4106 venerunt,
458 4021 514 4110 qui
536 4043 569 4085 se
585 4016 626 4086 dc
644 4018 822 4110 superioris
839 4018 994 4110 temporis
1011 4015 1149 4086 consilio
1165 4040 1219 4085 ex·
