3020 4768
413 364 464 418 nn
484 363 605 418 nanno
626 365 789 420 clinico
811 367 879 420 nra.
897 339 995 422 vm.¹
1164 366 1219 437 237

172 505 323 576 caretur,
342 493 537 558 Dumnacus
558 491 694 562 instruit
713 493 832 576 aciem,
853 516 927 584 qua
945 492 1012 560 suis
1029 507 1114 560 esset
1130 495 1221 584 equi·

175 611 263 678 tibus
278 612 421 712 invicem
440 610 603 702 praesidio.
623 613 711 680 Tum
732 627 869 704 repente
890 611 1049 684 ,consertae
1075 610 1221 705 legiones

175 730 208 797 in
230 746 444 823 conspectum
461 730 606 797 hostium
632 731 780 799 veniunt.
798 731 931 819 Quibus
947 734 1041 818 visis,
1062 729 1222 827 perculsae
1278 753 1284 770 ⁴

173 850 392 918 barbarorum
410 863 527 918 turmae
550 873 588 916 ac
604 851 786 942 perterritae
807 852 894 919 acies
910 845 1072 938 bostium,
1089 865 1221 944 pertur-

173 972 251 1038 bato
272 971 588 1064 impedimentorum
608 973 757 1064 agmine,
777 996 899 1066 magno
926 970 1072 1040 elamore
1094 971 1222 1040 discur-

174 1117 279 1185 suque
299 1093 420 1184 passim
441 1091 528 1185 fugae
555 1117 589 1161 se
613 1091 785 1160 mandant.
808 1097 853 1162 At
874 1095 980 1162 nostri
995 1095 1142 1186 equites,
1164 1096 1229 1186 qui

175 1210 275 1304 paulo
304 1226 380 1279 ante
413 1236 490 1279 cum
523 1211 753 1281 resistentibus
769 1213 956 1282 'fortissime'
985 1213 1220 1300 conflixerant,

175 1328 287 1399 laetitia
315 1333 462 1400 victoriae
498 1330 597 1418 elati,
633 1356 755 1424 magno
782 1320 937 1425 ¹undique
970 1331 1114 1402 clamore
1145 1333 1223 1402 sub·

176 1447 263 1534 lato,
288 1449 480 1519 cedentibus
508 1450 720 1536 circumfusi,
748 1466 911 1543 quantum
941 1477 1104 1547 equorum
1134 1452 1221 1521 vires

175 1569 218 1638 ad
233 1569 499 1664 persequendum
518 1570 707 1662 dextraeque
727 1568 769 1638 ad
785 1571 978 1641 caedendum
995 1572 1123 1660 valent,
1145 1585 1221 1639 tan-

176 1705 249 1758 tum
267 1715 307 1758 eo
323 1687 441 1782 proelio
460 1689 675 1758 interficiunt.
697 1692 814 1782 Itaque
839 1690 980 1784 amplius
1004 1690 1150 1759 millibus
1170 1715 1221 1761 ιιι

175 1823 234 1877 aut
261 1824 482 1896 armatorum,
508 1825 566 1877 aut
591 1833 709 1878 eorum
731 1812 788 1902 qui
814 1811 933 1879 timore
961 1836 1054 1879 arma
1072 1811 1221 1905 projece-

175 1944 267 2018 rant,
291 1929 488 2018 interfectis,
510 1906 618 1998 omnis
644 1927 826 1998 multitudo
848 1932 978 2024 eapitur
1001 1930 1221 2024 impedimen·

178 2065 297 2118 torum.
695 2111 697 2117 Α
956 2131 961 2144 ¹

223 2173 334 2242 XXX.
370 2171 448 2259 Qua
483 2195 524 2239 ex
560 2171 656 2265 fuga,
689 2197 793 2264 quum
829 2186 995 2240 constaret
1026 2174 1221 2266 Drappeten

176 2292 341 2360 Senonem
373 2293 465 2388 (qui,
494 2307 532 2361 ut
558 2293 703 2385 primum
733 2291 897 2361 defecerat
923 2290 1048 2381 Gallia,
1075 2289 1222 2360 collectis

177 2412 324 2506 undique
348 2412 486 2508 perditis
508 2413 711 2500 hominibus,
733 2414 836 2482 servis
854 2412 897 2480 ad
917 2411 1103 2481 libertatem
1124 2437 1221 2480 voca-

177 2535 235 2621 tis,
255 2532 422 2603 exsulibus
437 2534 588 2602 omnium
607 2533 779 2602 civitatum
797 2531 946 2619 adscitis,
962 2533 1108 2624 receptis
1126 2529 1221 2599 latro

177 2655 291 2743 nibus,
311 2653 555 2747 impedimenta
579 2668 612 2721 et
634 2665 836 2721 commeatus
863 2657 1093 2722 Romanorum
1118 2652 1222 2718 inter·

177 2772 345 2868 ceperat),
364 2797 430 2840 non
449 2770 590 2865 amplius
604 2772 778 2840 bominum
794 2795 817 2838 v
836 2768 981 2838 millibus
1000 2795 1040 2838 ex
1059 2769 1136 2863 fuga
1152 2767 1222 2838 col-

178 2893 286 2980 lectis,
312 2893 521 2960 Provinciam
550 2905 676 2984 petere,
711 2914 841 2983 unaque
870 2889 1046 2958 consilium
1075 2913 1152 2957 cum
1181 2913 1221 2957 eo

178 3015 373 3084 Lucterium
385 3011 575 3080 Cadurcum
588 3013 710 3104 cepisse
725 3009 852 3105 (quem,
870 3011 1040 3103 superiore
1057 3033 1222 3078 commen·

179 3135 282 3217 tario,
314 3133 422 3224 prima
447 3130 632 3200 defectione
658 3127 792 3215 Gallice,
821 3128 927 3198 lacere
954 3130 988 3197 in
1012 3131 1220 3198 Provinciam

180 3254 340 3347 impetum
354 3249 499 3344 „voluisse
519 3253 690 3345 cognitum
712 3249 796 3344 est),
813 3251 972 3327 Caninius
994 3247 1120 3344 legatus
1144 3273 1220 3318 cum

153 3435 157 3442 .
180 3371 364 3467 legionibus
388 3395 413 3440 11
437 3371 479 3438 ad
501 3396 558 3439 eos
578 3368 823 3463 persequendos
846 3369 1032 3457 contendit,
1051 3394 1093 3438 ne
1114 3369 1155 3437 de
1178 3369 1221 3436 ti-

179 3515 273 3558 more
291 3505 349 3560 aut
364 3491 564 3574 detrimento
579 3489 760 3557 Provincia
776 3512 895 3582 magna
913 3489 1061 3575 infamia,
1078 3487 1222 3581 perdito-

181 3609 446 3678 rumhominum
469 3597 669 3695 latrociniis,
692 3621 874 3700 caperetur.

231 3731 356 3798 XXXI.
380 3731 418 3798 C.
441 3728 563 3797 Fabius
584 3753 660 3797 cum
685 3727 813 3820 reliquo
833 3726 979 3795 exercitu
1000 3727 1034 3793 in
1059 3727 1221 3794 Carnutes

181 3863 371 3941 ceterasque
410 3847 633 3941 proficiscitur
668 3849 817 3916 civitates
853 3869 995 3939 quarum
1029 3869 1068 3914 eo
1105 3843 1221 3938 proelio

182 3967 272 4061 quod
292 3993 367 4036 cum
388 3970 565 4036 Dumnaco
585 3967 705 4034 fecerat
729 3967 839 4059 copias
859 3990 928 4034 esse
949 3965 1069 4033 accisas
1089 3965 1219 4033 sciebat.
