3026 4768
413 333 464 388 DE
485 332 607 388 BELLO
629 327 794 388 GALLICO
816 333 885 390 LIB.
904 335 951 390 IV.
1166 337 1203 414 95

167 473 295 528 nostros
313 457 510 552 prohibere,
524 471 557 526 et
578 449 648 526 reni
666 459 699 526 iu
716 459 860 526 hiemem
879 458 1079 552 producere,
1098 461 1204 554 quod,

167 579 204 646 iis
229 579 407 672 superatis,
440 591 499 646 aut
525 576 634 646 reditu
665 576 869 662 interclusis,
901 579 1067 646 neminem
1093 593 1206 672 postea

165 697 243 767 belli
272 695 435 768 inferendi
458 721 557 766 causa
581 698 615 766 in
633 698 838 768 Britanniam
857 697 1075 769 transiturum
1101 699 1206 768 conli-

166 817 300 887 debant.

205 938 340 1008 'XXXL
358 940 490 1030 Itaque,
505 961 618 1006 rursus
630 939 860 1032 conjuratione
869 921 973 1023 facta,
989 936 1149 1031 paulatim
1167 961 1207 1006 ex

169 1058 284 1126 castris
306 1054 487 1145 discedere,
511 1081 550 1126 ac
568 1081 645 1127 suos
661 1055 746 1125 clam
762 1083 803 1126 ex
821 1058 908 1152 agris
920 1056 1083 1127 deducere
1099 1082 1208 1150 ooepe÷
1320 1119 1324 1126 ,

169 1191 258 1245 runt.
273 1178 319 1244 At
326 1176 450 1264 Caesar,
463 1177 525 1244 etsi
538 1174 689 1256 nondum
706 1199 821 1244 eorum
835 1175 974 1245 consilia
990 1191 1208 1271 cognoverat,

169 1310 280 1365 tamen
295 1308 328 1362 et
347 1319 388 1364 ex
402 1309 523 1364 eventu
540 1296 676 1364 navium
688 1318 841 1381 suarum,
856 1278 942 1364 etex
954 1319 1011 1382 eo,
1024 1293 1210 1389 quodobsi·

169 1415 224 1484 des
245 1415 324 1484 dare
345 1415 610 1501 intermiserant,
633 1413 703 1483 fore
723 1413 773 1497 id,
793 1413 883 1507 quod
902 1413 1043 1502 accidit,
1062 1415 1208 1508 suspica-

87 1611 91 1618 ,
169 1538 277 1606 batur.
296 1539 414 1629 Itaque
427 1534 470 1604 ad
482 1559 598 1604 omnes
611 1557 706 1606 casus
718 1533 862 1604 subsidia
878 1534 1091 1629 comparabat
1107 1560 1115 1602 ε
1134 1559 1210 1604 narn

170 1670 203 1725 et
218 1655 423 1725 frumentum
444 1679 483 1724 ex
504 1655 591 1748 agris
607 1653 756 1747 quotidie
772 1655 807 1722 in
825 1668 933 1732 eastra
948 1652 1157 1741 conferebat,
1178 1669 1211 1722 et

171 1800 243 1870 quae
252 1776 445 1872 gravissime
454 1773 687 1852 afflictaeerant
699 1797 797 1843 naves
806 1798 823 1862 ,·
836 1797 950 1842 earum
960 1772 1098 1842 materia
1112 1785 1212 1866 atque
1323 1863 1325 1867 v

171 1920 235 1966 aere
256 1895 298 1965 ad
318 1893 461 1988 reliquas
478 1891 670 1964 reficiendas
687 1893 859 1982 utebatur,
884 1908 916 1963 et
937 1915 1009 1986 quar
1025 1891 1068 1964 ad
1085 1916 1139 1962 cas
1159 1917 1212 1962 res

173 2029 269 2086 erant
294 2016 383 2101 usui,
410 2040 451 2084 ex
476 2014 662 2086 continenti
683 2014 884 2107 comportari
903 2011 1050 2107 jubebat.
1077 2015 1211 2105 Itaque,

173 2159 278 2230 quum
295 2135 330 2204 id
350 2159 481 2205 summo
498 2135 608 2206 studio
625 2160 644 2204 a
663 2133 823 2202 militibus
840 2131 1142 2219 administraretur,
1161 2155 1212 2202 111

173 2256 312 2326 navibus
335 2256 480 2344 amissis,
507 2245 642 2348 reliquis
663 2268 702 2322 ut
724 2247 873 2348 navigari
893 2249 1067 2323 commode
1086 2266 1212 2348 posset,

174 2374 293 2448 effecit.

221 2501 364 2568 XXXII.
381 2500 473 2568 Dum
498 2521 536 2566 ea
553 2507 731 2590 geruntur,
758 2491 889 2587 legione
905 2518 953 2562 ex
975 2493 1215 2564 consuetudine

174 2641 242 2686 una
261 2616 500 2687 frumentatum
515 2616 629 2702 missa,
648 2637 720 2706 quae
738 2610 966 2706 appellabatur
985 2615 1140 2707 septima,
1158 2637 1214 2683 ne-

173 2761 241 2831 que
255 2734 323 2805 ulla
338 2735 381 2804 ad
397 2735 432 2804 id
446 2751 578 2830 tempus
588 2732 670 2804 belli
686 2733 872 2826 suspicione
885 2733 1096 2825 interposita,
1110 2753 1213 2825 quum
1285 2797 1290 2806 ,

150 2843 155 2860 ”
175 2881 252 2949 pars
271 2855 445 2926 bominum
464 2855 498 2924 in
516 2855 604 2948 agris
624 2863 821 2939 remaneret,
841 2875 918 2945 pars
936 2852 1036 2920 etiam
1057 2852 1091 2920 in
1108 2865 1215 2921 castra

175 2975 371 3060 ventitaret,
386 2974 424 3060 ii,
437 2975 494 3067 qui
506 2998 569 3067 pro
584 2973 689 3066 portis
703 2986 886 3041 castrorum
902 2972 937 3038 in
954 2972 1095 3041 statione
1104 2986 1214 3058 erant,

176 3094 298 3162 Caesari
318 3094 564 3178 renuntiarunt,
582 3089 753 3187 pulverem
773 3092 932 3185 majorem
954 3109 1054 3185 quarn
1075 3115 1214 3162 consue-

178 3212 259 3283 tudo
275 3212 392 3300 ferret,
406 3215 441 3283 in
458 3227 600 3307 caper-te
615 3211 737 3299 videri,
753 3235 853 3304 quam
864 3211 898 3280 in
910 3225 1038 3306 partem
1050 3211 1135 3309 legio
1152 3212 1215 3282 iter

177 3331 314 3404 fecisset.
336 3337 460 3415 Caesar,
477 3333 512 3402 id
529 3331 619 3428 quod
638 3346 726 3418 erat,
742 3333 941 3424 suspicatus,
962 3331 1086 3428 aliquid
1102 3335 1215 3402 novia

178 3455 324 3524 barbarie
352 3455 473 3524 initum
496 3449 640 3539 consilii,
661 3451 830 3537 cobortes,
857 3476 929 3544 qun
955 3453 990 3520 in
1017 3453 1215 3522 stationibus

176 3589 287 3663 erant,
308 3599 420 3644 secum
442 3574 477 3652 iu
494 3597 567 3643 eam
584 3585 714 3666 partem
730 3569 909 3665 proficisci,
927 3571 1009 3640 duas
1025 3595 1065 3640 ex
1081 3570 1216 3667 reliquis

178 3696 213 3762 in
233 3695 409 3764 stationem
434 3693 625 3780 succedere,
647 3691 790 3786 reliquas
814 3692 953 3779 armari,
981 3706 1014 3760 et
1043 3692 1215 3761 confestim

179 3839 249 3886 sese
267 3813 421 3908 subsequi
437 3815 546 3908 jussit
568 3815 684 3902 Quum
704 3811 805 3908 paulo
822 3810 954 3914 longius
970 3836 990 3881 a
1006 3811 1121 3882 castris
1141 3833 1215 3906 pro-

182 3939 344 4020 cessisset,
361 3958 437 4004 suos
457 3935 499 4003 ab
519 3933 668 4003 hostibus
686 3935 808 4028 premi,
824 3947 924 4027 atquc
939 3957 1025 4028 egre
1041 3935 1217 4018 sustinere,
