3048 4770
421 323 471 377 DE
493 321 614 378 BELLO
636 321 802 378 GALLICO
824 321 893 376 LlB.
912 323 948 376 11.
1173 323 1207 388 47

161 470 205 515 eo
221 444 345 538 oppido
359 449 471 515 Caesar
486 471 562 516 cum
578 448 724 516 exercitu
744 447 878 515 circiter
894 443 997 514 millia
1012 466 1165 534 passuum
1177 469 1213 528 v,

163 567 310 652 abesset,
324 589 441 635 omnes
459 567 600 659 majores
620 582 716 652 natu,
733 591 774 635 ex
793 564 917 660 oppido
934 564 1074 659 egressi,
1094 587 1213 632 manus

165 683 211 754 ad
227 687 392 755 cesarem
409 685 562 773 tendere,
579 701 613 754 ct
630 711 709 755 voce
729 671 917 781 significare
934 697 1122 777 coeperunt,
1144 705 1214 751 sese

167 807 203 874 in
218 805 291 898 ejus
307 803 407 872 fidem
426 829 464 873 ac
479 818 678 900 potestatem
692 807 824 892 venire,
846 828 955 898 neque
971 819 1087 872 contra
1107 827 1214 898 popu·

167 923 240 993 lum
268 949 443 994 romanum
463 926 564 994 armis
588 925 797 993 contendere.
818 928 920 1011 Item,
939 949 1041 1018 quum
1061 923 1103 993 ad
1121 925 1215 1019 oppi-

169 1044 252 1114 dum
262 1047 471 1133 accessisset,
482 1061 654 1139 castraque
667 1045 711 1112 ibi
723 1059 862 1138 poneret
872 1097 881 1133 ,
892 1046 987 1139 pueri
995 1043 1215 1140 mulieresque

171 1190 217 1236 ex
241 1189 338 1233 muro
357 1165 461 1259 passis
483 1165 638 1234 manibus
663 1189 723 1234 suo
746 1188 839 1235 more
856 1188 972 1259 paoem
996 1165 1036 1233 ab
1056 1167 1216 1236 Romanis
1288 1173 1290 1178 '

172 1286 352 1380 petierunt.

223 1409 313 1475 XIV.
332 1407 399 1475 Pro
414 1407 466 1475 his
485 1407 671 1476 Divitiacus
688 1407 785 1502 (nam
805 1423 880 1501 post
902 1406 1081 1478 discessum
1099 1407 1236 1502 Belga·‚

174 1549 270 1612 rum,
289 1523 431 1594 dimissis
449 1524 631 1596 AEduorum
652 1527 772 1621 copiis,
798 1526 839 1596 ad
861 1552 937 1596 eum
957 1528 1155 1620 reverterat)
1173 1527 1219 1596 fe-

176 1646 224 1713 cit
243 1645 344 1714 verba
363 1671 372 1713 s
388 1643 607 1716 «Bellovacos
622 1647 715 1716 omni
729 1661 878 1741 tempore
894 1649 928 1716 in
946 1646 1011 1716 fide
1024 1660 1124 1739 atque
1140 1647 1220 1714 ami·

176 1764 254 1834 citia
267 1765 410 1834 civitatis
423 1763 538 1834 AEduae
548 1765 647 1835 fnisse
664 1791 672 1834 :
694 1764 854 1862 impulsos
865 1766 907 1835 ab
920 1767 988 1835 suis
1001 1765 1220 1860 principibus,

178 1885 236 1978 qui
255 1885 418 1973 dicerent,
435 1885 576 1973 AEduos,
599 1910 618 1953 a
635 1889 764 1956 Caesare
780 1886 815 1953 in
831 1887 1024 1955 servitutem
1047 1883 1221 1967 redactos,

179 2028 293 2074 omnes
307 2004 520 2101 indignitates
531 2003 816 2100 contumeliasque
826 2005 987 2101 perferre,
999 2019 1033 2076 et
1048 2006 1089 2074 ab
1106 2003 1222 2075 AEduis

178 2123 350 2215 defecisse,
367 2141 401 2196 et
416 2125 541 2222 populo
557 2151 697 2196 romano
712 2125 838 2198 bellum
854 2125 1005 2198 intulisse
1023 2153 1032 2196 ε
1048 2127 1107 2220 qui
1122 2125 1222 2221 hujus

179 2244 308 2314 consilii
330 2248 496 2342 principes
521 2247 676 2337 fuissent,
697 2247 788 2342 quod
808 2245 1047 2342 intelligerent,
1063 2259 1224 2341 quantam

180 2364 402 2438 calamitatem
434 2368 561 2437 civitati
588 2365 792 2455 intulissent,
817 2369 852 2437 in
880 2368 1087 2437 Britanniam
1111 2363 1226 2462 prolu-

181 2483 279 2577 gisse.
300 2489 417 2556 Petere
436 2513 503 2557 non
528 2485 636 2556 solum
652 2485 862 2574 Bellovacos,
882 2486 939 2556 sed
967 2487 1066 2556 etiam
1088 2510 1152 2580 pro
1173 2484 1226 2554 his

181 2604 322 2691 AEduos,
339 2620 376 2673 ut
390 2631 448 2675 sua
462 2605 637 2675 elementia
653 2631 691 2677 ao
706 2604 959 2676 mansuetudine
975 2608 1010 2674 in
1023 2591 1081 2674 eos
1100 2617 1226 2672 utatur.

184 2723 287 2812 Quod
314 2726 340 2794 si
368 2725 497 2810 fecerit,
527 2725 710 2797 AEduorum
741 2727 973 2796 auctoritatem
998 2723 1087 2819 apud
1111 2747 1228 2793 omnes

184 2841 305 2939 Belgas
323 2842 601 2939 amplificaturum
626 2873 633 2915 :
655 2872 798 2941 quorum
818 2845 950 2916 auxiliis
970 2861 1071 2940 atque
1089 2845 1228 2939 opibus,

184 2966 293 3059 siqua
313 2963 399 3034 bella
417 2947 607 3052 inciderint,
624 2981 808 3038 sustentare
823 2968 1025 3036 consuerint.
1042 2995 1059 3030 n

237 3087 311 3156 XV.
333 3089 460 3174 Caesar,
475 3087 612 3157 honoris
627 3087 781 3157 Divitiaei
800 3101 901 3181 atque
915 3086 1100 3155 AEduorum
1115 3109 1231 3171 causa,

188 3231 258 3277 esse
277 3231 332 3276 eos
354 3209 388 3276 iu
410 3207 510 3278 fidem
538 3222 749 3302 recepturum
773 3223 808 3276 et
829 3221 1101 3276 conservaturum
1124 3203 1230 3273 dixit:

189 3326 265 3414 sed,
287 3327 377 3421 quod
398 3342 469 3398 erat
487 3329 603 3397 civitas
628 3351 747 3422 magna
772 3328 859 3396 inter
880 3323 997 3421 Belgas
1015 3325 1232 3410 auctoritate,

191 3463 290 3541 atque
309 3450 483 3518 hominum
509 3446 723 3517 multitudine
743 3449 938 3542 prestabat,
960 3471 1006 3517 nc
1025 3442 1154 3515 obsides
1173 3467 1235 3538 po·

192 3572 306 3664 poscit.
333 3571 393 3638 His
418 3567 563 3657 traditis,
585 3567 804 3662 omnibusque
830 3567 931 3636 armis
957 3590 1000 3634 ex
1024 3562 1149 3658 oppido
1168 3562 1236 3632 col-

193 3688 285 3778 latis,
302 3691 343 3760 ab
361 3715 401 3760 eo
425 3688 501 3760 loco
523 3691 558 3757 in
575 3688 658 3758 fines
678 3687 919 3757 Ambianorum
937 3683 1103 3779 pervenit,
1124 3682 1183 3775 qui
1202 3707 1236 3750 se

194 3838 318 3908 suaque
332 3815 445 3884 omnia
458 3815 530 3883 sine
546 3835 639 3879 mora
656 3809 864 3878 dediderunt.
883 3809 1007 3875 Eorum
1025 3805 1106 3873 fines
1121 3803 1237 3872 Nervii

195 3935 414 4028 attingebant3
432 3957 574 4026 quorum
590 3931 631 3998 de
642 3943 762 4000 natura
778 3927 992 4019 moribusque
1008 3927 1118 3995 Caesar
1130 3947 1233 4017 quum
