3020 4768
291 305 328 362 so
423 285 474 360 'c
492 303 589 360 sunu
609 285 770 358 castrus
792 303 1153 362 courmumnronuu

293 431 381 499 horis
399 453 437 516 v,
454 430 621 521 nostrique
640 429 771 522 gravius
795 453 814 495 a
839 427 1049 498 multitudine
1067 447 1315 524 premerentur,

291 550 493 641 consumptis
511 547 663 616 omnibus
673 546 744 616 telis
756 599 765 634 ,
775 546 890 640 gladiis
901 547 1070 636 districtis,
1085 551 1242 643 impetum
1258 553 1317 619 ad·

189 701 191 706 v
292 689 401 735 versus
420 681 564 734 montem
583 667 617 732 in
635 665 785 733 cohortes
807 665 948 754 faciunt,
966 670 1144 762 paucisque
1163 667 1315 761 dejectis,

291 784 434 878 reliquos
454 807 521 853 sese
536 799 725 853 convertere
749 799 881 878 cogunt.
907 787 1073 856 Submotis
1097 789 1157 858 sub
1181 813 1314 858 murum

284 905 496 989 cohortibus,
516 929 554 973 ac
573 902 732 973 nonnulla
755 919 848 997 parte
862 919 999 998 propter
1017 919 1176 976 terrorem
1198 909 1233 976 in
1253 933 1314 1002 op-

291 1025 406 1119 pidum
436 1022 628 1117 compulsis,
659 1022 762 1092 facilis
795 1039 845 1091 est
874 1025 994 1092 nostris
1028 1039 1178 1118 receptus
1208 1025 1313 1097 datus.

293 1145 465 1237 Equitutns
488 1158 597 1211 autern
617 1156 728 1210 noster
746 1143 787 1210 ab
811 1155 952 1234 utroque
970 1142 1084 1231 latere,
1102 1147 1163 1214 etsi
1183 1145 1316 1240 dejectis

293 1277 392 1356 atque
408 1263 617 1330 inferioribus
634 1258 715 1329 locis
737 1263 945 1348 constiterat,
965 1265 1128 1331 tamenin
1150 1288 1316 1336 summum

290 1383 407 1476 jugum
417 1383 538 1450 virtute
554 1381 745 1467 connititur,
762 1395 861 1472 atque
874 1382 961 1449 inter
973 1381 1053 1450 duas
1070 1383 1154 1450 acies
1166 1386 1317 1477 perequi-

293 1516 365 1570 tans
388 1499 643 1570 commodiorem
675 1500 886 1568 astutiorem
906 1502 1026 1568 nostris
1053 1515 1219 1596 receptum
1249 1502 1316 1571 dat.

293 1625 344 1690 Ita
358 1621 451 1690 vario
467 1619 644 1689 certamine
658 1633 840 1712 pugnatum
857 1633 915 1687 est.
931 1620 1044 1688 Nostri
1061 1621 1094 1688 in
1113 1622 1220 1713 primo
1237 1647 1317 1692 con·

293 1764 407 1832 gressu
432 1740 562 1808 circiter
588 1762 654 1808 cxx
673 1737 878 1823 ceciderunt3
898 1739 933 1805 in
951 1739 1002 1806 his
1019 1740 1061 1828 Q.
1086 1737 1256 1833 Fulginius
1277 1767 1317 1810 ex

295 1861 401 1952 primo
412 1860 545 1928 ‘hastato
564 1857 700 1953 legionis
718 1881 788 1944 xlv,
807 1860 880 1950 qui,
898 1872 1033 1951 propter
1049 1859 1201 1947 eximiam
1215 1863 1318 1930 virtu-

295 1991 377 2062 tem,
396 2002 436 2044 ex
448 1977 654 2046 inferioribus
669 1975 840 2045 ordinibus
854 1977 888 2044 in
900 2000 976 2045 eum
991 1976 1098 2046 locum
1113 1995 1314 2071 pervenerat.

295 2095 520 2166 Vulnerantur
545 2094 684 2188 amplius
711 2119 763 2166 nc.
793 2099 842 2164 Ex
864 2095 1048 2166 Afranianis
1076 2097 1317 2169 interficiuntur

295 2217 333 2284 T.
354 2214 519 2302 Gaecilius,
542 2217 639 2309 primi
657 2213 714 2308 pili
731 2215 897 2300 centurio,
915 2230 949 2283 et
968 2227 1087 2308 praeter
1107 2240 1183 2286 eum
1205 2235 1318 2288 centu

297 2335 405 2404 riones
425 2357 478 2423 rr,
498 2335 616 2403 milites
635 2333 775 2429 amplius
793 2358 842 2405 cc.

285 2489 289 2500 ·
343 2456 480 2524 XLVII.
504 2454 567 2524 Sed
585 2455 654 2523 haec
678 2455 748 2547 ejus
779 2453 842 2522 diei
871 2454 1041 2548 praefertur
1068 2457 1198 2549 opinio,
1220 2471 1258 2524 ut
1280 2483 1315 2526 se

297 2575 427 2668 utrique
452 2576 634 2670 superiores
663 2573 843 2643 discessisse
870 2573 1105 2662 existimarent3
1129 2574 1319 2664 Afraniani,

296 2694 401 2787 quod,
422 2719 525 2788 quum
552 2718 622 2763 esse
646 2693 794 2762 omnium
818 2692 942 2786 judicio
968 2694 1138 2763 inferiores
1168 2693 1318 2764 videren-

297 2829 366 2901 tur,
380 2815 528 2884 cominus
546 2827 612 2882 tam
631 2812 688 2881 diu
707 2815 884 2900 stetissent,
902 2828 934 2882 et
952 2829 1139 2883 nostrorum
1158 2815 1317 2907 impetum

297 2934 540 3019 sustinuissent,
565 2946 598 3002 et
625 2933 719 3000 initio
737 2931 844 3001 locum
871 2929 1099 3027 tumulumque
1126 2934 1318 3021 tenuissent,

298 3075 370 3144 quae
385 3075 484 3120 causa
499 3050 667 3147 pugnandi
686 3050 811 3135 fuerat,
829 3065 861 3122 et
876 3065 1005 3119 nostros
1022 3054 1131 3146 primo
1143 3074 1318 3148 congressu

297 3184 389 3265 terga
415 3185 543 3240 vertere
568 3171 761 3266 coegissent3
790 3171 894 3240 nostri
926 3183 1052 3257 autern,
1075 3171 1181 3262 quod,
1204 3174 1319 3265 iniquo

298 3287 371 3358 loco
402 3305 502 3383 atque
532 3291 650 3384 impari
680 3292 844 3386 congressi
868 3312 1020 3376 numero,
1054 3292 1201 3382 quinque
1230 3291 1321 3356 horis

200 3445 205 3451 ¹
298 3406 450 3503 proelium
470 3411 715 3499 sustinuissent,
737 3410 827 3503 quod
853 3424 997 3478 montem
1020 3405 1135 3503 gladiis
1162 3405 1318 3476 districtis

298 3529 538 3616 ascendissent,
557 3530 647 3626 quod
664 3556 705 3599 ex
722 3529 794 3599 loco
811 3529 979 3622 superiore
1001 3543 1093 3622 terga
1108 3539 1235 3594 vertere
1264 3524 1321 3593 ad·

298 3651 456 3719 versarios
486 3651 689 3746 coegissent,
716 3664 814 3741 atque
836 3650 870 3716 in
888 3647 1048 3742 oppidum
1072 3643 1318 3740 compulissent.

297 3765 350 3834 Illi
367 3791 441 3836 euru
463 3769 641 3857 tumulum,
658 3792 801 3862 proquo
819 3781 1000 3861 pugnatum
1016 3779 1079 3851 est,
1100 3764 1226 3858 magnis
1247 3787 1322 3857 ope·

298 3885 388 3955 ribus
405 3886 872 3983 munierunt,praesidiumque
886 3885 931 3955 ibi
950 3897 1140 3979 posuerunt.
