3020 4768
467 323 517 378 DE
538 323 659 378 nauto
680 321 794 377 ClVlLl
813 321 882 377 un.
900 322 923 376 1,
1172 323 1208 380 at

186 475 317 522 omnem
330 447 521 518 ulteriorem
538 447 731 539 Hispaniam
747 459 887 516 tueatur.
904 446 964 514 His
978 445 1076 514 rebus
1089 451 1208 518 consti·

186 572 284 657 tutis,
303 569 428 662 equites
442 565 629 659 utriliaque
652 566 714 634 toti
728 565 904 634 Lusitaniae
923 587 942 632 a
959 567 1109 650 Petreio,
1129 565 1205 636 Cel·

185 689 319 769 tiberis,
332 685 523 771 Cantabris,
543 684 760 777 barbarisque
783 683 956 772 omnibus,
973 687 1031 779 qui
1045 685 1087 754 ad
1104 690 1209 756 Ocea·

185 832 267 876 num
278 807 462 903 pertinent,
485 803 526 872 ab
539 803 676 872 Afranio
689 803 901 897 imperantur.
919 804 1049 892 Quibus
1067 805 1208 894 coactis,

185 924 335 996 celeriter
361 924 508 994 Petreius
526 945 586 1015 per
602 925 763 992 Vettones
788 921 830 990 ad
850 921 1023 993 Afranium
1048 925 1206 1017 pervenit.

185 1045 400 1114 Constituunt
415 1043 582 1112 communi
594 1040 751 1129 consilio,
770 1038 891 1110 bellum
901 1041 943 1110 ad
950 1041 1112 1130 ilerdam,
1131 1066 1208 1135 pro·

184 1177 258 1257 pter
273 1163 375 1256 ipsius
395 1159 457 1230 loci
476 1161 776 1255 opportunitatem,
790 1185 913 1254 gerere.

231 1281 388 1350 XXXIX.
407 1282 573 1366 Erant,ut
591 1301 693 1371 supra
705 1277 965 1350 demonstratum
979 1295 1044 1369 est,
1063 1280 1208 1376 legiones

185 1400 314 1472 Afranii
343 1413 429 1485 tres,
451 1398 568 1467 Petreii
594 1397 687 1484 duae,
714 1412 871 1492 praeterea
894 1413 1028 1469 scutatae
1050 1401 1210 1470 citerioris

187 1519 381 1614 provincie,
407 1531 439 1585 et
453 1529 585 1587 cetratae
602 1515 768 1586 ulterioris
789 1517 953 1610 Hispania
970 1519 1122 1588 cohortes
1146 1521 1210 1588 cir·

186 1641 267 1708 citer
278 1663 384 1724 nxxx,
405 1637 553 1729 equitum
577 1636 748 1728 utriusque
766 1637 944 1729 provincie
955 1637 1120 1705 circiterv
1136 1634 1211 1704 mil·

186 1755 239 1826 lia.
255 1761 364 1828 Cesar
377 1752 520 1849 legiones
531 1755 565 1822 in
576 1755 769 1847 Hispaniam
783 1756 1000 1850 premiserat,
1009 1754 1051 1823 ad
1058 1778 1094 1824 vr
1106 1754 1211 1826 millia

186 1876 306 1946 auxilia
320 1875 483 1969 peditum,
496 1875 645 1967 equitum
655 1897 697 1944 nr
710 1871 832 1962 millia,
853 1899 926 1968 quae
940 1875 1092 1946 omnibus
1110 1899 1207 1971 supe·

186 1995 330 2066 rioribus
341 1991 434 2063 bellis
447 1993 629 2078 habuerat,
647 2008 680 2062 et
698 2017 812 2087 parem
827 2014 868 2064 ex
887 1992 997 2065 Gallia
1018 1998 1210 2084 numerum,

185 2139 288 2207 quem
302 2115 372 2208 ipse
385 2126 572 2207 paraverat,
594 2114 789 2182 nominatim
803 2137 843 2182 ex
857 2113 1009 2183 omnibus
1025 2114 1211 2186 civitatibus

186 2231 390 2303 nobilissimo
417 2247 449 2302 et
476 2233 652 2302 fortissimo
672 2257 806 2326 quoque
825 2247 970 2301 evocato.
990 2234 1077 2302 Hinc
1094 2234 1210 2327 optimi

187 2353 314 2447 generis
343 2353 494 2422 homines
520 2376 561 2420 ex
587 2353 761 2445 Aquitanis
780 2353 1027 2444 montanisque,
1051 2354 1110 2445 qui
1129 2351 1210 2422 Gal·

187 2469 262 2540 liam
290 2472 496 2565 provinciam
525 2471 702 2562 attingunt.
731 2468 908 2554 Audierat,
933 2472 1126 2564 Pompeium
1151 2495 1211 2564 per

186 2591 422 2660 Mauritaniam
446 2613 521 2658 cum
548 2586 732 2681 legionibus
747 2588 857 2656 iterio
875 2589 1067 2682 Hispaniam
1086 2587 1211 2674 lacere,

186 2708 421 2800 confestimque
441 2729 512 2775 esse
532 2717 736 2772 venturum:
755 2701 851 2772 simul
871 2727 890 2772 a
911 2705 1051 2774 tribunis
1070 2705 1210 2775 militnm
1258 2787 1261 2796 y

186 2825 498 2917 centurionibusque
516 2836 646 2892 mutuas
667 2823 822 2918 pecunias
846 2824 985 2916 sumpsit
1010 2848 1018 2891 ε
1039 2823 1100 2894 bas
1119 2849 1211 2893 erer-

186 2946 266 3015 citui
298 2944 475 3014 distribuit.
503 2945 581 3032 Quo
609 2941 714 3026 lacto,
744 2942 826 3013 duae
853 2967 905 3015 res
925 2957 1119 3014 consecutus
1144 2959 1211 3032 est,

187 3063 275 3154 quod
301 3065 440 3158 pignore
464 3063 591 3132 animos
616 3063 847 3132 centurionum
871 3063 1035 3150 devinxit,
1059 3077 1093 3132 et
1111 3059 1210 3158 largi·

187 3183 278 3252 tione
294 3182 432 3252 redemit
447 3180 589 3252 militum
607 3179 804 3252 uoluntates.

232 3303 304 3372 XL.
320 3301 440 3372 Fabius
448 3300 663 3371 finitimarum
677 3301 846 3370 civitatum
860 3305 987 3373 animos
999 3302 1116 3374 litteris
1129 3329 1210 3374 nun·

187 3423 305 3514 tiisque
319 3420 475 3490 tentabat.
485 3421 526 3488 In
536 3419 648 3488 Sicore
662 3419 798 3488 flumine
811 3437 929 3516 pontes
943 3423 1097 3494 effecerat
1112 3421 1208 3502 duos,
1285 3461 1288 3469 =

186 3542 272 3612 inter
290 3563 324 3610 se
347 3539 505 3610 distantes
530 3536 634 3608 millia
651 3563 807 3632 passuum
824 3564 871 3611 ιν.
896 3545 956 3611 His
977 3545 1133 3637 pontibus
1153 3567 1211 3636 pa·

185 3656 335 3728 bulaturn
350 3657 516 3745 mittebat;
532 3657 622 3752 quod
639 3682 691 3747 ca,
710 3683 783 3754 quse
811 3661 893 3728 citra
916 3659 1038 3730 flumen
1059 3661 1209 3746 suerunt,

184 3777 408 3868 superioribus
422 3775 538 3848 diebus
552 3794 808 3874 consumpserat
823 3784 895 3849 Hoc
912 3778 998 3848 idem
1013 3780 1098 3868 sere,
1111 3791 1211 3873 atque
1275 3767 1280 3774 ⁶

186 3893 298 3963 eadem
319 3896 361 3964 de
382 3921 496 3985 mma,
523 3900 713 3993 Pompeiani
732 3901 892 3970 exercitus
910 3897 1009 3968 duces
1027 3898 1210 3984 faciebant,
