<?xml version="1.0" encoding="UTF-8"?>
<!DOCTYPE html PUBLIC "-//W3C//DTD XHTML 1.0 Transitional//EN"
    "http://www.w3.org/TR/xhtml1/DTD/xhtml1-transitional.dtd">
<html xmlns="http://www.w3.org/1999/xhtml" xml:lang="en" lang="en">
 <head>
  <title>
</title>
<meta http-equiv="Content-Type" content="text/html;charset=utf-8" />
  <meta name='ocr-system' content='tesseract 3.04.00' />
  <meta name='ocr-capabilities' content='ocr_page ocr_carea ocr_par ocr_line ocrx_word'/>
</head>
<body>
  <div class='ocr_page' id='page_1' title='image "./cjcaesarisopera00caesgoog_0195.png"; bbox 0 0 3086 4766; ppageno 0'>
   <div class='ocr_carea' id='block_1_1' title="bbox 471 341 1267 413">
    <p class='ocr_par' dir='ltr' id='par_1_1' title="bbox 471 341 1267 413">
     <span class='ocr_line' id='line_1_1' title="bbox 471 341 1267 413; baseline 0.008 -15"><span class='ocrx_word' id='word_1_1' title='bbox 471 343 520 404; x_wconf 74' lang='grc' dir='ltr'><strong>ΠΕ</strong></span> <span class='ocrx_word' id='word_1_2' title='bbox 540 342 659 398; x_wconf 84' lang='lat' dir='ltr'>BELLO</span> <span class='ocrx_word' id='word_1_3' title='bbox 681 341 844 398; x_wconf 76' lang='lat' dir='ltr'>GALLICO</span> <span class='ocrx_word' id='word_1_4' title='bbox 867 344 936 400; x_wconf 87' lang='lat' dir='ltr'>LIB.</span> <span class='ocrx_word' id='word_1_5' title='bbox 952 345 1015 400; x_wconf 91' lang='lat' dir='ltr'><strong>Vll.</strong></span> <span class='ocrx_word' id='word_1_6' title='bbox 1219 351 1267 413; x_wconf 73' lang='lat'><strong>¹73</strong></span> 
     </span>
    </p>
   </div>
   <div class='ocr_carea' id='block_1_2' title="bbox 124 465 1312 1760">
    <p class='ocr_par' dir='ltr' id='par_1_2' title="bbox 124 465 1312 1760">
     <span class='ocr_line' id='line_1_2' title="bbox 275 465 1272 564; baseline 0 -28"><span class='ocrx_word' id='word_1_7' title='bbox 275 470 368 536; x_wconf 85' lang='lat' dir='ltr'><strong>xlx.</strong></span> <span class='ocrx_word' id='word_1_8' title='bbox 388 465 491 535; x_wconf 90' lang='lat' dir='ltr'><strong>Collis</strong></span> <span class='ocrx_word' id='word_1_9' title='bbox 512 481 583 536; x_wconf 86' lang='lat' dir='ltr'><strong>erat</strong></span> <span class='ocrx_word' id='word_1_10' title='bbox 603 466 722 536; x_wconf 89' lang='lat' dir='ltr'><strong>leuiter</strong></span> <span class='ocrx_word' id='word_1_11' title='bbox 742 467 783 536; x_wconf 89' lang='lat' dir='ltr'><strong>ab</strong></span> <span class='ocrx_word' id='word_1_12' title='bbox 807 469 922 564; x_wconf 86' lang='lat' dir='ltr'><strong>infimo</strong></span> <span class='ocrx_word' id='word_1_13' title='bbox 944 468 1078 538; x_wconf 76' lang='lat' dir='ltr'>acclivis</span> <span class='ocrx_word' id='word_1_14' title='bbox 1097 473 1213 538; x_wconf 75' lang='lat' dir='ltr'><strong>:launo</strong></span> <span class='ocrx_word' id='word_1_15' title='bbox 1233 493 1272 536; x_wconf 87' lang='lat' dir='ltr'><strong>ex</strong></span> 
     </span>
     <span class='ocr_line' id='line_1_3' title="bbox 227 585 1274 681; baseline 0.001 -27"><span class='ocrx_word' id='word_1_16' title='bbox 227 587 382 655; x_wconf 88' lang='lat' dir='ltr'><strong>omnibus</strong></span> <span class='ocrx_word' id='word_1_17' title='bbox 398 585 468 654; x_wconf 88' lang='lat' dir='ltr'><strong>sere</strong></span> <span class='ocrx_word' id='word_1_18' title='bbox 485 585 636 680; x_wconf 91' lang='lat' dir='ltr'><strong>partibus</strong></span> <span class='ocrx_word' id='word_1_19' title='bbox 650 585 746 680; x_wconf 89' lang='lat' dir='ltr'><strong>palus</strong></span> <span class='ocrx_word' id='word_1_20' title='bbox 760 585 905 658; x_wconf 90' lang='lat' dir='ltr'><strong>difficilis</strong></span> <span class='ocrx_word' id='word_1_21' title='bbox 919 603 1020 681; x_wconf 85' lang='lat' dir='ltr'><strong>atque</strong></span> <span class='ocrx_word' id='word_1_22' title='bbox 1034 587 1192 680; x_wconf 88' lang='lat' dir='ltr'><strong>impedita</strong></span> <span class='ocrx_word' id='word_1_23' title='bbox 1203 589 1274 658; x_wconf 81' lang='lat' dir='ltr'><strong>ciu-</strong></span> 
     </span>
     <span class='ocr_line' id='line_1_4' title="bbox 227 701 1275 800; baseline 0 -26"><span class='ocrx_word' id='word_1_24' title='bbox 227 701 345 800; x_wconf 82' lang='lat' dir='ltr'><strong>geba&#39;t,</strong></span> <span class='ocrx_word' id='word_1_25' title='bbox 371 729 439 772; x_wconf 90' lang='lat' dir='ltr'><strong>non</strong></span> <span class='ocrx_word' id='word_1_26' title='bbox 459 703 559 774; x_wconf 91' lang='lat' dir='ltr'><strong>latior</strong></span> <span class='ocrx_word' id='word_1_27' title='bbox 578 705 717 799; x_wconf 89' lang='lat' dir='ltr'><strong>pedibus</strong></span> <span class='ocrx_word' id='word_1_28' title='bbox 744 732 774 776; x_wconf 81' lang='lat'><strong>1..</strong></span> <span class='ocrx_word' id='word_1_29' title='bbox 799 710 872 776; x_wconf 91' lang='lat' dir='ltr'><strong>Hoc</strong></span> <span class='ocrx_word' id='word_1_30' title='bbox 898 733 932 776; x_wconf 93' lang='lat' dir='ltr'><strong>se</strong></span> <span class='ocrx_word' id='word_1_31' title='bbox 952 705 1053 794; x_wconf 91' lang='lat' dir='ltr'><strong>colle,</strong></span> <span class='ocrx_word' id='word_1_32' title='bbox 1079 708 1275 800; x_wconf 79' lang='lat' dir='ltr'><strong>interruptis</strong></span> 
     </span>
     <span class='ocr_line' id='line_1_5' title="bbox 226 823 1276 922; baseline 0 -28"><span class='ocrx_word' id='word_1_33' title='bbox 226 825 403 918; x_wconf 88' lang='lat' dir='ltr'><strong>pontibus,</strong></span> <span class='ocrx_word' id='word_1_34' title='bbox 425 823 514 894; x_wconf 92' lang='lat' dir='ltr'><strong>Galli</strong></span> <span class='ocrx_word' id='word_1_35' title='bbox 537 825 658 896; x_wconf 88' lang='lat' dir='ltr'><strong>fiducia</strong></span> <span class='ocrx_word' id='word_1_36' title='bbox 679 825 1003 914; x_wconf 63' lang='lat' dir='ltr'><strong>loci&#39;continebant3</strong></span> <span class='ocrx_word' id='word_1_37' title='bbox 1025 829 1276 922; x_wconf 79' lang='lat' dir='ltr'><strong>generatimque</strong></span> 
     </span>
     <span class='ocr_line' id='line_1_6' title="bbox 228 944 1276 1040; baseline 0.002 -28"><span class='ocrx_word' id='word_1_38' title='bbox 228 945 398 1014; x_wconf 89' lang='lat' dir='ltr'><strong>distributi</strong></span> <span class='ocrx_word' id='word_1_39' title='bbox 420 944 453 1012; x_wconf 91' lang='lat' dir='ltr'><strong>in</strong></span> <span class='ocrx_word' id='word_1_40' title='bbox 470 947 639 1033; x_wconf 88' lang='lat' dir='ltr'><strong>civitates,</strong></span> <span class='ocrx_word' id='word_1_41' title='bbox 657 949 770 1015; x_wconf 90' lang='lat' dir='ltr'><strong>omnia</strong></span> <span class='ocrx_word' id='word_1_42' title='bbox 785 945 869 1017; x_wconf 90' lang='lat' dir='ltr'><strong>vada</strong></span> <span class='ocrx_word' id='word_1_43' title='bbox 883 973 921 1016; x_wconf 88' lang='lat' dir='ltr'><strong>ac</strong></span> <span class='ocrx_word' id='word_1_44' title='bbox 938 946 1041 1016; x_wconf 89' lang='lat' dir='ltr'><strong>saltus</strong></span> <span class='ocrx_word' id='word_1_45' title='bbox 1057 947 1128 1040; x_wconf 83' lang='lat' dir='ltr'><strong>ejus</strong></span> <span class='ocrx_word' id='word_1_46' title='bbox 1145 944 1276 1040; x_wconf 88' lang='lat' dir='ltr'><strong>paludis</strong></span> 
     </span>
     <span class='ocr_line' id='line_1_7' title="bbox 124 1055 1277 1160; baseline 0.002 -28"><span class='ocrx_word' id='word_1_47' title='bbox 124 1055 129 1064; x_wconf 71' lang='grc'>’</span> <span class='ocrx_word' id='word_1_48' title='bbox 229 1067 328 1134; x_wconf 88' lang='lat' dir='ltr'><strong>certis</strong></span> <span class='ocrx_word' id='word_1_49' title='bbox 353 1063 547 1134; x_wconf 87' lang='lat' dir='ltr'><strong>custodibus</strong></span> <span class='ocrx_word' id='word_1_50' title='bbox 567 1067 785 1152; x_wconf 89' lang='lat' dir='ltr'><strong>obtinebant,</strong></span> <span class='ocrx_word' id='word_1_51' title='bbox 809 1069 856 1136; x_wconf 90' lang='lat' dir='ltr'><strong>sic</strong></span> <span class='ocrx_word' id='word_1_52' title='bbox 882 1069 997 1136; x_wconf 91' lang='lat' dir='ltr'><strong>animo</strong></span> <span class='ocrx_word' id='word_1_53' title='bbox 1018 1068 1148 1160; x_wconf 88' lang='lat' dir='ltr'><strong>parati,</strong></span> <span class='ocrx_word' id='word_1_54' title='bbox 1172 1080 1229 1152; x_wconf 91' lang='lat' dir='ltr'><strong>ut,</strong></span> <span class='ocrx_word' id='word_1_55' title='bbox 1249 1067 1277 1134; x_wconf 90' lang='lat' dir='ltr'><strong>si</strong></span> 
     </span>
     <span class='ocr_line' id='line_1_8' title="bbox 228 1184 1312 1281; baseline 0.003 -28"><span class='ocrx_word' id='word_1_56' title='bbox 228 1209 301 1253; x_wconf 90' lang='lat' dir='ltr'><strong>eam</strong></span> <span class='ocrx_word' id='word_1_57' title='bbox 314 1184 472 1280; x_wconf 85' lang='lat' dir='ltr'><strong>paludem</strong></span> <span class='ocrx_word' id='word_1_58' title='bbox 488 1187 633 1256; x_wconf 86' lang='lat' dir='ltr'><strong>Romani</strong></span> <span class='ocrx_word' id='word_1_59' title='bbox 650 1211 868 1281; x_wconf 87' lang='lat' dir='ltr'><strong>perrumpere</strong></span> <span class='ocrx_word' id='word_1_60' title='bbox 884 1201 1102 1272; x_wconf 79' lang='lat' dir='ltr'><strong>conarentur,</strong></span> <span class='ocrx_word' id='word_1_61' title='bbox 1120 1186 1279 1256; x_wconf 76' lang='lat' dir='ltr'><strong>baesitan·</strong></span> <span class='ocrx_word' id='word_1_62' title='bbox 1305 1201 1312 1214; x_wconf 88' lang='grc'><strong>“</strong></span> 
     </span>
     <span class='ocr_line' id='line_1_9' title="bbox 228 1303 1276 1400; baseline 0.004 -28"><span class='ocrx_word' id='word_1_63' title='bbox 228 1320 278 1374; x_wconf 92' lang='lat' dir='ltr'><strong>tes</strong></span> <span class='ocrx_word' id='word_1_64' title='bbox 289 1322 479 1399; x_wconf 88' lang='lat' dir='ltr'><strong>premerent</strong></span> <span class='ocrx_word' id='word_1_65' title='bbox 492 1331 533 1374; x_wconf 81' lang='lat' dir='ltr'><strong>ex</strong></span> <span class='ocrx_word' id='word_1_66' title='bbox 545 1303 619 1374; x_wconf 90' lang='lat' dir='ltr'><strong>loco</strong></span> <span class='ocrx_word' id='word_1_67' title='bbox 636 1307 807 1400; x_wconf 87' lang='lat' dir='ltr'><strong>superiore</strong></span> <span class='ocrx_word' id='word_1_68' title='bbox 823 1331 831 1372; x_wconf 91' lang='lat'>:</span> <span class='ocrx_word' id='word_1_69' title='bbox 847 1321 900 1395; x_wconf 89' lang='lat' dir='ltr'><strong>ut,</strong></span> <span class='ocrx_word' id='word_1_70' title='bbox 913 1307 972 1399; x_wconf 93' lang='lat' dir='ltr'><strong>qui</strong></span> <span class='ocrx_word' id='word_1_71' title='bbox 989 1306 1276 1400; x_wconf 85' lang='lat' dir='ltr'><strong>propinquitatem</strong></span> 
     </span>
     <span class='ocr_line' id='line_1_10' title="bbox 231 1423 1278 1520; baseline 0.003 -28"><span class='ocrx_word' id='word_1_72' title='bbox 231 1423 295 1494; x_wconf 91' lang='lat' dir='ltr'><strong>loci</strong></span> <span class='ocrx_word' id='word_1_73' title='bbox 310 1425 456 1510; x_wconf 86' lang='lat' dir='ltr'><strong>videret,</strong></span> <span class='ocrx_word' id='word_1_74' title='bbox 472 1441 604 1520; x_wconf 90' lang='lat' dir='ltr'><strong>paratos</strong></span> <span class='ocrx_word' id='word_1_75' title='bbox 620 1450 725 1519; x_wconf 91' lang='lat' dir='ltr'><strong>prope</strong></span> <span class='ocrx_word' id='word_1_76' title='bbox 743 1449 838 1520; x_wconf 82' lang='lat' dir='ltr'><strong>aequo</strong></span> <span class='ocrx_word' id='word_1_77' title='bbox 854 1428 966 1494; x_wconf 90' lang='lat' dir='ltr'><strong>Marte</strong></span> <span class='ocrx_word' id='word_1_78' title='bbox 986 1425 1029 1494; x_wconf 89' lang='lat' dir='ltr'><strong>ad</strong></span> <span class='ocrx_word' id='word_1_79' title='bbox 1049 1425 1278 1496; x_wconf 87' lang='lat' dir='ltr'><strong>dimicandum</strong></span> 
     </span>
     <span class='ocr_line' id='line_1_11' title="bbox 232 1529 1277 1641; baseline 0.001 -28"><span class='ocrx_word' id='word_1_80' title='bbox 232 1545 457 1632; x_wconf 83' lang='lat' dir='ltr'><strong>existimaret;</strong></span> <span class='ocrx_word' id='word_1_81' title='bbox 488 1547 545 1639; x_wconf 93' lang='lat' dir='ltr'><strong>qui</strong></span> <span class='ocrx_word' id='word_1_82' title='bbox 581 1546 789 1638; x_wconf 89' lang='lat' dir='ltr'><strong>iniquitatem</strong></span> <span class='ocrx_word' id='word_1_83' title='bbox 824 1529 1027 1614; x_wconf 90' lang='lat' dir='ltr'><strong>conditionis</strong></span> <span class='ocrx_word' id='word_1_84' title='bbox 1055 1547 1277 1641; x_wconf 87' lang='lat' dir='ltr'><strong>perspiceret,</strong></span> 
     </span>
     <span class='ocr_line' id='line_1_12' title="bbox 231 1663 1278 1760; baseline 0.001 -27"><span class='ocrx_word' id='word_1_85' title='bbox 231 1667 323 1734; x_wconf 89' lang='lat' dir='ltr'><strong>inani</strong></span> <span class='ocrx_word' id='word_1_86' title='bbox 339 1665 550 1736; x_wconf 88' lang='lat' dir='ltr'><strong>simulatione</strong></span> <span class='ocrx_word' id='word_1_87' title='bbox 559 1691 629 1736; x_wconf 88' lang='lat' dir='ltr'><strong>sese</strong></span> <span class='ocrx_word' id='word_1_88' title='bbox 643 1679 812 1736; x_wconf 83' lang='lat' dir='ltr'><strong>ostentare</strong></span> <span class='ocrx_word' id='word_1_89' title='bbox 822 1679 1047 1760; x_wconf 86' lang='lat' dir='ltr'><strong>cognosceret.</strong></span> <span class='ocrx_word' id='word_1_90' title='bbox 1060 1663 1278 1760; x_wconf 78' lang='lat' dir='ltr'><strong>Indignantes</strong></span> 
     </span>
    </p>
   </div>
   <div class='ocr_carea' id='block_1_3' title="bbox 232 1775 1395 1880">
    <p class='ocr_par' dir='ltr' id='par_1_3' title="bbox 232 1775 1395 1880">
     <span class='ocr_line' id='line_1_13' title="bbox 232 1775 1395 1880; baseline 0 -26"><span class='ocrx_word' id='word_1_91' title='bbox 232 1785 354 1855; x_wconf 87' lang='lat' dir='ltr'><strong>milites</strong></span> <span class='ocrx_word' id='word_1_92' title='bbox 370 1789 497 1869; x_wconf 85' lang='lat' dir='ltr'><strong>Caesar,</strong></span> <span class='ocrx_word' id='word_1_93' title='bbox 512 1786 603 1880; x_wconf 92' lang='lat' dir='ltr'><strong>quod</strong></span> <span class='ocrx_word' id='word_1_94' title='bbox 620 1775 835 1880; x_wconf 81' lang='lat' dir='ltr'><strong>conspectum</strong></span> <span class='ocrx_word' id='word_1_95' title='bbox 856 1810 953 1856; x_wconf 91' lang='lat' dir='ltr'><strong>suum</strong></span> <span class='ocrx_word' id='word_1_96' title='bbox 969 1787 1082 1854; x_wconf 91' lang='lat' dir='ltr'><strong>hostes</strong></span> <span class='ocrx_word' id='word_1_97' title='bbox 1098 1785 1185 1855; x_wconf 87' lang='lat' dir='ltr'><strong>serre</strong></span> <span class='ocrx_word' id='word_1_98' title='bbox 1201 1810 1279 1880; x_wconf 90' lang='lat' dir='ltr'><strong>pos·</strong></span> <span class='ocrx_word' id='word_1_99' title='bbox 1393 1809 1395 1814; x_wconf 89' lang='lat'>·</span> 
     </span>
    </p>
   </div>
   <div class='ocr_carea' id='block_1_4' title="bbox 232 1904 1285 4052">
    <p class='ocr_par' dir='ltr' id='par_1_4' title="bbox 232 1904 1282 2940">
     <span class='ocr_line' id='line_1_14' title="bbox 233 1904 1280 2004; baseline 0.003 -30"><span class='ocrx_word' id='word_1_100' title='bbox 233 1921 324 1994; x_wconf 87' lang='lat' dir='ltr'><strong>sent,</strong></span> <span class='ocrx_word' id='word_1_101' title='bbox 342 1904 475 1976; x_wconf 89' lang='lat' dir='ltr'><strong>tantulo</strong></span> <span class='ocrx_word' id='word_1_102' title='bbox 496 1907 603 2000; x_wconf 90' lang='lat' dir='ltr'><strong>spatio</strong></span> <span class='ocrx_word' id='word_1_103' title='bbox 622 1907 812 1998; x_wconf 89' lang='lat' dir='ltr'><strong>interjecto,</strong></span> <span class='ocrx_word' id='word_1_104' title='bbox 831 1920 864 1974; x_wconf 90' lang='lat' dir='ltr'><strong>et</strong></span> <span class='ocrx_word' id='word_1_105' title='bbox 882 1906 1014 2000; x_wconf 90' lang='lat' dir='ltr'><strong>signum</strong></span> <span class='ocrx_word' id='word_1_106' title='bbox 1034 1905 1144 2001; x_wconf 77' lang='lat' dir='ltr'><strong>proelii</strong></span> <span class='ocrx_word' id='word_1_107' title='bbox 1161 1931 1280 2004; x_wconf 83' lang='lat' dir='ltr'><strong>expos·</strong></span> 
     </span>
     <span class='ocr_line' id='line_1_15' title="bbox 232 2025 1280 2120; baseline 0.001 -24"><span class='ocrx_word' id='word_1_108' title='bbox 232 2043 357 2116; x_wconf 87' lang='lat' dir='ltr'><strong>centes,</strong></span> <span class='ocrx_word' id='word_1_109' title='bbox 375 2026 491 2096; x_wconf 87' lang='lat' dir='ltr'><strong>edocet</strong></span> <span class='ocrx_word' id='word_1_110' title='bbox 508 2056 524 2092; x_wconf 75' lang='lat' dir='ltr'><strong>a</strong></span> <span class='ocrx_word' id='word_1_111' title='bbox 538 2041 665 2120; x_wconf 91' lang='lat' dir='ltr'><strong>quanto</strong></span> <span class='ocrx_word' id='word_1_112' title='bbox 680 2025 881 2115; x_wconf 82' lang='lat' dir='ltr'><strong>detrimento</strong></span> <span class='ocrx_word' id='word_1_113' title='bbox 902 2042 936 2095; x_wconf 90' lang='lat' dir='ltr'><strong>et</strong></span> <span class='ocrx_word' id='word_1_114' title='bbox 947 2041 1029 2120; x_wconf 93' lang='lat' dir='ltr'><strong>quot</strong></span> <span class='ocrx_word' id='word_1_115' title='bbox 1046 2027 1197 2098; x_wconf 78' lang='lat' dir='ltr'><strong>virorum</strong></span> <span class='ocrx_word' id='word_1_116' title='bbox 1214 2029 1280 2098; x_wconf 86' lang='lat' dir='ltr'><strong>lor-</strong></span> 
     </span>
     <span class='ocr_line' id='line_1_16' title="bbox 235 2148 1279 2243; baseline 0.002 -27"><span class='ocrx_word' id='word_1_117' title='bbox 235 2150 318 2217; x_wconf 90' lang='lat' dir='ltr'><strong>tium</strong></span> <span class='ocrx_word' id='word_1_118' title='bbox 338 2163 447 2217; x_wconf 89' lang='lat' dir='ltr'><strong>morte</strong></span> <span class='ocrx_word' id='word_1_119' title='bbox 467 2169 599 2216; x_wconf 84' lang='lat' dir='ltr'><strong>necesse</strong></span> <span class='ocrx_word' id='word_1_120' title='bbox 617 2148 662 2216; x_wconf 89' lang='lat' dir='ltr'><strong>sit</strong></span> <span class='ocrx_word' id='word_1_121' title='bbox 680 2161 831 2216; x_wconf 88' lang='lat' dir='ltr'><strong>constare</strong></span> <span class='ocrx_word' id='word_1_122' title='bbox 853 2148 1026 2215; x_wconf 87' lang='lat' dir='ltr'><strong>victoriam</strong></span> <span class='ocrx_word' id='word_1_123' title='bbox 1043 2173 1051 2218; x_wconf 76' lang='grc' dir='ltr'><strong><em>ε</em></strong></span> <span class='ocrx_word' id='word_1_124' title='bbox 1068 2173 1152 2242; x_wconf 92' lang='lat' dir='ltr'><strong>quos</strong></span> <span class='ocrx_word' id='word_1_125' title='bbox 1175 2174 1279 2243; x_wconf 89' lang='lat' dir='ltr'><strong>quum</strong></span> 
     </span>
     <span class='ocr_line' id='line_1_17' title="bbox 234 2264 1281 2364; baseline 0.001 -27"><span class='ocrx_word' id='word_1_126' title='bbox 234 2269 281 2338; x_wconf 89' lang='lat' dir='ltr'><strong>sic</strong></span> <span class='ocrx_word' id='word_1_127' title='bbox 296 2269 407 2338; x_wconf 91' lang='lat' dir='ltr'><strong>animo</strong></span> <span class='ocrx_word' id='word_1_128' title='bbox 425 2283 558 2363; x_wconf 88' lang='lat' dir='ltr'><strong>paratos</strong></span> <span class='ocrx_word' id='word_1_129' title='bbox 574 2266 700 2354; x_wconf 86' lang='lat' dir='ltr'><strong>rideat,</strong></span> <span class='ocrx_word' id='word_1_130' title='bbox 723 2280 760 2334; x_wconf 91' lang='lat' dir='ltr'><strong>ut</strong></span> <span class='ocrx_word' id='word_1_131' title='bbox 776 2264 907 2364; x_wconf 87' lang='lat' dir='ltr'><strong>nullum</strong></span> <span class='ocrx_word' id='word_1_132' title='bbox 926 2291 988 2361; x_wconf 93' lang='lat' dir='ltr'><strong>pro</strong></span> <span class='ocrx_word' id='word_1_133' title='bbox 1005 2293 1064 2337; x_wconf 89' lang='lat' dir='ltr'><strong>sua</strong></span> <span class='ocrx_word' id='word_1_134' title='bbox 1079 2266 1177 2337; x_wconf 92' lang='lat' dir='ltr'><strong>laude</strong></span> <span class='ocrx_word' id='word_1_135' title='bbox 1194 2271 1281 2364; x_wconf 92' lang='lat' dir='ltr'><strong>peri·</strong></span> 
     </span>
     <span class='ocr_line' id='line_1_18' title="bbox 234 2387 1280 2479; baseline 0.002 -23"><span class='ocrx_word' id='word_1_136' title='bbox 234 2387 347 2458; x_wconf 87' lang='lat' dir='ltr'><strong>culum</strong></span> <span class='ocrx_word' id='word_1_137' title='bbox 369 2402 543 2474; x_wconf 86' lang='lat' dir='ltr'><strong>recusent,</strong></span> <span class='ocrx_word' id='word_1_138' title='bbox 565 2412 702 2457; x_wconf 75' lang='lat' dir='ltr'><strong>summa</strong></span> <span class='ocrx_word' id='word_1_139' title='bbox 724 2411 758 2454; x_wconf 92' lang='lat' dir='ltr'><strong>se</strong></span> <span class='ocrx_word' id='word_1_140' title='bbox 782 2387 966 2479; x_wconf 88' lang='lat' dir='ltr'><strong>iniquitatis</strong></span> <span class='ocrx_word' id='word_1_141' title='bbox 985 2387 1200 2458; x_wconf 89' lang='lat' dir='ltr'><strong>condemnari</strong></span> <span class='ocrx_word' id='word_1_142' title='bbox 1223 2389 1280 2458; x_wconf 91' lang='lat' dir='ltr'><strong>de-</strong></span> 
     </span>
     <span class='ocr_line' id='line_1_19' title="bbox 235 2503 1281 2595; baseline -0.006 -18"><span class='ocrx_word' id='word_1_143' title='bbox 235 2509 326 2595; x_wconf 92' lang='lat' dir='ltr'><strong>bere,</strong></span> <span class='ocrx_word' id='word_1_144' title='bbox 341 2510 404 2579; x_wconf 90' lang='lat' dir='ltr'><strong>nisi</strong></span> <span class='ocrx_word' id='word_1_145' title='bbox 421 2533 538 2578; x_wconf 89' lang='lat' dir='ltr'><strong>eorum</strong></span> <span class='ocrx_word' id='word_1_146' title='bbox 553 2510 658 2576; x_wconf 85' lang='lat' dir='ltr'><strong>vitam</strong></span> <span class='ocrx_word' id='word_1_147' title='bbox 672 2531 732 2575; x_wconf 89' lang='lat' dir='ltr'><strong>sua</strong></span> <span class='ocrx_word' id='word_1_148' title='bbox 751 2503 859 2574; x_wconf 89' lang='lat' dir='ltr'><strong>salute</strong></span> <span class='ocrx_word' id='word_1_149' title='bbox 875 2506 996 2576; x_wconf 89' lang='lat' dir='ltr'><strong>habeat</strong></span> <span class='ocrx_word' id='word_1_150' title='bbox 1010 2509 1212 2576; x_wconf 75' lang='lat' dir='ltr'><strong>cariorem.»</strong></span> <span class='ocrx_word' id='word_1_151' title='bbox 1226 2510 1281 2577; x_wconf 88' lang='lat' dir='ltr'><strong>Sic</strong></span> 
     </span>
     <span class='ocr_line' id='line_1_20' title="bbox 239 2624 1282 2720; baseline -0.001 -23"><span class='ocrx_word' id='word_1_152' title='bbox 239 2628 358 2699; x_wconf 84' lang='lat' dir='ltr'><strong>milites</strong></span> <span class='ocrx_word' id='word_1_153' title='bbox 375 2627 579 2716; x_wconf 87' lang='lat' dir='ltr'><strong>consolatus,</strong></span> <span class='ocrx_word' id='word_1_154' title='bbox 600 2627 717 2696; x_wconf 91' lang='lat' dir='ltr'><strong>eodem</strong></span> <span class='ocrx_word' id='word_1_155' title='bbox 735 2625 789 2694; x_wconf 91' lang='lat' dir='ltr'><strong>die</strong></span> <span class='ocrx_word' id='word_1_156' title='bbox 808 2626 941 2694; x_wconf 89' lang='lat' dir='ltr'><strong>reducit</strong></span> <span class='ocrx_word' id='word_1_157' title='bbox 956 2627 991 2694; x_wconf 91' lang='lat' dir='ltr'><strong>in</strong></span> <span class='ocrx_word' id='word_1_158' title='bbox 1009 2641 1131 2711; x_wconf 87' lang='lat' dir='ltr'><strong>castra;</strong></span> <span class='ocrx_word' id='word_1_159' title='bbox 1153 2624 1282 2720; x_wconf 88' lang='lat' dir='ltr'><strong>reliqua</strong></span> 
     </span>
     <span class='ocr_line' id='line_1_21' title="bbox 236 2743 1282 2842; baseline 0.002 -26"><span class='ocrx_word' id='word_1_160' title='bbox 236 2773 309 2842; x_wconf 79' lang='lat' dir='ltr'><strong>quar</strong></span> <span class='ocrx_word' id='word_1_161' title='bbox 325 2747 367 2817; x_wconf 91' lang='lat' dir='ltr'><strong>ad</strong></span> <span class='ocrx_word' id='word_1_162' title='bbox 380 2748 665 2842; x_wconf 81' lang='lat' dir='ltr'><strong>oppugnationem</strong></span> <span class='ocrx_word' id='word_1_163' title='bbox 677 2743 791 2840; x_wconf 92' lang='lat' dir='ltr'><strong>oppidi</strong></span> <span class='ocrx_word' id='word_1_164' title='bbox 804 2746 1035 2840; x_wconf 89' lang='lat' dir='ltr'><strong>pertinebant,</strong></span> <span class='ocrx_word' id='word_1_165' title='bbox 1048 2745 1282 2820; x_wconf 83' lang='lat' dir='ltr'><strong>administrare</strong></span> 
     </span>
     <span class='ocr_line' id='line_1_22' title="bbox 238 2870 394 2940; baseline 0 -3"><span class='ocrx_word' id='word_1_166' title='bbox 238 2870 394 2940; x_wconf 87' lang='lat' dir='ltr'><strong>instituit.</strong></span> 
     </span>
    </p>

    <p class='ocr_par' dir='ltr' id='par_1_5' title="bbox 238 2986 1285 4052">
     <span class='ocr_line' id='line_1_23' title="bbox 284 2986 1281 3083; baseline 0.001 -23"><span class='ocrx_word' id='word_1_167' title='bbox 284 2991 360 3060; x_wconf 83' lang='lat' dir='ltr'><strong>XX.</strong></span> <span class='ocrx_word' id='word_1_168' title='bbox 379 2989 650 3083; x_wconf 83' lang='lat' dir='ltr'><strong>Vercingetorix,</strong></span> <span class='ocrx_word' id='word_1_169' title='bbox 666 3012 770 3080; x_wconf 91' lang='lat' dir='ltr'><strong>quum</strong></span> <span class='ocrx_word' id='word_1_170' title='bbox 788 2987 830 3056; x_wconf 91' lang='lat' dir='ltr'><strong>ad</strong></span> <span class='ocrx_word' id='word_1_171' title='bbox 850 3012 926 3056; x_wconf 91' lang='lat' dir='ltr'><strong>suos</strong></span> <span class='ocrx_word' id='word_1_172' title='bbox 946 2986 1101 3077; x_wconf 87' lang='lat' dir='ltr'><strong>redisset,</strong></span> <span class='ocrx_word' id='word_1_173' title='bbox 1118 2989 1281 3083; x_wconf 88' lang='lat' dir='ltr'><strong>proditio·</strong></span> 
     </span>
     <span class='ocr_line' id='line_1_24' title="bbox 238 3107 1281 3203; baseline 0.002 -25"><span class='ocrx_word' id='word_1_174' title='bbox 238 3112 289 3178; x_wconf 89' lang='lat' dir='ltr'><strong>nis</strong></span> <span class='ocrx_word' id='word_1_175' title='bbox 304 3107 531 3195; x_wconf 87' lang='lat' dir='ltr'><strong>insimulatus,</strong></span> <span class='ocrx_word' id='word_1_176' title='bbox 546 3107 637 3203; x_wconf 92' lang='lat' dir='ltr'><strong>quod</strong></span> <span class='ocrx_word' id='word_1_177' title='bbox 650 3121 756 3176; x_wconf 87' lang='lat' dir='ltr'><strong>castra</strong></span> <span class='ocrx_word' id='word_1_178' title='bbox 771 3108 906 3202; x_wconf 92' lang='lat' dir='ltr'><strong>propius</strong></span> <span class='ocrx_word' id='word_1_179' title='bbox 923 3110 1092 3178; x_wconf 87' lang='lat' dir='ltr'><strong>Romanos</strong></span> <span class='ocrx_word' id='word_1_180' title='bbox 1109 3112 1281 3199; x_wconf 86' lang='lat' dir='ltr'><strong>movisset,</strong></span> 
     </span>
     <span class='ocr_line' id='line_1_25' title="bbox 238 3227 1282 3326; baseline 0 -26"><span class='ocrx_word' id='word_1_181' title='bbox 238 3231 328 3326; x_wconf 91' lang='lat' dir='ltr'><strong>quod</strong></span> <span class='ocrx_word' id='word_1_182' title='bbox 345 3255 422 3300; x_wconf 91' lang='lat' dir='ltr'><strong>cum</strong></span> <span class='ocrx_word' id='word_1_183' title='bbox 439 3231 532 3299; x_wconf 91' lang='lat' dir='ltr'><strong>omni</strong></span> <span class='ocrx_word' id='word_1_184' title='bbox 550 3231 701 3323; x_wconf 89' lang='lat' dir='ltr'><strong>equitatu</strong></span> <span class='ocrx_word' id='word_1_185' title='bbox 719 3227 934 3315; x_wconf 88' lang='lat' dir='ltr'><strong>discessisset,</strong></span> <span class='ocrx_word' id='word_1_186' title='bbox 948 3229 1039 3320; x_wconf 92' lang='lat' dir='ltr'><strong>quod</strong></span> <span class='ocrx_word' id='word_1_187' title='bbox 1055 3231 1125 3299; x_wconf 89' lang='lat' dir='ltr'><strong>sine</strong></span> <span class='ocrx_word' id='word_1_188' title='bbox 1141 3232 1282 3326; x_wconf 90' lang='lat' dir='ltr'><strong>imperio</strong></span> 
     </span>
     <span class='ocr_line' id='line_1_26' title="bbox 239 3348 1282 3447; baseline -0.003 -24"><span class='ocrx_word' id='word_1_189' title='bbox 239 3369 347 3423; x_wconf 78' lang='lat' dir='ltr'><strong>tantan</strong></span> <span class='ocrx_word' id='word_1_190' title='bbox 358 3353 472 3447; x_wconf 90' lang='lat' dir='ltr'><strong>copias</strong></span> <span class='ocrx_word' id='word_1_191' title='bbox 485 3352 686 3443; x_wconf 86' lang='lat' dir='ltr'><strong>reliquisset,</strong></span> <span class='ocrx_word' id='word_1_192' title='bbox 696 3348 787 3443; x_wconf 91' lang='lat' dir='ltr'><strong>quod</strong></span> <span class='ocrx_word' id='word_1_193' title='bbox 796 3350 867 3443; x_wconf 87' lang='lat' dir='ltr'><strong>ejus</strong></span> <span class='ocrx_word' id='word_1_194' title='bbox 876 3348 1021 3418; x_wconf 81' lang='lat' dir='ltr'><strong>discessu</strong></span> <span class='ocrx_word' id='word_1_195' title='bbox 1035 3353 1180 3420; x_wconf 90' lang='lat' dir='ltr'><strong>Romani</strong></span> <span class='ocrx_word' id='word_1_196' title='bbox 1190 3366 1282 3421; x_wconf 87' lang='lat' dir='ltr'><strong>tauta</strong></span> 
     </span>
     <span class='ocr_line' id='line_1_27' title="bbox 240 3471 1285 3568; baseline -0.001 -27"><span class='ocrx_word' id='word_1_197' title='bbox 240 3475 491 3568; x_wconf 89' lang='lat' dir='ltr'><strong>opportunitate</strong></span> <span class='ocrx_word' id='word_1_198' title='bbox 502 3487 537 3542; x_wconf 87' lang='lat' dir='ltr'><strong>et</strong></span> <span class='ocrx_word' id='word_1_199' title='bbox 550 3471 719 3541; x_wconf 86' lang='lat' dir='ltr'><strong>celeritate</strong></span> <span class='ocrx_word' id='word_1_200' title='bbox 731 3471 912 3554; x_wconf 81' lang='lat' dir='ltr'><strong>venissent3</strong></span> <span class='ocrx_word' id='word_1_201' title='bbox 925 3495 992 3539; x_wconf 90' lang='lat' dir='ltr'><strong>non</strong></span> <span class='ocrx_word' id='word_1_202' title='bbox 1007 3471 1077 3541; x_wconf 81' lang='lat' dir='ltr'><strong>baec</strong></span> <span class='ocrx_word' id='word_1_203' title='bbox 1093 3475 1205 3541; x_wconf 89' lang='lat' dir='ltr'><strong>omnia</strong></span> <span class='ocrx_word' id='word_1_204' title='bbox 1218 3472 1285 3542; x_wconf 85' lang='lat' dir='ltr'><strong>for·</strong></span> 
     </span>
     <span class='ocr_line' id='line_1_28' title="bbox 239 3590 1283 3686; baseline 0.001 -25"><span class='ocrx_word' id='word_1_205' title='bbox 239 3595 341 3682; x_wconf 90' lang='lat' dir='ltr'><strong>tuito,</strong></span> <span class='ocrx_word' id='word_1_206' title='bbox 361 3609 420 3663; x_wconf 90' lang='lat' dir='ltr'><strong>aut</strong></span> <span class='ocrx_word' id='word_1_207' title='bbox 436 3595 507 3663; x_wconf 90' lang='lat' dir='ltr'><strong>sine</strong></span> <span class='ocrx_word' id='word_1_208' title='bbox 524 3590 663 3663; x_wconf 90' lang='lat' dir='ltr'><strong>consilio</strong></span> <span class='ocrx_word' id='word_1_209' title='bbox 680 3590 830 3660; x_wconf 87' lang='lat' dir='ltr'><strong>accidere</strong></span> <span class='ocrx_word' id='word_1_210' title='bbox 846 3593 1011 3685; x_wconf 84' lang='lat' dir='ltr'><strong>potuisse;</strong></span> <span class='ocrx_word' id='word_1_211' title='bbox 1028 3616 1170 3686; x_wconf 89' lang='lat' dir='ltr'><strong>regnum</strong></span> <span class='ocrx_word' id='word_1_212' title='bbox 1189 3591 1283 3662; x_wconf 89' lang='lat' dir='ltr'><strong>illum</strong></span> 
     </span>
     <span class='ocr_line' id='line_1_29' title="bbox 240 3713 1284 3806; baseline 0 -23"><span class='ocrx_word' id='word_1_213' title='bbox 240 3713 358 3784; x_wconf 74' lang='lat' dir='ltr'><strong>Galliae</strong></span> <span class='ocrx_word' id='word_1_214' title='bbox 382 3714 478 3786; x_wconf 91' lang='lat' dir='ltr'><strong>malle</strong></span> <span class='ocrx_word' id='word_1_215' title='bbox 496 3715 634 3786; x_wconf 72' lang='lat' dir='ltr'><strong>Caesaris</strong></span> <span class='ocrx_word' id='word_1_216' title='bbox 656 3737 835 3798; x_wconf 90' lang='lat' dir='ltr'><strong>concessu,</strong></span> <span class='ocrx_word' id='word_1_217' title='bbox 862 3737 962 3806; x_wconf 89' lang='lat' dir='ltr'><strong>quam</strong></span> <span class='ocrx_word' id='word_1_218' title='bbox 987 3713 1135 3806; x_wconf 90' lang='lat' dir='ltr'><strong>ipsorum</strong></span> <span class='ocrx_word' id='word_1_219' title='bbox 1159 3713 1284 3783; x_wconf 89' lang='lat' dir='ltr'><strong>babere</strong></span> 
     </span>
     <span class='ocr_line' id='line_1_30' title="bbox 241 3831 1284 3926; baseline 0.002 -24"><span class='ocrx_word' id='word_1_220' title='bbox 241 3834 415 3922; x_wconf 80' lang='lat' dir='ltr'><strong>benefici03</strong></span> <span class='ocrx_word' id='word_1_221' title='bbox 432 3835 491 3907; x_wconf 85' lang='lat' dir='ltr'><strong>tali</strong></span> <span class='ocrx_word' id='word_1_222' title='bbox 507 3835 608 3904; x_wconf 92' lang='lat' dir='ltr'><strong>modo</strong></span> <span class='ocrx_word' id='word_1_223' title='bbox 624 3848 797 3902; x_wconf 88' lang='lat' dir='ltr'><strong>accusatus</strong></span> <span class='ocrx_word' id='word_1_224' title='bbox 812 3831 855 3902; x_wconf 94' lang='lat' dir='ltr'><strong>ad</strong></span> <span class='ocrx_word' id='word_1_225' title='bbox 871 3832 941 3901; x_wconf 84' lang='lat' dir='ltr'><strong>baec</strong></span> <span class='ocrx_word' id='word_1_226' title='bbox 954 3832 1142 3926; x_wconf 86' lang='lat' dir='ltr'><strong>respondit:</strong></span> <span class='ocrx_word' id='word_1_227' title='bbox 1158 3834 1284 3924; x_wconf 67' lang='lat' dir='ltr'><strong>«Quod</strong></span> 
     </span>
     <span class='ocr_line' id='line_1_31' title="bbox 242 3951 1285 4052; baseline -0.001 -25"><span class='ocrx_word' id='word_1_228' title='bbox 242 3971 348 4028; x_wconf 84' lang='lat' dir='ltr'><strong>castra</strong></span> <span class='ocrx_word' id='word_1_229' title='bbox 372 3959 546 4044; x_wconf 87' lang='lat' dir='ltr'><strong>movisset,</strong></span> <span class='ocrx_word' id='word_1_230' title='bbox 563 3956 687 4025; x_wconf 86' lang='lat' dir='ltr'><strong>lactum</strong></span> <span class='ocrx_word' id='word_1_231' title='bbox 712 3957 822 4050; x_wconf 89' lang='lat' dir='ltr'><strong>inopia</strong></span> <span class='ocrx_word' id='word_1_232' title='bbox 840 3951 973 4049; x_wconf 82' lang='lat' dir='ltr'><strong>pabuli3</strong></span> <span class='ocrx_word' id='word_1_233' title='bbox 993 3957 1092 4027; x_wconf 90' lang='lat' dir='ltr'><strong>etiam</strong></span> <span class='ocrx_word' id='word_1_234' title='bbox 1112 3957 1191 4052; x_wconf 87' lang='lat' dir='ltr'><strong>ipsis</strong></span> <span class='ocrx_word' id='word_1_235' title='bbox 1208 3957 1285 4027; x_wconf 81' lang='lat' dir='ltr'><strong>lior·</strong></span> 
     </span>
    </p>
   </div>
   <div class='ocr_carea' id='block_1_5' title="bbox 0 0 1564 4766">
    <p class='ocr_par' dir='ltr' id='par_1_6' title="bbox 0 0 1564 4766">
     <span class='ocr_line' id='line_1_32' title="bbox 0 0 1564 4766; baseline 0 0"><span class='ocrx_word' id='word_1_236' title='bbox 0 0 1564 4766; x_wconf 95' lang='lat' dir='ltr'><strong> </strong></span> 
     </span>
    </p>
   </div>
  </div>
 </body>
</html>
