3020 4768
245 349 302 417 aas
401 351 431 405 C.
454 349 550 404 JULII
572 345 739 401 cAEsAttls
761 337 1128 399 conutuNTamonunt

245 473 389 560 volebat,
419 497 520 564 quam
547 471 607 539 sub
633 469 767 537 decessu
796 489 857 534 suo
887 463 1114 532 necessitatem
1143 461 1205 530 sibi
1230 459 1290 529 ali-

244 617 344 685 quam
361 593 489 684 imponi
510 589 589 659 belli
605 588 757 686 gerendi,
776 610 834 670 ne,
850 609 953 678 quum
974 585 1155 652 exercitum
1172 579 1291 649 deduc-

245 725 338 781 turus
358 727 464 798 esset,
484 709 611 780 bellum
632 707 767 802 aliquod
787 704 1049 798 relinqueretur,
1070 702 1160 797 quod
1183 703 1291 770 omnis

244 830 354 903 Gallia
369 831 512 902 libenter
527 831 598 900 sine
614 827 765 923 praesenti
782 824 932 919 periculo
948 825 1141 918 susciperet.
1158 826 1290 916 Itaque,

243 951 427 1022 honorilice
449 951 602 1020 civitates
618 945 837 1043 appellando,
857 945 1025 1038 principes
1040 944 1192 1012 maximis
1210 966 1292 1036 prae-

245 1072 318 1140 miis
338 1069 531 1158 alliciendo,
556 1068 647 1137 nulla
663 1093 765 1137 onera
785 1091 870 1135 nova
891 1063 1110 1158 imponendo,
1132 1063 1291 1132 defessam

245 1204 295 1261 tot
317 1189 463 1259 adversis
493 1188 618 1284 proeliis
644 1186 806 1274 Galliam,
836 1185 1028 1254 conditione
1056 1183 1195 1277 parendi
1222 1209 1292 1254 me·

245 1307 342 1396 liore,
356 1308 452 1378 facile
468 1311 503 1377 in
518 1333 598 1404 pace
611 1309 786 1377 continuit.

294 1433 332 1498 L.
360 1431 449 1523 Ipse,
476 1429 624 1498 bibernis
644 1428 803 1523 peractis,
823 1442 939 1495 eontra
963 1425 1237 1495 consuetudinem
1259 1426 1292 1493 in

245 1547 375 1618 ltaliam
394 1574 495 1643 quam
520 1550 673 1617 maximis
691 1549 865 1617 itineribus
887 1562 936 1614 est
955 1546 1141 1640 profectus,
1165 1561 1203 1614 ut
1221 1570 1294 1614 mu-

246 1669 369 1762 nicipia
385 1683 419 1736 et
437 1667 586 1737 colonias
601 1667 798 1763 appellaret,
815 1667 936 1759 quibus
951 1669 998 1734 Μ.
1017 1668 1171 1752 Antonii,
1189 1691 1293 1760 quaes·

133 1779 148 1798 ⁰
245 1790 328 1856 toris
354 1790 425 1874 sui,
451 1787 698 1857 commendaret
721 1785 895 1856 sacerdotii
918 1787 1123 1880 petitionem.
1145 1789 1301 1855 Comen*

131 1924 143 1946 ⁵
246 1908 347 1977 debat
370 1909 459 1978 enim
481 1909 587 2004 gratia
606 1932 710 2001 quum
730 1905 870 1976 libenter
895 1931 956 2001 pro
975 1907 1111 1976 bomine
1129 1908 1291 1994 sibicon·

244 2029 469 2122 junctissimo,
486 2053 586 2122 quem
601 2026 703 2122 paulo
719 2042 796 2096 ante
809 2027 1014 2122 praemiserat
1022 2026 1065 2120 ad
1079 2028 1292 2121 petitionem,

247 2163 319 2217 tum
341 2151 462 2218 acriter
484 2163 599 2218 contra
625 2149 800 2217 factionem
823 2164 857 2216 et
878 2148 1063 2242 potentiam
1089 2172 1293 2242 paucorum,

247 2270 325 2362 qui,
346 2271 392 2337 Μ.
411 2271 549 2339 Antonii
572 2266 722 2364 repulsa,
743 2270 881 2338 Caesaris
901 2267 1090 2336 decedentis
1107 2266 1294 2338 convellere

179 2437 181 2444 ·
247 2389 388 2483 gratiam
420 2389 610 2484 cupiebant.
637 2392 735 2458 Hunc
761 2389 822 2456 etsi
848 2412 1009 2483 augurem
1040 2388 1133 2481 prius
1169 2388 1294 2458 factum

234 2534 350 2602 *qaam
368 2507 499 2578 ltaliam
518 2510 710 2605 attingeret,
733 2510 766 2577 in
783 2510 900 2578 itinere
915 2507 1079 2598 audierat,
1098 2525 1209 2579 tamen
1226 2535 1294 2579 non

236 2683 240 2731 3
248 2632 358 2699 minus
375 2630 500 2723 justam
516 2630 578 2698 sibi
595 2655 728 2699 causam
745 2630 926 2724 municipia
942 2645 974 2700 et
988 2628 1136 2700 colonias
1150 2629 1294 2700 adeundi

238 2743 463 2836 existimavit,
488 2766 526 2821 ut
552 2752 590 2818 iis
610 2753 731 2846 gratias
753 2766 866 2847 ageret
886 2751 976 2845 quod
1002 2751 1222 2845 frequentiam
1245 2767 1294 2822 at-

247 2895 312 2962 que
331 2872 478 2942 officium
494 2897 592 2941 suum
608 2874 756 2941 Antonio
770 2874 1015 2968 praestitissent,
1032 2871 1197 2967 simulque
1210 2899 1245 2942 se
1262 2890 1295 2943 et

248 2989 411 3060 honorem
422 3020 521 3063 suum
534 2996 568 3062 in
584 2994 750 3087 sequentis
767 2996 847 3062 anni
856 2994 1105 3063 commendaret
1118 2995 1294 3088 petitione,

249 3125 426 3203 propterea
456 3112 548 3206 quod
580 3111 761 3182 insolenter
787 3114 965 3184 adversarii
992 3115 1043 3182 sui
1072 3114 1295 3210 gloriarentur

248 3232 285 3298 L.
303 3230 484 3300 Lentulum
501 3248 535 3300 et
550 3235 587 3301 C.
605 3231 803 3304 Marcellum
820 3259 902 3303 coss.
921 3249 1066 3321 creatos,
1084 3237 1139 3328 qui
1160 3262 1294 3306 omnem

249 3347 409 3418 honorem
431 3365 464 3419 et
489 3351 685 3445 dignitatem
709 3357 846 3424 Caesaris
870 3354 1113 3451 exspoliarent,
1141 3374 1294 3453 ereptum

251 3472 366 3539 Servio
389 3468 504 3540 Galbae
527 3471 756 3563 consulatum,
781 3501 885 3570 quum
911 3479 937 3546 is
964 3476 1071 3549 multo
1093 3475 1167 3572 plus
1188 3483 1294 3573 gratia

247 3592 480 3687 suffragiisque
497 3593 668 3682 valuisset,
682 3597 773 3690 quod
788 3599 848 3668 sibi
862 3602 1061 3692 conjunctus
1075 3613 1109 3667 et
1121 3598 1295 3669 familiari-

248 3728 315 3781 tate
331 3727 364 3781 et
380 3716 624 3784 necessitudine
640 3714 815 3812 legationis
831 3735 926 3789 esset.

296 3837 352 3901 LI.
381 3837 545 3929 Exceptus
571 3852 621 3906 est
643 3839 781 3907 Caesaris
801 3841 964 3910 adventus
984 3844 1025 3910 ab
1048 3845 1202 3913 omnibus
1225 3869 1295 3915 mu·

249 3954 379 4045 nicipiis
400 3969 430 4020 et
448 3954 585 4026 coloniis
601 3958 787 4028 incredibili
804 3962 930 4031 honore
948 3977 1047 4057 atque
1064 3987 1177 4032 amore
1195 3991 1201 4031 :
1223 3971 1293 4033 tum
