3020 4768
308 327 344 382 28
462 329 491 382 C.
512 325 608 381 suun
628 325 792 381 CAESARIS
812 325 1173 385 conuuutaulonuu

354 453 473 520 XLIII.
500 453 581 518 Erat
613 449 697 516 inter
727 447 886 542 oppidum
917 449 1064 518 Ilerdam
1082 467 1114 520 et
1138 455 1326 547 proximum

306 571 437 657 collem,
461 571 517 638 ubi
542 585 650 638 castra
676 569 823 637 Petreius
850 584 947 662 atque
971 569 1124 640 Afranius
1144 557 1327 663 habebant,

305 691 455 784 planities
470 689 600 758 circiter
616 711 768 781 passuum
787 711 849 758 ccc
866 713 874 755 ε
892 702 990 781 atque
1006 691 1040 757 in
1054 691 1117 759 hoc
1136 690 1203 759 fere
1219 691 1326 760 medio

306 811 412 903 spatio
429 806 572 876 tumulus
592 821 662 876 erat
685 805 784 901 paulo
807 806 952 875 editior:
971 833 1067 901 quem
1090 811 1117 877 si
1137 827 1327 904 occupasset

306 933 414 998 Caesar
426 942 457 996 et
467 929 714 1013 communisset,
733 927 774 994 ab
789 909 912 1020 oppido
928 940 962 994 et
976 942 1077 1020 ponte
1094 941 1127 998 et
1142 944 1325 998 commeatu

306 1049 395 1116 omni
410 1099 420 1135 ,
436 1071 534 1140 quem
551 1048 584 1114 in
601 1045 759 1139 oppidum
777 1044 1005 1131 contulerant,
1021 1069 1055 1114 se
1072 1037 1324 1117 interclusurum

307 1166 507 1234 adversarios
532 1164 723 1234 confidebat.
754 1168 825 1234 Hoc
852 1187 999 1258 sperans,
1025 1163 1166 1258 legiones
1195 1180 1263 1234 tres
1287 1191 1326 1235 ex

307 1285 421 1352 castris
441 1283 571 1367 educit,
587 1285 720 1375 acieque
742 1284 776 1351 in
795 1281 873 1351 locis
890 1282 1014 1352 idoneis
1034 1284 1207 1372 instructa,
1232 1288 1328 1355 unius

306 1401 443 1496 legionis
470 1404 696 1496 antesignanos
725 1425 932 1496 procurrere,
952 1416 1051 1495 atque
1071 1427 1231 1498 occupare
1250 1429 1326 1474 eum

307 1519 471 1590 tumulum
485 1521 589 1613 jubet.
615 1522 689 1610 Qua
707 1546 743 1589 re
761 1521 908 1615 cognita,
936 1519 1099 1608 celeriter,
1118 1547 1190 1615 quae
1208 1524 1242 1592 in
1259 1539 1326 1592 sta·

308 1642 396 1710 tione
410 1665 471 1733 pro
485 1641 598 1709 castris
614 1655 706 1709 erant
716 1691 734 1726 ,.
744 1639 868 1708 Afranii
883 1640 1032 1710 cohortes
1044 1642 1194 1734 breviore
1211 1643 1327 1712 itinere

306 1759 349 1828 ad
374 1759 524 1828 eumdem
546 1757 773 1853 occupandum
799 1758 909 1828 locum
933 1761 1117 1829 mittuntur.
1145 1761 1326 1830 Contendi-

309 1890 363 1946 tur
382 1877 518 1972 proeli03
538 1891 586 1964 et,
603 1877 693 1970 quod
704 1879 796 1972 prius
810 1879 844 1945 in
864 1879 1027 1947 tumulum
1048 1880 1215 1973 Afraniani
1229 1903 1325 1948 vene·

307 2011 399 2083 rant,
420 1997 524 2064 nostri
536 1993 756 2090 repelluntur,
767 2009 879 2090 atque,
892 1997 963 2066 aliis
976 1998 1144 2068 submissis
1154 1997 1324 2093 presidiis,

309 2131 401 2210 terga
430 2131 569 2201 vertere,
602 2139 698 2208 seque
724 2115 765 2184 ad
791 2117 883 2210 signa
912 2117 1075 2212 legionum
1103 2119 1247 2212 recipere
1268 2145 1324 2188 co-

307 2251 439 2329 guntur.

355 2355 473 2425 XLIV.
489 2357 602 2423 Genus
615 2371 685 2434 erat
701 2377 820 2450 pugnae
836 2356 976 2425 militum
991 2356 1141 2447 illorum,
1154 2374 1192 2428 ut
1206 2384 1326 2453 magno

307 2478 430 2569 impetu
450 2477 557 2569 primo
584 2491 832 2570 procurrerent,
856 2477 1010 2547 audacter
1032 2477 1139 2547 locum
1159 2493 1327 2573 caperent,

306 2595 438 2664 ordines
452 2620 528 2666 suos
545 2619 610 2664 non
627 2621 826 2691 magnopere
845 2611 1028 2680 servarent,
1043 2599 1109 2666 rari
1128 2596 1328 2691 dispersique

306 2729 509 2810 pugnarent3
534 2716 560 2783 si
581 2728 817 2808 premerentur,
837 2715 954 2808 pedem
974 2715 1113 2802 referre,
1132 2731 1166 2784 et
1183 2715 1255 2784 loco
1273 2739 1326 2783 ex·

306 2834 437 2922 cedere,
455 2859 521 2902 non
540 2847 634 2927 turpe
648 2834 885 2922 existimarent,
903 2857 978 2903 cum
1000 2836 1163 2903 Lusitanis
1178 2829 1325 2923 reliquis·

306 2977 370 3044 que
394 2953 542 3022 barbaris
565 2975 682 3046 genere
709 2951 853 3044 quodam
877 2977 997 3047 pugnae
1014 2952 1210 3022 assuefacti:
1235 2949 1324 3044 quod

305 3071 373 3138 fere
396 3072 451 3156 lit,
471 3073 590 3164 quibus
611 3073 748 3164 quisque
771 3073 805 3140 in
826 3070 905 3141 locis
924 3071 1018 3140 miles
1043 3073 1254 3158 inveteravit,
1278 3072 1326 3139 uti

305 3187 445 3256 multum
470 3213 582 3257 earum
601 3191 771 3283 regionum
796 3190 1033 3260 consuetudine
1054 3206 1232 3260 moveatur.
1253 3193 1328 3258 Haeo

306 3323 416 3375 tumen
437 3309 522 3376 ratio
538 3323 666 3377 nostros
685 3309 906 3402 perturbavit,
928 3312 1071 3379 insuetos
1088 3309 1186 3400 hujus
1199 3309 1326 3402 generis

211 3421 215 3430 ’
304 3451 445 3522 pugnas:
464 3427 628 3496 circumiri
648 3429 735 3496 euim
755 3453 824 3497 sese
850 3429 891 3495 ab
916 3442 1032 3522 aperto
1055 3425 1171 3511 latere,
1189 3445 1325 3516 procur·

306 3545 454 3616 rentibus
470 3544 622 3639 singulis,
644 3547 904 3629 arbitrabantur3
930 3547 995 3638 ipsi
1012 3557 1121 3612 autern
1145 3564 1220 3609 suos
1236 3541 1326 3610 ordi·

308 3689 365 3732 nes
383 3663 696 3758 servare,nequeah
713 3665 814 3756 signis
829 3661 1012 3749 discedere,
1028 3684 1135 3752 neque
1148 3660 1219 3728 siue
1235 3662 1326 3754 gravi

306 3805 406 3850 causa
430 3809 504 3852 eum
531 3782 654 3868 locum,
676 3805 773 3874 quem
803 3794 975 3874 ceperant,
996 3779 1116 3847 dimitti
1133 3780 1328 3849 censuerant

307 3914 468 3994 oportere.
493 3906 624 3995 Itaque,
644 3899 840 3992 perturbatis
867 3899 1110 3994 antesignanis,
1128 3897 1215 3993 legio
1261 3921 1330 3990 quse
