3048 4770
463 396 515 452 nn
537 395 655 452 nunno
675 395 836 450 eunuco
857 396 964 451 uma
1194 392 1229 448 23
1335 373 1336 378 '

195 541 276 586 rum.
304 520 539 596 Hacoratione
562 519 694 604 habita,
712 517 888 588 concilium
905 517 1040 586 dimisit.
1055 517 1097 588 Et
1115 541 1231 586 seeun-

193 635 275 706 dum
291 663 330 708 ca
344 636 457 706 multae
471 663 523 707 res
538 663 612 708 eum
627 620 866 725 hortabantur,
878 661 980 731 quare
993 637 1055 706 sihi
1072 661 1143 706 eam
1160 661 1232 706 rem

193 757 405 850 cogitandam
432 771 466 838 et
490 757 728 850 suscipiendam
751 772 903 851 putaret3
925 758 960 844 in
985 757 1116 851 primis,
1142 756 1233 849 quod

199 874 335 962 lEduos,
350 875 467 945 fratres
479 879 806 972 consanguineosque
819 901 1045 970 saepenumero
1061 875 1104 944 ab
1116 888 1233 945 senatu

198 993 390 1088 appellatos,
407 998 440 1068 in
458 999 617 1074 servitute
633 1012 730 1092 atquc
746 998 781 1066 in
799 997 924 1066 ditione
943 997 1077 1065 videbat
1092 998 1232 1064 Germa·

198 1137 313 1182 norum
336 1115 455 1202 teneri,
479 1140 661 1210 eorumque
682 1116 812 1186 obsides
829 1140 898 1186 esse
918 1115 1007 1209 apud
1025 1113 1232 1184 Ariouistum

195 1255 233 1300 ac
245 1234 429 1324 Sequanos,
443 1234 648 1330 intelligebat
665 1262 673 1304 ε
691 1235 781 1329 quod
797 1236 833 1304 in
850 1249 944 1304 tanto
961 1233 1100 1328 imperio
1115 1229 1231 1326 populi

147 1363 152 1380 '
195 1352 322 1418 romani
338 1354 565 1445 turpissimum
581 1355 643 1424 sihi
659 1369 693 1424 et
707 1351 896 1448 reipublicae
910 1378 980 1423 esse
997 1352 1231 1422 arbitrabatur.

194 1467 359 1540 Paulatim
381 1485 490 1542 autem
512 1451 698 1544 Germanos
719 1496 930 1542 consuescere
953 1471 1106 1540 Rhenum
1128 1485 1233 1538 trans·

194 1589 259 1676 ire,
275 1602 309 1660 et
326 1591 361 1657 in
376 1588 521 1662 Galliam
536 1617 689 1686 magnam
703 1617 820 1661 corum
836 1591 1084 1660 multitudinem
1101 1589 1231 1674 venire,
1309 1615 1310 1620 ¹

194 1705 321 1799 populo
346 1733 486 1778 romano
512 1709 733 1804 periculosum
757 1710 889 1779 videbat
916 1735 923 1776 ε
950 1733 1058 1801 neque
1081 1709 1144 1775 sibi
1173 1707 1233 1776 ho·

194 1827 302 1895 mines
318 1826 405 1898 seros
421 1852 460 1896 ac
473 1829 631 1900 barbaros
646 1844 888 1923 temperaturos
903 1827 1125 1911 existimabat,
1138 1827 1231 1917 quia,

192 1969 299 2038 quum
317 1969 450 2014 omnem
467 1944 609 2020 Galliam
625 1963 852 2041 occupassent,
869 1962 908 2015 ut
920 1961 996 2014 ante
1008 1946 1135 2014 Cimbri
1151 1945 1233 2012 Teu·
1265 1947 1269 1954 '

194 2065 333 2157 tonique
357 2064 521 2155 fecissent,
543 2067 578 2136 in
598 2069 800 2160 provinciam
822 2067 962 2153 exirent,
984 2079 1083 2157 atque
1102 2062 1179 2131 inde
1198 2063 1231 2131 in

191 2181 327 2258 Italiam
351 2186 605 2273 contenderent,
620 2185 802 2278 presertim
818 2209 924 2278 quum
941 2187 1110 2277 Sequanos
1126 2207 1144 2252 a
1159 2208 1234 2277 pro-

193 2302 305 2372 vincia
327 2317 440 2372 nostra
457 2303 639 2374 Rhodanus
659 2303 830 2374 divideret.
853 2303 985 2392 Quibus
1012 2303 1111 2370 rebus
1133 2327 1233 2395 quam

192 2423 390 2492 maturrime
404 2422 646 2494 occurrendum
662 2424 808 2517 putabat.
828 2426 904 2516 lpse
921 2437 1032 2491 autem
1049 2423 1234 2492 Ariovistus

193 2552 305 2608 tantos
323 2541 385 2609 sibi
404 2542 559 2632 spiritus,
576 2553 701 2612 tantam
723 2540 946 2636 arrogantiam
970 2554 1175 2632 sumpserat,
1196 2554 1236 2607 ut

192 2657 351 2727 ferendus
366 2684 434 2727 non
452 2659 629 2728 videretur.

248 2779 404 2846 XXXIV.
434 2777 659 2866 Quamobrem
688 2774 810 2872 placuit
838 2778 885 2861 ei,
911 2791 950 2845 ut
975 2775 1016 2844 ad
1031 2774 1235 2845 Ariovistum
1345 2767 1349 2776 ¹

193 2897 323 2990 legatos
345 2897 505 2983 mitteret,
525 2896 583 2988 qui
607 2895 648 2966 ab
667 2921 706 2968 eo
720 2893 941 2989 postularent,
960 2895 1008 2962 uti
1030 2892 1173 2988 aliquem
1187 2892 1236 2964 lo·

194 3040 274 3084 cum
290 3013 436 3108 medium
456 3015 629 3107 utriusque
651 3013 819 3106 colloquio
837 3013 959 3083 diceret
981 3039 988 3081 :
1010 3011 1094 3084 velle
1110 3039 1180 3084 sese
1195 3015 1237 3084 de

197 3130 366 3227 republica
391 3148 425 3202 et
443 3135 581 3202 summis
603 3136 775 3227 utriusque
797 3133 897 3202 rebus
914 3157 990 3202 eum
1009 3157 1049 3200 eo
1064 3157 1171 3226 agere.
1198 3137 1237 3202 Ei

197 3251 355 3346 legationi
374 3253 559 3322 Ariovistus
578 3252 750 3346 respondit
768 3279 776 3320 :
797 3281 813 3316 a
835 3251 870 3321 si
889 3251 970 3345 quid
991 3253 1054 3345 ipsi
1073 3276 1092 3320 a
1112 3255 1239 3322 Cesare

196 3395 283 3464 opus
299 3386 400 3459 esset,
419 3397 490 3440 sese
506 3371 638 3442 adeum
656 3386 835 3440 venturum
851 3371 950 3441 luisse
968 3373 1018 3454 :si
1035 3369 1117 3464 quid
1136 3369 1239 3440 illese

196 3490 300 3576 velit,
321 3489 415 3560 illum
436 3491 478 3558 ad
501 3515 535 3558 se
553 3491 667 3559 venire
691 3506 855 3583 oportere.
882 3493 1043 3560 Praeterea
1070 3514 1104 3559 se
1132 3515 1241 3584 neque

197 3611 269 3676 sine
292 3610 437 3678 exercitu
457 3609 491 3678 in
516 3634 570 3680 eas
590 3623 700 3703 partes
719 3608 837 3680 Galliae
862 3611 979 3680 uenire¹
999 3607 1138 3695 audere,
1158 3632 1240 3701 quas

198 3731 309 3798 Caesar
333 3728 535 3821 possideret,
563 3755 670 3823 neque
700 3730 880 3800 exereitum
906 3729 976 3798 sine
1003 3751 1125 3822 magno
1150 3751 1240 3796 com-

200 3862 310 3916 meatu
340 3863 440 3941 atque
467 3849 682 3919 emolimento
713 3851 746 3917 in
773 3873 878 3918 unum
906 3847 1015 3920 locum
1045 3847 1240 3916 contrahere

199 3992 297 4060 posse
323 3994 329 4036 :
358 3969 418 4038 sibi
445 3984 555 4038 autem
579 3971 701 4040 mirum
726 3968 845 4056 videri,
869 3967 947 4060 quid
973 3967 1006 4034 in
1031 3991 1090 4036 sua
1111 3964 1240 4052 Gallia,
