<?xml version="1.0" encoding="UTF-8"?>
<!DOCTYPE html PUBLIC "-//W3C//DTD XHTML 1.0 Transitional//EN"
    "http://www.w3.org/TR/xhtml1/DTD/xhtml1-transitional.dtd">
<html xmlns="http://www.w3.org/1999/xhtml" xml:lang="en" lang="en">
 <head>
  <title>
</title>
<meta http-equiv="Content-Type" content="text/html;charset=utf-8" />
  <meta name='ocr-system' content='tesseract 3.04.00' />
  <meta name='ocr-capabilities' content='ocr_page ocr_carea ocr_par ocr_line ocrx_word'/>
</head>
<body>
  <div class='ocr_page' id='page_1' title='image "./cjcaesarisopera00caesgoog_0453.png"; bbox 0 0 3068 4772; ppageno 0'>
   <div class='ocr_carea' id='block_1_1' title="bbox 501 403 1267 480">
    <p class='ocr_par' dir='ltr' id='par_1_1' title="bbox 501 403 1267 480">
     <span class='ocr_line' id='line_1_1' title="bbox 501 403 1267 480; baseline 0.009 -22"><span class='ocrx_word' id='word_1_1' title='bbox 501 403 551 459; x_wconf 78' lang='lat' dir='ltr'>DE</span> <span class='ocrx_word' id='word_1_2' title='bbox 573 405 696 461; x_wconf 83' lang='lat' dir='ltr'>BELLO</span> <span class='ocrx_word' id='word_1_3' title='bbox 716 404 832 460; x_wconf 88' lang='lat' dir='ltr'>ClVlLl</span> <span class='ocrx_word' id='word_1_4' title='bbox 851 405 921 464; x_wconf 80' lang='lat' dir='ltr'>us.</span> <span class='ocrx_word' id='word_1_5' title='bbox 942 405 993 460; x_wconf 88' lang='lat'>111.</span> <span class='ocrx_word' id='word_1_6' title='bbox 1216 415 1267 480; x_wconf 68' lang='lat'>147</span> 
     </span>
    </p>
   </div>
   <div class='ocr_carea' id='block_1_2' title="bbox 129 528 1353 4166">
    <p class='ocr_par' dir='ltr' id='par_1_2' title="bbox 233 528 1268 1339">
     <span class='ocr_line' id='line_1_2' title="bbox 235 528 1268 627; baseline 0.005 -31"><span class='ocrx_word' id='word_1_7' title='bbox 235 529 439 612; x_wconf 89' lang='lat' dir='ltr'>turionibus,</span> <span class='ocrx_word' id='word_1_8' title='bbox 458 541 540 620; x_wconf 88' lang='lat' dir='ltr'>quos</span> <span class='ocrx_word' id='word_1_9' title='bbox 560 530 594 596; x_wconf 92' lang='lat' dir='ltr'>in</span> <span class='ocrx_word' id='word_1_10' title='bbox 614 530 755 601; x_wconf 84' lang='lat' dir='ltr'>statione</span> <span class='ocrx_word' id='word_1_11' title='bbox 784 528 826 595; x_wconf 87' lang='lat' dir='ltr'>ad</span> <span class='ocrx_word' id='word_1_12' title='bbox 847 530 1032 622; x_wconf 75' lang='lat' dir='ltr'>pretorium</span> <span class='ocrx_word' id='word_1_13' title='bbox 1055 545 1185 624; x_wconf 81' lang='lat' dir='ltr'>portam</span> <span class='ocrx_word' id='word_1_14' title='bbox 1210 557 1268 627; x_wconf 90' lang='lat' dir='ltr'>po-</span> 
     </span>
     <span class='ocr_line' id='line_1_3' title="bbox 235 645 1267 744; baseline 0.006 -29"><span class='ocrx_word' id='word_1_15' title='bbox 235 661 364 733; x_wconf 89' lang='lat' dir='ltr'>suerat,</span> <span class='ocrx_word' id='word_1_16' title='bbox 380 645 482 734; x_wconf 89' lang='lat' dir='ltr'>clare,</span> <span class='ocrx_word' id='word_1_17' title='bbox 502 662 539 716; x_wconf 92' lang='lat' dir='ltr'>ut</span> <span class='ocrx_word' id='word_1_18' title='bbox 553 646 672 717; x_wconf 81' lang='lat' dir='ltr'>milites</span> <span class='ocrx_word' id='word_1_19' title='bbox 687 645 879 717; x_wconf 81' lang='lat' dir='ltr'><strong>exaudirent</strong></span> <span class='ocrx_word' id='word_1_20' title='bbox 896 673 905 716; x_wconf 76' lang='lat' dir='ltr'><em>z</em></span> <span class='ocrx_word' id='word_1_21' title='bbox 924 649 1126 736; x_wconf 71' lang='lat' dir='ltr'>«Tuemini,</span> <span class='ocrx_word' id='word_1_22' title='bbox 1142 651 1267 744; x_wconf 91' lang='lat' dir='ltr'>inquit,</span> 
     </span>
     <span class='ocr_line' id='line_1_4' title="bbox 234 764 1266 862; baseline 0.004 -26"><span class='ocrx_word' id='word_1_23' title='bbox 234 783 359 850; x_wconf 88' lang='lat' dir='ltr'>castra,</span> <span class='ocrx_word' id='word_1_24' title='bbox 375 780 408 834; x_wconf 92' lang='lat' dir='ltr'>et</span> <span class='ocrx_word' id='word_1_25' title='bbox 424 764 589 835; x_wconf 81' lang='lat' dir='ltr'>defendite</span> <span class='ocrx_word' id='word_1_26' title='bbox 605 765 797 862; x_wconf 88' lang='lat' dir='ltr'>diligenter,</span> <span class='ocrx_word' id='word_1_27' title='bbox 815 767 842 834; x_wconf 93' lang='lat' dir='ltr'>si</span> <span class='ocrx_word' id='word_1_28' title='bbox 859 765 939 860; x_wconf 90' lang='lat' dir='ltr'>quid</span> <span class='ocrx_word' id='word_1_29' title='bbox 956 765 1072 838; x_wconf 87' lang='lat' dir='ltr'>durius</span> <span class='ocrx_word' id='word_1_30' title='bbox 1088 768 1266 840; x_wconf 85' lang='lat' dir='ltr'>acciderit:</span> 
     </span>
     <span class='ocr_line' id='line_1_5' title="bbox 234 883 1267 982; baseline 0.005 -29"><span class='ocrx_word' id='word_1_31' title='bbox 234 910 295 980; x_wconf 90' lang='lat' dir='ltr'>ego</span> <span class='ocrx_word' id='word_1_32' title='bbox 332 883 472 978; x_wconf 82' lang='lat' dir='ltr'>reliquas</span> <span class='ocrx_word' id='word_1_33' title='bbox 504 901 618 978; x_wconf 85' lang='lat' dir='ltr'>portas</span> <span class='ocrx_word' id='word_1_34' title='bbox 655 887 839 972; x_wconf 81' lang='lat' dir='ltr'>circumeo,</span> <span class='ocrx_word' id='word_1_35' title='bbox 877 897 910 954; x_wconf 89' lang='lat' dir='ltr'>et</span> <span class='ocrx_word' id='word_1_36' title='bbox 942 901 1125 956; x_wconf 89' lang='lat' dir='ltr'>castrorum</span> <span class='ocrx_word' id='word_1_37' title='bbox 1157 893 1267 982; x_wconf 81' lang='lat' dir='ltr'>praesi-</span> 
     </span>
     <span class='ocr_line' id='line_1_6' title="bbox 233 1003 1268 1100; baseline 0.003 -27"><span class='ocrx_word' id='word_1_38' title='bbox 233 1003 287 1073; x_wconf 86' lang='lat' dir='ltr'>dia</span> <span class='ocrx_word' id='word_1_39' title='bbox 307 1003 514 1074; x_wconf 74' lang='lat' dir='ltr'>confirmo.»</span> <span class='ocrx_word' id='word_1_40' title='bbox 539 1007 617 1073; x_wconf 75' lang='lat' dir='ltr'>Haec</span> <span class='ocrx_word' id='word_1_41' title='bbox 640 1027 743 1096; x_wconf 90' lang='lat' dir='ltr'>quum</span> <span class='ocrx_word' id='word_1_42' title='bbox 774 1003 927 1093; x_wconf 80' lang='lat' dir='ltr'>dixisset,</span> <span class='ocrx_word' id='word_1_43' title='bbox 955 1029 990 1073; x_wconf 87' lang='lat' dir='ltr'>se</span> <span class='ocrx_word' id='word_1_44' title='bbox 1016 1005 1051 1073; x_wconf 93' lang='lat' dir='ltr'>in</span> <span class='ocrx_word' id='word_1_45' title='bbox 1077 1008 1268 1100; x_wconf 77' lang='lat' dir='ltr'>praetorium</span> 
     </span>
     <span class='ocr_line' id='line_1_7' title="bbox 233 1121 1268 1212; baseline 0.003 -19"><span class='ocrx_word' id='word_1_46' title='bbox 233 1123 391 1212; x_wconf 90' lang='lat' dir='ltr'>contulit,</span> <span class='ocrx_word' id='word_1_47' title='bbox 416 1147 549 1192; x_wconf 77' lang='lat' dir='ltr'>summe</span> <span class='ocrx_word' id='word_1_48' title='bbox 574 1124 620 1192; x_wconf 89' lang='lat' dir='ltr'>rei</span> <span class='ocrx_word' id='word_1_49' title='bbox 643 1121 811 1211; x_wconf 89' lang='lat' dir='ltr'>dillidens,</span> <span class='ocrx_word' id='word_1_50' title='bbox 835 1137 868 1193; x_wconf 84' lang='lat' dir='ltr'>ct</span> <span class='ocrx_word' id='word_1_51' title='bbox 895 1138 1006 1194; x_wconf 88' lang='lat' dir='ltr'>tamen</span> <span class='ocrx_word' id='word_1_52' title='bbox 1033 1140 1187 1196; x_wconf 88' lang='lat' dir='ltr'>eventum</span> <span class='ocrx_word' id='word_1_53' title='bbox 1214 1151 1268 1196; x_wconf 83' lang='lat' dir='ltr'>ex-</span> 
     </span>
     <span class='ocr_line' id='line_1_8' title="bbox 234 1259 395 1339; baseline -0.012 -25"><span class='ocrx_word' id='word_1_54' title='bbox 234 1259 395 1339; x_wconf 83' lang='lat' dir='ltr'>spectans.</span> 
     </span>
    </p>

    <p class='ocr_par' dir='ltr' id='par_1_3' title="bbox 227 1363 1353 3362">
     <span class='ocr_line' id='line_1_9' title="bbox 280 1363 1269 1459; baseline 0 -25"><span class='ocrx_word' id='word_1_55' title='bbox 280 1366 383 1435; x_wconf 84' lang='lat' dir='ltr'>XCV.</span> <span class='ocrx_word' id='word_1_56' title='bbox 409 1365 539 1450; x_wconf 81' lang='lat' dir='ltr'>Caesar,</span> <span class='ocrx_word' id='word_1_57' title='bbox 558 1364 767 1459; x_wconf 80' lang='lat' dir='ltr'>Pompeianis</span> <span class='ocrx_word' id='word_1_58' title='bbox 785 1388 826 1432; x_wconf 87' lang='lat' dir='ltr'>ex</span> <span class='ocrx_word' id='word_1_59' title='bbox 844 1365 920 1458; x_wconf 76' lang='lat' dir='ltr'>linga</span> <span class='ocrx_word' id='word_1_60' title='bbox 937 1367 1023 1434; x_wconf 82' lang='lat' dir='ltr'>intra</span> <span class='ocrx_word' id='word_1_61' title='bbox 1039 1363 1162 1435; x_wconf 85' lang='lat' dir='ltr'>vallum</span> <span class='ocrx_word' id='word_1_62' title='bbox 1181 1390 1269 1435; x_wconf 91' lang='lat' dir='ltr'>com·</span> 
     </span>
     <span class='ocr_line' id='line_1_10' title="bbox 232 1481 1268 1578; baseline -0.001 -24"><span class='ocrx_word' id='word_1_63' title='bbox 232 1483 353 1578; x_wconf 89' lang='lat' dir='ltr'>pulsis,</span> <span class='ocrx_word' id='word_1_64' title='bbox 372 1481 499 1553; x_wconf 90' lang='lat' dir='ltr'>nullum</span> <span class='ocrx_word' id='word_1_65' title='bbox 529 1485 670 1577; x_wconf 90' lang='lat' dir='ltr'>spatium</span> <span class='ocrx_word' id='word_1_66' title='bbox 694 1484 875 1577; x_wconf 71' lang='lat' dir='ltr'>perterritis</span> <span class='ocrx_word' id='word_1_67' title='bbox 899 1483 977 1552; x_wconf 86' lang='lat' dir='ltr'>dare</span> <span class='ocrx_word' id='word_1_68' title='bbox 1005 1500 1158 1578; x_wconf 87' lang='lat' dir='ltr'>oportere</span> <span class='ocrx_word' id='word_1_69' title='bbox 1184 1487 1268 1555; x_wconf 80' lang='lat' dir='ltr'>esti·</span> 
     </span>
     <span class='ocr_line' id='line_1_11' title="bbox 232 1600 1267 1696; baseline -0.002 -24"><span class='ocrx_word' id='word_1_70' title='bbox 232 1627 345 1690; x_wconf 87' lang='lat' dir='ltr'>mans,</span> <span class='ocrx_word' id='word_1_71' title='bbox 365 1600 485 1672; x_wconf 85' lang='lat' dir='ltr'>milites</span> <span class='ocrx_word' id='word_1_72' title='bbox 503 1602 694 1670; x_wconf 84' lang='lat' dir='ltr'>cohortatus</span> <span class='ocrx_word' id='word_1_73' title='bbox 712 1617 779 1686; x_wconf 88' lang='lat' dir='ltr'>est,</span> <span class='ocrx_word' id='word_1_74' title='bbox 800 1615 836 1670; x_wconf 93' lang='lat' dir='ltr'>ut</span> <span class='ocrx_word' id='word_1_75' title='bbox 856 1603 1013 1696; x_wconf 72' lang='lat' dir='ltr'>beneficio</span> <span class='ocrx_word' id='word_1_76' title='bbox 1034 1603 1174 1672; x_wconf 83' lang='lat' dir='ltr'>sortunae</span> <span class='ocrx_word' id='word_1_77' title='bbox 1193 1617 1267 1672; x_wconf 83' lang='lat' dir='ltr'>ute-</span> 
     </span>
     <span class='ocr_line' id='line_1_12' title="bbox 231 1722 1265 1816; baseline -0.002 -24"><span class='ocrx_word' id='word_1_78' title='bbox 231 1738 364 1808; x_wconf 87' lang='lat' dir='ltr'>rentur,</span> <span class='ocrx_word' id='word_1_79' title='bbox 391 1735 561 1814; x_wconf 84' lang='lat' dir='ltr'>cestraquc</span> <span class='ocrx_word' id='word_1_80' title='bbox 581 1733 838 1815; x_wconf 82' lang='lat' dir='ltr'>oppugnarent:</span> <span class='ocrx_word' id='word_1_81' title='bbox 867 1723 944 1814; x_wconf 91' lang='lat' dir='ltr'>qui,</span> <span class='ocrx_word' id='word_1_82' title='bbox 968 1722 1030 1790; x_wconf 90' lang='lat' dir='ltr'>etsi</span> <span class='ocrx_word' id='word_1_83' title='bbox 1048 1745 1169 1816; x_wconf 88' lang='lat' dir='ltr'>magno</span> <span class='ocrx_word' id='word_1_84' title='bbox 1184 1737 1265 1790; x_wconf 79' lang='lat' dir='ltr'>aestu</span> 
     </span>
     <span class='ocr_line' id='line_1_13' title="bbox 231 1837 1264 1935; baseline 0.002 -27"><span class='ocrx_word' id='word_1_85' title='bbox 231 1841 360 1935; x_wconf 82' lang='lat' dir='ltr'>fatigati</span> <span class='ocrx_word' id='word_1_86' title='bbox 378 1839 475 1934; x_wconf 78' lang='lat' dir='ltr'>(nam</span> <span class='ocrx_word' id='word_1_87' title='bbox 493 1837 534 1907; x_wconf 85' lang='lat' dir='ltr'>ad</span> <span class='ocrx_word' id='word_1_88' title='bbox 552 1837 720 1908; x_wconf 87' lang='lat' dir='ltr'>meridiem</span> <span class='ocrx_word' id='word_1_89' title='bbox 736 1863 788 1908; x_wconf 88' lang='lat' dir='ltr'>res</span> <span class='ocrx_word' id='word_1_90' title='bbox 814 1853 884 1908; x_wconf 89' lang='lat' dir='ltr'>erut</span> <span class='ocrx_word' id='word_1_91' title='bbox 909 1838 1109 1935; x_wconf 87' lang='lat' dir='ltr'>perducta),</span> <span class='ocrx_word' id='word_1_92' title='bbox 1138 1855 1264 1928; x_wconf 89' lang='lat' dir='ltr'>tamen,</span> 
     </span>
     <span class='ocr_line' id='line_1_14' title="bbox 232 1955 1261 2052; baseline 0 -24"><span class='ocrx_word' id='word_1_93' title='bbox 232 1959 275 2028; x_wconf 87' lang='lat' dir='ltr'>ad</span> <span class='ocrx_word' id='word_1_94' title='bbox 297 1982 428 2028; x_wconf 89' lang='lat' dir='ltr'>omnem</span> <span class='ocrx_word' id='word_1_95' title='bbox 448 1955 593 2026; x_wconf 81' lang='lat' dir='ltr'>laborem</span> <span class='ocrx_word' id='word_1_96' title='bbox 611 1958 722 2026; x_wconf 85' lang='lat' dir='ltr'>animo</span> <span class='ocrx_word' id='word_1_97' title='bbox 751 1959 874 2052; x_wconf 88' lang='lat' dir='ltr'>parati,</span> <span class='ocrx_word' id='word_1_98' title='bbox 903 1959 1043 2051; x_wconf 89' lang='lat' dir='ltr'>imperio</span> <span class='ocrx_word' id='word_1_99' title='bbox 1071 1972 1261 2052; x_wconf 88' lang='lat' dir='ltr'>paruerunt.</span> 
     </span>
     <span class='ocr_line' id='line_1_15' title="bbox 231 2075 1265 2170; baseline -0.002 -22"><span class='ocrx_word' id='word_1_100' title='bbox 231 2082 348 2148; x_wconf 81' lang='lat' dir='ltr'>Castra</span> <span class='ocrx_word' id='word_1_101' title='bbox 368 2099 387 2144; x_wconf 84' lang='lat' dir='ltr'>e</span> <span class='ocrx_word' id='word_1_102' title='bbox 405 2077 613 2163; x_wconf 86' lang='lat' dir='ltr'>cohortibus,</span> <span class='ocrx_word' id='word_1_103' title='bbox 631 2099 704 2169; x_wconf 80' lang='lat' dir='ltr'>quae</span> <span class='ocrx_word' id='word_1_104' title='bbox 720 2077 766 2145; x_wconf 92' lang='lat' dir='ltr'>ibi</span> <span class='ocrx_word' id='word_1_105' title='bbox 782 2075 932 2170; x_wconf 84' lang='lat' dir='ltr'>praesidio</span> <span class='ocrx_word' id='word_1_106' title='bbox 948 2091 1042 2146; x_wconf 81' lang='lat' dir='ltr'>erant</span> <span class='ocrx_word' id='word_1_107' title='bbox 1059 2077 1198 2166; x_wconf 75' lang='lat' dir='ltr'>relictae,</span> <span class='ocrx_word' id='word_1_108' title='bbox 1216 2080 1265 2146; x_wconf 91' lang='lat' dir='ltr'>in·</span> 
     </span>
     <span class='ocr_line' id='line_1_16' title="bbox 231 2193 1263 2284; baseline 0 -20"><span class='ocrx_word' id='word_1_109' title='bbox 231 2196 355 2266; x_wconf 88' lang='lat' dir='ltr'>dustrie</span> <span class='ocrx_word' id='word_1_110' title='bbox 371 2194 650 2284; x_wconf 80' lang='lat' dir='ltr'>defendebantur,</span> <span class='ocrx_word' id='word_1_111' title='bbox 670 2193 775 2265; x_wconf 91' lang='lat' dir='ltr'>multo</span> <span class='ocrx_word' id='word_1_112' title='bbox 792 2197 888 2264; x_wconf 85' lang='lat' dir='ltr'>etiam</span> <span class='ocrx_word' id='word_1_113' title='bbox 907 2196 1015 2264; x_wconf 89' lang='lat' dir='ltr'>acrius</span> <span class='ocrx_word' id='word_1_114' title='bbox 1035 2220 1054 2264; x_wconf 91' lang='lat' dir='ltr'>u</span> <span class='ocrx_word' id='word_1_115' title='bbox 1081 2197 1263 2266; x_wconf 86' lang='lat' dir='ltr'>Thracibus</span> 
     </span>
     <span class='ocr_line' id='line_1_17' title="bbox 233 2314 1262 2408; baseline -0.003 -23"><span class='ocrx_word' id='word_1_116' title='bbox 233 2316 450 2408; x_wconf 88' lang='lat' dir='ltr'>Barbarlsque</span> <span class='ocrx_word' id='word_1_117' title='bbox 462 2314 600 2384; x_wconf 82' lang='lat' dir='ltr'>auxiliis.</span> <span class='ocrx_word' id='word_1_118' title='bbox 618 2315 772 2406; x_wconf 83' lang='lat' dir='ltr'>Numqui</span> <span class='ocrx_word' id='word_1_119' title='bbox 786 2316 855 2383; x_wconf 84' lang='lat' dir='ltr'>acie</span> <span class='ocrx_word' id='word_1_120' title='bbox 871 2314 1058 2408; x_wconf 83' lang='lat' dir='ltr'>refugerant</span> <span class='ocrx_word' id='word_1_121' title='bbox 1075 2314 1212 2402; x_wconf 86' lang='lat' dir='ltr'>milites,</span> <span class='ocrx_word' id='word_1_122' title='bbox 1230 2331 1262 2383; x_wconf 90' lang='lat' dir='ltr'>et</span> 
     </span>
     <span class='ocr_line' id='line_1_18' title="bbox 229 2431 1263 2530; baseline -0.002 -26"><span class='ocrx_word' id='word_1_123' title='bbox 229 2437 342 2504; x_wconf 87' lang='lat' dir='ltr'>animo</span> <span class='ocrx_word' id='word_1_124' title='bbox 359 2435 544 2530; x_wconf 87' lang='lat' dir='ltr'>perterriti,</span> <span class='ocrx_word' id='word_1_125' title='bbox 561 2447 593 2502; x_wconf 91' lang='lat' dir='ltr'>et</span> <span class='ocrx_word' id='word_1_126' title='bbox 609 2431 800 2502; x_wconf 86' lang='lat' dir='ltr'>lassitudine</span> <span class='ocrx_word' id='word_1_127' title='bbox 818 2432 978 2519; x_wconf 88' lang='lat' dir='ltr'>confecti,</span> <span class='ocrx_word' id='word_1_128' title='bbox 995 2433 1100 2501; x_wconf 89' lang='lat' dir='ltr'>missis</span> <span class='ocrx_word' id='word_1_129' title='bbox 1116 2431 1263 2525; x_wconf 91' lang='lat' dir='ltr'>plerique</span> 
     </span>
     <span class='ocr_line' id='line_1_19' title="bbox 229 2549 1261 2648; baseline -0.005 -25"><span class='ocrx_word' id='word_1_130' title='bbox 229 2555 328 2623; x_wconf 85' lang='lat' dir='ltr'>armis</span> <span class='ocrx_word' id='word_1_131' title='bbox 357 2555 524 2648; x_wconf 87' lang='lat' dir='ltr'>signisque</span> <span class='ocrx_word' id='word_1_132' title='bbox 552 2550 767 2636; x_wconf 87' lang='lat' dir='ltr'>militaribus,</span> <span class='ocrx_word' id='word_1_133' title='bbox 805 2551 907 2643; x_wconf 90' lang='lat' dir='ltr'>magis</span> <span class='ocrx_word' id='word_1_134' title='bbox 935 2549 978 2616; x_wconf 92' lang='lat' dir='ltr'>de</span> <span class='ocrx_word' id='word_1_135' title='bbox 1011 2549 1138 2642; x_wconf 88' lang='lat' dir='ltr'>reliqua</span> <span class='ocrx_word' id='word_1_136' title='bbox 1166 2552 1261 2644; x_wconf 88' lang='lat' dir='ltr'>suga,</span> 
     </span>
     <span class='ocr_line' id='line_1_20' title="bbox 228 2668 1260 2767; baseline -0.004 -27"><span class='ocrx_word' id='word_1_137' title='bbox 228 2695 328 2767; x_wconf 87' lang='lat' dir='ltr'>quam</span> <span class='ocrx_word' id='word_1_138' title='bbox 345 2672 386 2740; x_wconf 89' lang='lat' dir='ltr'>de</span> <span class='ocrx_word' id='word_1_139' title='bbox 401 2686 585 2740; x_wconf 87' lang='lat' dir='ltr'>castrorum</span> <span class='ocrx_word' id='word_1_140' title='bbox 605 2668 791 2736; x_wconf 89' lang='lat' dir='ltr'>defensione</span> <span class='ocrx_word' id='word_1_141' title='bbox 818 2668 1015 2760; x_wconf 82' lang='lat' dir='ltr'>cogitabant.</span> <span class='ocrx_word' id='word_1_142' title='bbox 1042 2670 1157 2761; x_wconf 88' lang='lat' dir='ltr'>Neque</span> <span class='ocrx_word' id='word_1_143' title='bbox 1182 2695 1260 2737; x_wconf 82' lang='lat' dir='ltr'>vcro</span> 
     </span>
     <span class='ocr_line' id='line_1_21' title="bbox 228 2781 1353 2882; baseline -0.004 -23"><span class='ocrx_word' id='word_1_144' title='bbox 228 2791 369 2877; x_wconf 88' lang='lat' dir='ltr'>diutius,</span> <span class='ocrx_word' id='word_1_145' title='bbox 386 2789 493 2882; x_wconf 90' lang='lat' dir='ltr'>quiin</span> <span class='ocrx_word' id='word_1_146' title='bbox 511 2785 595 2854; x_wconf 87' lang='lat' dir='ltr'>vallo</span> <span class='ocrx_word' id='word_1_147' title='bbox 613 2787 843 2870; x_wconf 85' lang='lat' dir='ltr'>constiterunt,</span> <span class='ocrx_word' id='word_1_148' title='bbox 860 2785 1103 2854; x_wconf 89' lang='lat' dir='ltr'>multitudinem</span> <span class='ocrx_word' id='word_1_149' title='bbox 1120 2785 1260 2854; x_wconf 90' lang='lat' dir='ltr'>telorum</span> <span class='ocrx_word' id='word_1_150' title='bbox 1351 2781 1353 2788; x_wconf 69' lang='grc'><strong>’</strong></span> 
     </span>
     <span class='ocr_line' id='line_1_22' title="bbox 229 2902 1260 3003; baseline -0.007 -23"><span class='ocrx_word' id='word_1_151' title='bbox 229 2913 388 2980; x_wconf 89' lang='lat' dir='ltr'>sustinere</span> <span class='ocrx_word' id='word_1_152' title='bbox 407 2921 604 3003; x_wconf 88' lang='lat' dir='ltr'>potuerunt;</span> <span class='ocrx_word' id='word_1_153' title='bbox 623 2905 679 2974; x_wconf 91' lang='lat' dir='ltr'>sed</span> <span class='ocrx_word' id='word_1_154' title='bbox 696 2903 833 2973; x_wconf 81' lang='lat' dir='ltr'>confecti</span> <span class='ocrx_word' id='word_1_155' title='bbox 852 2904 1043 2973; x_wconf 82' lang='lat' dir='ltr'>vulneribus</span> <span class='ocrx_word' id='word_1_156' title='bbox 1071 2902 1178 2973; x_wconf 87' lang='lat' dir='ltr'>locum</span> <span class='ocrx_word' id='word_1_157' title='bbox 1212 2929 1260 2974; x_wconf 89' lang='lat' dir='ltr'>re·</span> 
     </span>
     <span class='ocr_line' id='line_1_23' title="bbox 228 3023 1258 3122; baseline -0.005 -25"><span class='ocrx_word' id='word_1_158' title='bbox 228 3029 412 3122; x_wconf 90' lang='lat' dir='ltr'>liquerunt,</span> <span class='ocrx_word' id='word_1_159' title='bbox 430 3029 646 3121; x_wconf 87' lang='lat' dir='ltr'>protinusque</span> <span class='ocrx_word' id='word_1_160' title='bbox 663 3047 794 3106; x_wconf 86' lang='lat' dir='ltr'>omnes,</span> <span class='ocrx_word' id='word_1_161' title='bbox 813 3023 951 3092; x_wconf 87' lang='lat' dir='ltr'>ducibus</span> <span class='ocrx_word' id='word_1_162' title='bbox 980 3024 1030 3091; x_wconf 88' lang='lat' dir='ltr'>usi</span> <span class='ocrx_word' id='word_1_163' title='bbox 1060 3025 1258 3092; x_wconf 86' lang='lat' dir='ltr'>centurioni·</span> 
     </span>
     <span class='ocr_line' id='line_1_24' title="bbox 228 3140 1258 3240; baseline -0.005 -23"><span class='ocrx_word' id='word_1_164' title='bbox 228 3150 290 3218; x_wconf 87' lang='lat' dir='ltr'>bus</span> <span class='ocrx_word' id='word_1_165' title='bbox 307 3149 513 3240; x_wconf 85' lang='lat' dir='ltr'>tribunisque</span> <span class='ocrx_word' id='word_1_166' title='bbox 530 3143 690 3232; x_wconf 90' lang='lat' dir='ltr'>militum,</span> <span class='ocrx_word' id='word_1_167' title='bbox 718 3145 752 3211; x_wconf 93' lang='lat' dir='ltr'>in</span> <span class='ocrx_word' id='word_1_168' title='bbox 770 3140 945 3211; x_wconf 88' lang='lat' dir='ltr'>altissimos</span> <span class='ocrx_word' id='word_1_169' title='bbox 970 3158 1117 3230; x_wconf 88' lang='lat' dir='ltr'>montes,</span> <span class='ocrx_word' id='word_1_170' title='bbox 1140 3145 1196 3236; x_wconf 92' lang='lat' dir='ltr'>qui</span> <span class='ocrx_word' id='word_1_171' title='bbox 1217 3144 1258 3212; x_wconf 88' lang='lat' dir='ltr'>ad</span> 
     </span>
     <span class='ocr_line' id='line_1_25' title="bbox 227 3263 820 3362; baseline -0.015 -23"><span class='ocrx_word' id='word_1_172' title='bbox 227 3283 333 3340; x_wconf 88' lang='lat' dir='ltr'>castra</span> <span class='ocrx_word' id='word_1_173' title='bbox 349 3269 573 3362; x_wconf 85' lang='lat' dir='ltr'>pertinebant,</span> <span class='ocrx_word' id='word_1_174' title='bbox 590 3263 820 3358; x_wconf 87' lang='lat' dir='ltr'>confugerunt.</span> 
     </span>
    </p>

    <p class='ocr_par' dir='ltr' id='par_1_4' title="bbox 236 3380 1257 3478">
     <span class='ocr_line' id='line_1_26' title="bbox 236 3380 1257 3478; baseline -0.008 -18"><span class='ocrx_word' id='word_1_175' title='bbox 236 3409 239 3414; x_wconf 86' lang='lat'>&#39;</span> <span class='ocrx_word' id='word_1_176' title='bbox 274 3391 392 3460; x_wconf 86' lang='lat' dir='ltr'><strong>XCVI.</strong></span> <span class='ocrx_word' id='word_1_177' title='bbox 412 3393 451 3458; x_wconf 92' lang='lat' dir='ltr'>ln</span> <span class='ocrx_word' id='word_1_178' title='bbox 464 3389 580 3457; x_wconf 78' lang='lat' dir='ltr'>&#39;castris</span> <span class='ocrx_word' id='word_1_179' title='bbox 593 3385 740 3478; x_wconf 89' lang='lat' dir='ltr'>Pompeii</span> <span class='ocrx_word' id='word_1_180' title='bbox 759 3382 868 3452; x_wconf 88' lang='lat' dir='ltr'>videre</span> <span class='ocrx_word' id='word_1_181' title='bbox 879 3380 971 3452; x_wconf 92' lang='lat' dir='ltr'>licuit</span> <span class='ocrx_word' id='word_1_182' title='bbox 984 3382 1125 3452; x_wconf 88' lang='lat' dir='ltr'>triclinia</span> <span class='ocrx_word' id='word_1_183' title='bbox 1140 3399 1257 3470; x_wconf 74' lang='lat' dir='ltr'>strata,</span> 
     </span>
    </p>

    <p class='ocr_par' dir='ltr' id='par_1_5' title="bbox 227 3503 1257 3606">
     <span class='ocr_line' id='line_1_27' title="bbox 227 3503 1257 3606; baseline -0.01 -26"><span class='ocrx_word' id='word_1_184' title='bbox 227 3535 383 3606; x_wconf 83' lang='lat' dir='ltr'>magnum</span> <span class='ocrx_word' id='word_1_185' title='bbox 404 3508 530 3602; x_wconf 87' lang='lat' dir='ltr'>argenti</span> <span class='ocrx_word' id='word_1_186' title='bbox 549 3504 677 3599; x_wconf 91' lang='lat' dir='ltr'>pondus</span> <span class='ocrx_word' id='word_1_187' title='bbox 696 3504 902 3596; x_wconf 80' lang='lat' dir='ltr'>expositum,</span> <span class='ocrx_word' id='word_1_188' title='bbox 923 3503 1107 3570; x_wconf 86' lang='lat' dir='ltr'>recentibus</span> <span class='ocrx_word' id='word_1_189' title='bbox 1126 3503 1257 3595; x_wconf 87' lang='lat' dir='ltr'>cespiti·</span> 
     </span>
    </p>

    <p class='ocr_par' dir='ltr' id='par_1_6' title="bbox 226 3619 1256 3709">
     <span class='ocr_line' id='line_1_28' title="bbox 226 3619 1256 3709; baseline -0.013 -8"><span class='ocrx_word' id='word_1_190' title='bbox 226 3633 289 3700; x_wconf 91' lang='lat' dir='ltr'>bus</span> <span class='ocrx_word' id='word_1_191' title='bbox 306 3627 515 3700; x_wconf 82' lang='lat' dir='ltr'>tabernacula</span> <span class='ocrx_word' id='word_1_192' title='bbox 532 3639 716 3709; x_wconf 88' lang='lat' dir='ltr'>constrata,</span> <span class='ocrx_word' id='word_1_193' title='bbox 733 3626 771 3691; x_wconf 89' lang='lat' dir='ltr'>L.</span> <span class='ocrx_word' id='word_1_194' title='bbox 791 3622 889 3690; x_wconf 84' lang='lat' dir='ltr'>etiam</span> <span class='ocrx_word' id='word_1_195' title='bbox 911 3619 1042 3690; x_wconf 92' lang='lat' dir='ltr'>Lentuli</span> <span class='ocrx_word' id='word_1_196' title='bbox 1061 3635 1094 3687; x_wconf 89' lang='lat' dir='ltr'>et</span> <span class='ocrx_word' id='word_1_197' title='bbox 1112 3619 1256 3688; x_wconf 92' lang='lat' dir='ltr'>nonnul·</span> 
     </span>
    </p>

    <p class='ocr_par' dir='ltr' id='par_1_7' title="bbox 227 3739 1256 3838">
     <span class='ocr_line' id='line_1_29' title="bbox 227 3739 1256 3838; baseline -0.013 -20"><span class='ocrx_word' id='word_1_198' title='bbox 227 3747 333 3818; x_wconf 88' lang='lat' dir='ltr'>lorum</span> <span class='ocrx_word' id='word_1_199' title='bbox 352 3744 561 3817; x_wconf 87' lang='lat' dir='ltr'>tabernacula</span> <span class='ocrx_word' id='word_1_200' title='bbox 581 3757 726 3838; x_wconf 88' lang='lat' dir='ltr'>protecta</span> <span class='ocrx_word' id='word_1_201' title='bbox 746 3741 860 3827; x_wconf 82' lang='lat' dir='ltr'>edera3</span> <span class='ocrx_word' id='word_1_202' title='bbox 889 3739 1059 3832; x_wconf 86' lang='lat' dir='ltr'>multaque</span> <span class='ocrx_word' id='word_1_203' title='bbox 1078 3753 1256 3832; x_wconf 81' lang='lat' dir='ltr'>praeterea,</span> 
     </span>
    </p>

    <p class='ocr_par' dir='ltr' id='par_1_8' title="bbox 129 3856 1255 3959">
     <span class='ocr_line' id='line_1_30' title="bbox 129 3856 1255 3959; baseline -0.01 -23"><span class='ocrx_word' id='word_1_204' title='bbox 129 3899 133 3906; x_wconf 65' lang='lat'>¹</span> <span class='ocrx_word' id='word_1_205' title='bbox 227 3889 299 3959; x_wconf 84' lang='lat' dir='ltr'>quae</span> <span class='ocrx_word' id='word_1_206' title='bbox 312 3868 448 3935; x_wconf 87' lang='lat' dir='ltr'>nimiam</span> <span class='ocrx_word' id='word_1_207' title='bbox 461 3864 624 3934; x_wconf 82' lang='lat' dir='ltr'>luxuriam</span> <span class='ocrx_word' id='word_1_208' title='bbox 641 3877 674 3930; x_wconf 90' lang='lat' dir='ltr'>et</span> <span class='ocrx_word' id='word_1_209' title='bbox 686 3862 831 3930; x_wconf 73' lang='lat' dir='ltr'>victorie</span> <span class='ocrx_word' id='word_1_210' title='bbox 848 3859 1002 3928; x_wconf 84' lang='lat' dir='ltr'>fiduciam</span> <span class='ocrx_word' id='word_1_211' title='bbox 1021 3856 1229 3951; x_wconf 82' lang='lat' dir='ltr'>designarent</span> <span class='ocrx_word' id='word_1_212' title='bbox 1248 3883 1255 3925; x_wconf 94' lang='lat'><strong>:</strong></span> 
     </span>
    </p>

    <p class='ocr_par' dir='ltr' id='par_1_9' title="bbox 227 3977 1255 4166">
     <span class='ocr_line' id='line_1_31' title="bbox 227 3977 1255 4076; baseline -0.01 -23"><span class='ocrx_word' id='word_1_213' title='bbox 227 3999 264 4054; x_wconf 92' lang='lat' dir='ltr'>ut</span> <span class='ocrx_word' id='word_1_214' title='bbox 283 3983 377 4053; x_wconf 85' lang='lat' dir='ltr'>facile</span> <span class='ocrx_word' id='word_1_215' title='bbox 395 3985 547 4052; x_wconf 73' lang='lat' dir='ltr'>estimari</span> <span class='ocrx_word' id='word_1_216' title='bbox 566 3995 692 4076; x_wconf 87' lang='lat' dir='ltr'>posset,</span> <span class='ocrx_word' id='word_1_217' title='bbox 714 3979 795 4048; x_wconf 94' lang='lat' dir='ltr'>nihil</span> <span class='ocrx_word' id='word_1_218' title='bbox 816 4003 871 4048; x_wconf 90' lang='lat' dir='ltr'>eos</span> <span class='ocrx_word' id='word_1_219' title='bbox 890 3978 931 4047; x_wconf 91' lang='lat' dir='ltr'>de</span> <span class='ocrx_word' id='word_1_220' title='bbox 950 3991 1067 4046; x_wconf 88' lang='lat' dir='ltr'>eventu</span> <span class='ocrx_word' id='word_1_221' title='bbox 1094 3978 1164 4070; x_wconf 86' lang='lat' dir='ltr'>ejus</span> <span class='ocrx_word' id='word_1_222' title='bbox 1192 3977 1255 4047; x_wconf 85' lang='lat' dir='ltr'>diei</span> 
     </span>
     <span class='ocr_line' id='line_1_32' title="bbox 1067 4121 1119 4166; baseline -0.077 1"><span class='ocrx_word' id='word_1_223' title='bbox 1067 4121 1119 4166; x_wconf 94' lang='lat'>10.</span> 
     </span>
    </p>
   </div>
   <div class='ocr_carea' id='block_1_3' title="bbox 0 0 1538 4772">
    <p class='ocr_par' dir='ltr' id='par_1_10' title="bbox 0 0 1538 4772">
     <span class='ocr_line' id='line_1_33' title="bbox 0 0 1538 4772; baseline 0 4"><span class='ocrx_word' id='word_1_224' title='bbox 0 0 1538 4772; x_wconf 95' lang='lat' dir='ltr'> </span> 
     </span>
    </p>
   </div>
  </div>
 </body>
</html>
