3014 4780
308 399 365 460 250
485 401 516 456 C.
536 399 634 455 JULll
653 397 819 454 cmsuttts
840 395 1036 452 ΟΟΙΙΜΕΝΤ.
1058 395 1168 450 LIBER

307 527 380 598 dne
401 526 486 594 inter
507 549 541 594 se
558 497 807 592 concurrissent
823 521 918 590 initio
934 519 1137 604 certaminis,
1151 517 1252 614 paulo
1270 517 1357 588 lon-

271 711 275 720 ,
308 647 380 741 gius
397 647 467 738 ejus
487 645 652 738 equitatus
670 643 908 712 circumvectus
923 665 963 710 ex
980 640 1156 732 improviso
1176 636 1354 708 clauderet

308 763 523 834 multitudine
540 751 599 832 sua
624 764 803 832 exercitum
821 762 974 847 Cesaris,
994 775 1090 852 atque
1110 758 1353 852 perturbatum

304 881 424 980 jaculis
442 883 632 979 configeret
652 885 730 950 Hac
744 881 808 950 suit
827 883 911 948 ratio
933 881 1095 975 Scipionis
1116 901 1160 946 eo
1185 877 1241 948 die
1257 903 1354 971 proe-

307 1003 420 1076 liandi.

354 1127 427 1198 Lx.
447 1125 585 1196 Caesaris
602 1138 712 1192 nutem
731 1124 817 1192 acies
833 1121 896 1190 hoe
912 1120 1011 1193 modo
1030 1120 1093 1189 suit
1110 1118 1287 1207 collocata,
1310 1136 1350 1190 ut

307 1246 350 1314 ab
363 1243 497 1312 sinistro
513 1244 584 1336 ejus
603 1267 708 1312 cornu
723 1240 855 1328 ordiar,
871 1256 905 1312 et
919 1239 962 1310 ad
978 1239 1131 1308 dextrum
1141 1239 1348 1332 perveniam.

307 1363 431 1430 Habuit
450 1364 483 1430 in
510 1363 643 1430 sinistro
663 1385 769 1430 cornu
795 1360 957 1455 legionem
985 1383 1036 1443 rx,
1060 1383 1139 1444 vur3
1167 1361 1199 1426 in
1222 1357 1349 1428 dextro

307 1503 410 1550 cornu
428 1503 511 1568 xxx,
529 1505 641 1552 xxvtu
661 1507 668 1549 :
686 1505 769 1568 xru,
787 1505 864 1568 xiv,
877 1503 973 1566 xxix,
994 1503 1078 1550 xxvi
1096 1481 1130 1550 in
1141 1478 1247 1548 media
1258 1481 1348 1566 acie;

308 1599 415 1693 ipsum
437 1615 547 1672 autem
569 1599 723 1670 doxtrum
739 1624 863 1686 cornu,
879 1599 1057 1670 secundam
1081 1599 1184 1667 aciem
1203 1598 1285 1686 lere,
1309 1601 1347 1668 in

307 1743 420 1789 earum
432 1717 600 1815 legionum
612 1735 705 1814 parte
721 1720 909 1790 cohortium
925 1717 1143 1788 collocaverat
1159 1746 1169 1807 3
1184 1734 1346 1813 praterea

308 1864 347 1909 ex
367 1841 513 1913 tironum
533 1839 719 1935 legionibus
741 1863 861 1934 pancas
877 1839 1051 1932 adjecerat
1070 1841 1215 1908 Tertiam
1230 1852 1345 1908 autem

307 1961 413 2026 aciem
430 1961 464 2028 in
483 1960 653 2028 sinistrum
671 1984 769 2028 suum
785 1981 889 2028 cornu
905 1956 1108 2044 contulerat,
1121 1973 1157 2026 et
1175 1949 1346 2050 usquead

306 2077 386 2144 aciei
405 2101 470 2144 suae
486 2077 628 2146 mediam
649 2076 809 2171 legionem
826 2092 1032 2170 porrexerat,
1049 2093 1081 2146 et
1102 2081 1146 2147 ita
1162 2076 1345 2148 collocave-

307 2207 374 2275 rat,
390 2195 438 2264 uti
452 2195 622 2264 sinistrum
641 2218 738 2264 suum
753 2219 857 2264 cornu
876 2195 997 2290 triplex
1011 2212 1107 2266 esset.
1125 2197 1218 2266 Ideo
1231 2200 1344 2266 consi-

293 2311 352 2413 'lio
366 2311 502 2398 fecerat,
521 2313 613 2406 quod
630 2337 725 2382 suum
742 2313 895 2384 dextrum
919 2315 1004 2384 latus
1026 2315 1264 2386 munitionibus
1280 2316 1344 2386 ad-

304 2432 497 2526 juvabatur-3
516 2433 686 2502 sinistrum
703 2449 832 2521 autem,
849 2437 1014 2528 equitatus
1035 2435 1177 2506 hostium
1194 2434 1345 2506 multitu·

275 2545 281 2559 '
307 2551 377 2620 dini
394 2554 441 2622 uti
459 2553 612 2622 resistere
630 2568 752 2646 posset,
766 2552 954 2640 laborabam
972 2553 1152 2646 eodemque
1162 2573 1259 2622 mum
1271 2577 1345 2623 om-

303 2696 382 2740 nem
398 2670 584 2742 contulerat
598 2674 802 2765 equitatum:
818 2688 851 2742 et
865 2674 956 2767 qnod
965 2677 996 2744 ei
1011 2697 1129 2768 parum
1140 2673 1343 2760 confidebat,

305 2790 458 2883 presidio
476 2791 526 2860 his
543 2793 708 2885 equitibus
725 2791 888 2888 legionem
904 2817 925 2864 v
942 2795 1158 2888 premiserat,
1173 2791 1342 2886 levemque

307 2927 508 2982 armaturam
530 2914 617 2981 inter
636 2912 761 3004 equites
776 2915 1029 3007 interposuerat.
1049 2913 1240 3006 Sagittarius
1256 2913 1342 2982 varie

308 3033 510 3124 passimque,
533 3030 615 3100 locis
641 3034 753 3116 oertis,
778 3035 984 3127 maximeque
1006 3035 1040 3102 in
1062 3032 1218 3102 cornibus
1241 3029 1341 3102 collo·

307 3164 449 3218 caverat.

353 3267 440 3336 LXI.
452 3269 507 3338 ste
521 3284 739 3364 utrorumque
752 3273 914 3341 exercitus
926 3273 1091 3358 instructi,
1105 3297 1172 3340 nou
1185 3271 1259 3365 plus
1274 3297 1342 3366 pas

305 3411 401 3454 snum
412 3407 473 3456 ccc
486 3387 657 3480 interjecto
674 3393 799 3482 spatio,
813 3391 903 3483 quod
920 3390 1056 3459 forsitan
1074 3404 1151 3472 ante
1164 3389 1198 3456 id
1212 3405 1342 3482 tempus

306 3504 471 3576 acciderat
489 3531 677 3600 nunquam,
692 3512 773 3604 quin
790 3510 1022 3589 dimicaretur,
1038 3531 1057 3574 n
1074 3529 1285 3598 manensque
1298 3509 1341 3577 ad

305 3623 421 3694 horam
434 3651 456 3694 x
465 3623 548 3711 diei,
561 3629 784 3720 perstitemnt.
799 3631 938 3716 Jamque
948 3626 1058 3692 Caesar
1070 3623 1149 3692 dum
1161 3627 1339 3697 exercitum

305 3741 462 3814 reducere
482 3747 570 3816 intra
588 3749 786 3816 munitiones
799 3767 874 3821 suas
891 3743 1059 3835 coepisset,
1080 3742 1191 3812 subito
1210 3747 1340 3816 univer·

305 3885 361 3931 sus
386 3867 552 3956 equitatus
580 3867 716 3936 ulterior
741 3862 962 3934 Numidarum
981 3862 1256 3959 Gaetulorumque
1272 3868 1340 3936 sine

306 3975 405 4049 frenis
419 3983 462 4054 ad
480 3983 628 4054 dextram
649 3999 774 4080 partem
793 4007 828 4052 se
844 4007 994 4075 movere,
1013 3986 1217 4088 propiusque
1236 3991 1339 4058 Cesa-
