3062 4766
289 345 343 400 ¹92
440 329 471 384 C.
494 329 590 384 JULll
612 327 775 386 CAESARss
798 327 1162 388 commentorum

282 477 374 522 more
400 451 518 547 gallico
535 463 672 546 passum
691 451 847 547 capillum
867 469 1050 540 ostentare,
1077 451 1264 546 liberosque
1292 453 1325 519 in

282 587 499 666 conspectum
515 571 663 667 proferre
681 588 862 665 coeperunt.
881 577 964 642 Erat
978 573 1138 644 Romanis
1154 585 1216 640 neo
1236 569 1326 655 loco,

281 716 343 760 nec
363 717 521 777 numero,
541 716 635 786 aequa
657 693 853 761 contentio:
879 691 1031 762 simulet
1048 715 1147 760 cursu
1169 705 1203 758 et
1219 689 1326 783 spatio

168 811 170 813 ’
280 811 400 907 pugnae
415 811 601 906 defatigati,
617 835 686 880 non
700 809 794 881 facile
810 826 958 882 recentes
970 827 1070 904 atque
1089 812 1237 904 integros
1255 833 1327 878 sus-

281 933 443 1002 tinebant.
901 1014 904 1018 ,
1168 1005 1169 1010 ,

328 1055 450 1122 XLIX.
469 1055 596 1138 Caesar,
620 1076 724 1145 quum
745 1053 861 1146 iniquo
881 1050 956 1120 loco
976 1050 1136 1146 pugnari,
1159 1049 1325 1117 hostium·

279 1195 345 1265 que
360 1173 474 1265 augeri
491 1173 603 1265 copias
621 1170 765 1259 videret,
786 1185 1005 1264 praemetuens
1026 1171 1109 1253 suis,
1126 1168 1168 1236 ad
1190 1172 1230 1236 T.
1250 1169 1327 1262 Sen-

281 1293 364 1360 tium
381 1290 542 1385 legatum,
560 1315 658 1384 quem
677 1291 859 1360 minoribus
877 1293 993 1360 castris
1008 1288 1162 1384 praesidio
1181 1286 1325 1380 relique·

281 1427 347 1499 rat,
369 1412 488 1499 mittit,
507 1425 545 1480 ut
569 1411 722 1480 cohortes
738 1435 778 1479 ex
795 1411 911 1483 castris
927 1408 1079 1478 celeriter
1101 1409 1271 1492 educeret,
1291 1422 1326 1474 et

279 1533 340 1600 sub
362 1530 477 1626 infimo
493 1527 577 1600 colle
594 1531 635 1598 ab
655 1529 772 1599 dextro
790 1529 895 1598 latere
914 1530 1061 1599 hostium
1082 1531 1323 1598 constitueret:

279 1665 335 1738 ut,
357 1651 385 1718 si
406 1665 535 1719 nostros
552 1648 706 1742 depulsos
726 1649 799 1718 loco
822 1648 971 1737 vidisset,
995 1673 1062 1742 quo
1087 1651 1198 1718 minus
1222 1646 1325 1715 libere

279 1771 391 1840 hostes
412 1772 676 1864 insequerentur,
696 1783 845 1837 terreret.
861 1772 951 1862 Ipse,
969 1769 1106 1863 paulum
1131 1793 1171 1837 ex
1194 1792 1233 1835 eo
1250 1765 1325 1836 loco

280 1914 357 1960 cum
370 1888 501 1984 legione
516 1913 725 1984 progressus,
736 1889 792 1957 ubi
805 1890 1018 1977 constiterat,
1033 1903 1189 1957 eventum
1203 1910 1324 1982 pugnae

278 2009 499 2102 exspectabat.
1048 2011 1050 2016 ’

325 2131 364 2195 L.
384 2129 500 2216 Quum
522 2129 683 2198 acerrime
703 2129 854 2198 cominus
876 2142 1096 2225 pugnaretur,
1117 2129 1229 2196 hostes
1248 2127 1323 2196 loeo

276 2261 311 2315 et
323 2270 479 2334 numero,
496 2247 602 2315 nostri
621 2249 746 2316 virtute
767 2249 987 2337 confiderent,
1002 2247 1112 2316 subito
1129 2261 1208 2316 sunt
1223 2246 1323 2316 AEdui

276 2366 354 2449 visi,
379 2365 420 2434 ab
449 2364 551 2434 latere
576 2367 698 2436 nostris
724 2383 860 2462 aperto,
885 2393 969 2462 quos
998 2371 1109 2436 Caesar
1133 2367 1175 2434 ab
1205 2366 1323 2435 dextra

276 2500 370 2579 parte
393 2483 459 2553 alio
484 2509 638 2575 ascensu,
664 2513 782 2558 manus
807 2487 1002 2558 distinendae
1024 2510 1139 2572 causa,
1173 2488 1319 2556 miserat.

275 2607 319 2674 Hi
335 2604 553 2700 similitudine
568 2631 738 2676 armorum
757 2608 972 2676 vehementer
987 2621 1119 2676 nostros
1135 2621 1322 2701 perterrue-

274 2740 377 2795 runt:
395 2750 453 2810 ac,
470 2727 600 2795 tametsi
621 2726 741 2795 dextris
757 2727 905 2796 humeris
922 2729 1058 2796 exsertis
1075 2726 1321 2796 animadverte·

273 2845 416 2934 bantur,
433 2847 523 2939 quod
542 2847 672 2942 insigne
689 2860 844 2939 pacatum
863 2871 933 2916 esse
949 2861 1140 2936 consuerat,
1158 2863 1270 2919 umen
1286 2845 1320 2914 id

275 2966 383 3058 ipsum
401 2969 453 3035 sui
469 2965 605 3036 fallendi
622 2991 719 3035 causa
736 2965 857 3036 milites
872 2968 914 3037 ab
927 2969 1079 3038 hostibus
1095 2968 1220 3038 factum
1238 2968 1321 3036 exis·

275 3086 447 3156 timebant.
470 3086 598 3156 Eodem
624 3101 774 3180 tempore
793 3091 831 3155 L.
855 3089 977 3156 Fabius
1005 3090 1171 3172 centurio,
1195 3089 1320 3183 quique

273 3207 336 3273 una
363 3229 497 3274 murum
524 3193 758 3293 ascenderant,
783 3208 1002 3276 circumventi
1025 3221 1125 3308 atque
1153 3207 1318 3277 interfecti

271 3325 312 3393 de
336 3350 433 3395 muro
454 3327 714 3420 praecipitantur.
738 3329 786 3396 M.
809 3327 974 3414 Petreius,
1000 3326 1149 3420 ejusdem
1179 3327 1318 3422 legionis

270 3447 437 3532 centurio,
454 3469 558 3538 quum
574 3459 687 3539 portas
707 3447 859 3516 excidere
880 3430 1020 3518 conatus
1040 3461 1140 3535 esset,
1160 3472 1180 3515 a
1204 3447 1318 3517 multi·

270 3567 384 3636 tudine
402 3588 578 3658 oppressus
599 3590 638 3634 ac
656 3566 718 3634 sibi
738 3567 929 3662 desperans,
948 3567 1061 3639 multis
1080 3571 1148 3663 jam
1171 3567 1318 3638 vulneri·

269 3687 330 3754 bus
344 3685 504 3778 acceptis,
519 3685 782 3778 manipularibus
799 3688 881 3773 suis,
896 3687 954 3780 qui
972 3686 1066 3757 illum
1084 3692 1188 3758 secuti
1206 3705 1315 3776 erant,

269 3835 285 3870 r
310 3806 497 3895 Quoniam,
517 3806 642 3898 inquit,
662 3831 715 3875 me
733 3831 799 3877 una
817 3809 987 3877 vobiscum
1004 3833 1136 3880 servare
1153 3837 1221 3880 non
1238 3836 1334 3906 pos·¹

268 3951 355 4014 sum,
372 3941 491 3994 restrae
508 3927 643 4021 quidem
659 3943 748 3998 certe
763 3931 839 3998 vitae
854 3931 1069 4026 prospiciam,
1086 3956 1169 4025 quos
1186 3931 1315 4026 cupidi·
