3096 4762
263 353 299 410 56
421 354 452 409 C.
475 353 570 409 tutu
590 351 753 410 cffisnnls
774 353 1141 412 COMMENTARIORUM

262 491 353 562 rant,
374 477 458 544 citra
478 475 602 545 flumen
622 477 778 546 Rhenum
800 477 973 570 depositis,
994 477 1152 546 custodire
1172 501 1212 544 ex
1233 478 1298 545 suis

262 618 301 664 ac
327 593 480 686 praesidio
504 620 560 664 sen
588 593 690 664 millia
714 593 890 692 bominum
915 621 981 664 una
1001 591 1217 690 reliquerunt.
1239 595 1299 678 Hi,

262 726 337 806 post
356 737 471 783 corum
489 715 636 801 obitum,
654 713 776 784 multos
795 739 900 784 annos
923 740 942 784 a
959 713 1109 784 finitimis
1129 709 1298 810 exagitati,

263 856 366 926 quum
387 830 466 902 alias
487 831 612 902 bellurn
632 834 806 921 inferrent,
826 832 906 903 alias
925 831 1053 903 illatum
1071 833 1310 919 defenderent,

264 975 423 1022 consensu
443 977 557 1046 eorum
580 955 730 1022 omnium
749 977 829 1047 pace
849 952 949 1039 facta,
966 953 1056 1021 hunc
1080 951 1142 1020 sibi
1161 951 1300 1021 domici·

263 1067 310 1139 lio
323 1068 434 1141 locum
449 1071 650 1168 delegerunt.

313 1194 421 1260 XXX.
443 1195 493 1262 Ac
512 1193 621 1285 primo
640 1193 785 1264 adventu
804 1193 965 1264 exercitus
984 1191 1089 1260 nostri
1110 1189 1242 1259 crebras
1260 1199 1300 1258 cx

265 1309 389 1406 oppido
410 1313 618 1382 excursiones
640 1312 818 1399 faciebant,
843 1308 1053 1406 parvulisque
1076 1307 1200 1403 proeliis
1224 1333 1300 1377 eum
1364 1295 1366 1298 ⁵

266 1432 386 1499 nostris
410 1431 683 1500 contendebant:
708 1447 820 1526 postea
837 1428 924 1498 vallo
940 1427 1063 1523 pedum
1086 1451 1155 1515 x11,
1180 1429 1213 1496 in
1237 1429 1301 1495 cir-

265 1549 358 1617 cuitu
374 1573 421 1618 xv
437 1547 592 1639 millium,
605 1551 793 1643 crebrisque
806 1546 947 1618 castellis
963 1547 1227 1633 circummuniti,
1240 1571 1300 1639 op·

266 1667 346 1764 pido
355 1691 426 1737 sese
434 1669 658 1740 continebant.
669 1669 751 1757 Ubi,
761 1669 866 1736 vineis
875 1669 975 1754 actis,
985 1665 1104 1761 aggere
1116 1679 1300 1752 exstructo,

268 1787 387 1856 turrim
410 1785 525 1881 procul
547 1787 702 1858 constitui
724 1787 899 1872 viderunt,
926 1787 1070 1881 primum
1099 1783 1236 1852 irridere
1262 1809 1302 1852 ex

268 1927 365 1980 muro
385 1919 483 1998 atque
498 1906 704 1999 ,increpitare
722 1906 874 1992 vocibus,
894 1927 962 1998 quo
986 1919 1079 1974 tanta
1103 1902 1302 1971 machinatio

268 2025 309 2094 ab
329 2037 422 2096 tanto
441 2024 547 2117 spatio
570 2023 817 2096 institueretur?
834 2024 1032 2117 quibusnam
1054 2021 1225 2108 manibus,
1246 2037 1303 2091 aut

267 2142 389 2234 quibus
399 2142 539 2229 viribus,
555 2145 735 2235 praesertim
748 2143 898 2211 homines
916 2139 1051 2210 tantulae
1068 2154 1200 2210 staturae
1211 2141 1302 2237 (nam

268 2259 466 2354 plerumque
476 2260 665 2334 hominibus
675 2258 796 2348 Gallis,
805 2286 871 2355 prae
881 2259 1110 2355 magnitudine
1124 2284 1303 2354 corporum

269 2403 422 2468 suorum,
432 2379 576 2448 brevitas
588 2394 700 2449 nostra
709 2381 916 2474 contemptui
929 2379 1012 2475 est),
1022 2381 1104 2450 tanti
1116 2382 1225 2451 oneris
1235 2396 1305 2450 tur·

270 2503 332 2578 r'nn
351 2501 386 2568 in
402 2522 515 2568 muros
534 2523 603 2568 sese
619 2497 780 2569 collocare
794 2499 1021 2570 confiderent?

316 2622 440 2688 XXXI.
461 2618 529 2696 Ubi
546 2641 625 2690 vero
643 2618 785 2704 moveri,
803 2633 836 2688 et
856 2620 1125 2714 appropinquare
1142 2619 1304 2688 moenibus

271 2738 440 2826 viderunt,
457 2763 543 2809 nova
563 2753 663 2832 atque
682 2739 839 2808 inusitata
856 2740 964 2832 specie
983 2739 1157 2826 commoti,
1181 2736 1304 2833 legatos

271 2857 313 2928 ad
326 2861 488 2930 Caesarem
512 2858 553 2928 de
582 2885 661 2955 pace
683 2860 863 2946 miserunt,
890 2861 965 2954 qui,
991 2858 1034 2927 ad
1057 2858 1148 2927 bunc
1169 2857 1305 2926 modurn

273 2976 401 3052 locuti:
419 3007 436 3043 α
454 2981 532 3050 Nou
559 3004 593 3048 se
615 2980 800 3048 existimare
820 2984 987 3049 Romanos
1013 2980 1084 3048 sine
1109 3001 1174 3072 ope
1194 2974 1306 3046 divina
1425 2993 1427 2996 ’

271 3094 396 3166 bellum
413 3121 540 3192 gerere,
553 3099 610 3190 qui
628 3111 726 3167 tantae
742 3097 925 3166 altitudinis
938 3097 1198 3182 machinationes
1214 3111 1306 3166 tanta

273 3214 439 3286 celeritate
462 3240 655 3309 promovere
679 3230 764 3285 etex
788 3217 1034 3310 propinquitate
1058 3239 1207 3311 pugnare
1230 3241 1307 3309 pos·

273 3351 345 3412 seut
362 3362 370 3404 ε
388 3360 422 3406 se
439 3359 562 3428 suaque
577 3337 813 3406 omniaeorum
827 3337 981 3429 potestati
995 3337 1201 3430 permittere,
1216 3335 1307 3405 dire-

275 3469 362 3526 runt.
381 3459 497 3526 Unum
517 3469 630 3548 petere
646 3435 876 3548 acdeprecari
894 3479 903 3522 ε
920 3457 952 3523 si
968 3455 1069 3542 forte,
1088 3479 1150 3550 pro
1165 3479 1224 3524 sua
1242 3453 1307 3524 cle-

275 3575 399 3644 mentia
415 3599 454 3643 ac
479 3573 867 3667 mansuetudinequam
888 3575 955 3667 ipsi
977 3573 1018 3642 ab
1043 3572 1116 3642 aliis
1139 3575 1307 3662 audirent,

278 3694 454 3780 statuisset,
470 3695 651 3763 Atuatucos
666 3718 736 3762 esse
750 3692 1012 3780 conservandos,
1029 3717 1071 3760 ne
1088 3715 1122 3760 se
1138 3696 1238 3760 armis
1250 3693 1309 3761 de·

280 3809 446 3909 spoliaret,
474 3811 535 3879 sibi
556 3836 670 3880 omnes
693 3812 761 3880 lere
790 3813 947 3880 finitimos
975 3835 1045 3880 esse
1073 3811 1241 3898 inimicos,
1270 3835 1310 3879 ac

277 3959 343 4004 sum
358 3933 472 4000 virtuti
491 3929 651 4016 invidere;
673 3957 692 3998 a
712 3931 830 4024 quibus
848 3955 883 3998 se
900 3929 1089 4020 defendere,
1114 3931 1241 3999 traditis
1259 3951 1309 3998 ar·
