3086 4766
466 379 517 436 DE
537 378 656 438 saluo
675 379 838 436 GALUCO
857 379 924 437 us.
944 381 978 436 V.
1187 398 1241 453 ¹¹¹9

204 502 448 598 relinquerent,
468 517 569 597 atque
587 506 621 574 in
641 505 757 574 orbem
778 505 1004 576 consisterent.
1020 504 1120 593 Quod
1135 509 1242 578 cousi«

203 621 285 694 lium
301 625 363 694 etsi
379 626 414 692 in
429 623 591 717 ejusmodi
608 648 685 694 casu
702 623 1012 717 reprehendendum
1028 648 1097 694 oon
1109 638 1176 711 est,
1190 640 1242 694 te-

203 767 280 812 men
299 742 509 816 incommode
528 743 670 814 eccidit:
687 769 763 816 nam
780 759 814 814 et
829 745 950 818 nostris
970 742 1131 814 militibus
1147 767 1240 837 spem

202 863 339 950 odnuit,
351 877 385 930 et
397 862 506 932 hostes
522 862 565 933 ed
578 887 723 958 pugnam
738 863 914 934 alacriores
930 863 1053 951 effecit,
1067 861 1158 953 quod
1172 887 1241 934 non

201 981 273 1052 sine
304 1005 435 1052 summo
462 983 582 1052 timore
605 997 640 1052 et
669 982 897 1076 desperatione
928 983 963 1054 id
993 983 1118 1054 foetum
1149 981 1241 1052 vide·

201 1099 311 1170 batur.
329 1103 492 1173 Praeterea
505 1101 647 1190 eccidit,
660 1102 751 1197 quod
763 1103 834 1174 ficri
848 1127 980 1172 necesse
991 1117 1077 1190 erat,
1089 1117 1128 1172 ut
1140 1100 1243 1198 vulgo

200 1217 323 1290 milites
341 1219 382 1288 ab
402 1221 505 1314 signis
521 1221 740 1308 discederent,
757 1247 831 1316 quae
847 1223 988 1316 quisque
1007 1245 1124 1296 eorum
1139 1222 1242 1292 caris-
1355 1309 1361 1321 ⁸

200 1338 281 1410 sima
295 1337 449 1426 haberet,
460 1339 502 1407 ab
512 1339 757 1432 impedimentis
769 1355 882 1435 petere
892 1355 991 1435 atque
1003 1342 1155 1436 abripere
1165 1366 1242 1436 pro-

200 1470 346 1549 peraret,
363 1455 507 1528 elamore
524 1483 563 1527 ac
582 1459 663 1530 fletu
682 1461 794 1530 omnia
812 1457 1069 1554 complerentur.

246 1578 404 1646 XXXIV.
421 1580 465 1647 At
485 1577 633 1648 barbaris
649 1577 825 1650 consilium
843 1603 910 1650 non
931 1577 1037 1654 deluit
1056 1607 1064 1648 :
1082 1605 1160 1650 narn
1177 1579 1240 1648 du-

198 1721 252 1766 ces
267 1720 383 1766 eorum
402 1711 474 1766 tote
489 1699 559 1766 acie
575 1701 792 1793 pronuntiare
806 1699 991 1792 jusserunt,
1011 1723 1083 1767 sae
1103 1698 1178 1791 quis
1198 1699 1240 1768 ab

200 1813 273 1885 loco
289 1815 471 1886 discederet
492 1843 501 1884 ε
521 1815 655 1885 illorum
670 1841 740 1886 esse
758 1816 918 1910 predam,
935 1831 1035 1910 atque
1055 1815 1120 1884 illis
1137 1841 1242 1886 reser-

199 1938 283 2025 vari,
297 1960 504 2031 quecunque
520 1938 662 2006 Romani
677 1935 907 2030 reliquissent3
922 1934 1062 2029 proinde
1078 1936 1191 2004 omnia
1203 1937 1238 2003 in

197 2057 336 2128 victoria
360 2059 468 2150 posits
491 2056 765 2126 existimarent.»
790 2059 893 2124 Erant
912 2069 945 2123 et
968 2055 1092 2125 virtute
1115 2069 1151 2124 et
1174 2079 1237 2124 nu-

197 2201 291 2246 mero
308 2177 480 2273 pugnandi
498 2201 594 2271 pares
609 2177 732 2263 nostri,
749 2188 859 2246 tamen
875 2175 970 2244 etsie
987 2174 1071 2244 duce
1085 2188 1118 2243 et
1134 2199 1154 2243 a
1170 2175 1236 2245 lor·

197 2311 278 2369 tuna
290 2297 542 2386 deserebantur,
558 2311 669 2368 tamen
680 2319 814 2365 omnem
830 2319 921 2390 spem
935 2293 1050 2370 salutis
1063 2296 1098 2364 in
1110 2296 1234 2366 virtute
1323 2326 1326 2331 ·

196 2417 380 2510 ponebant,
397 2433 431 2485 et
446 2418 576 2510 quoties
594 2439 732 2509 queque
751 2413 871 2484 cohors
889 2429 1114 2508 procurreret,
1134 2415 1176 2482 ab
1197 2439 1236 2483 es

194 2553 289 2630 parte
301 2561 442 2632 magnus
455 2536 602 2606 hostium
615 2559 774 2607 numerus
785 2533 932 2604 cadebat.
946 2535 1025 2623 Qua
1043 2558 1079 2602 re
1091 2531 1239 2603 animad-

195 2679 307 2739 versa,
323 2655 496 2725 Ambiorix
512 2654 721 2746 pronuntiari
735 2653 846 2746 jubet,
863 2667 902 2720 ut
918 2648 1034 2745 procul
1054 2649 1119 2720 tela
1135 2653 1239 2744 conji-

194 2775 301 2861 ciant,
315 2796 381 2841 neu
399 2773 535 2866 propius
550 2771 721 2857 accedant,
737 2785 769 2840 et
783 2795 882 2864 quam
900 2772 934 2839 in
948 2785 1076 2862 partem
1092 2771 1235 2840 Romani
1353 2817 1360 2830 .

193 2894 357 2987 impetum
379 2891 532 2978 fecerint,
561 2889 701 2978 cedant;
726 2889 856 2960 levitate
880 2913 1050 2959 armorum
1072 2902 1108 2958 et
1131 2893 1238 2982 quoti·

193 3013 291 3082 diana
311 3010 548 3084 exercitatione
571 3008 654 3080 nihil
674 3011 713 3080 iis
732 3009 844 3079 noceri
867 3033 961 3103 posse
982 3035 990 3078 τ
1010 3033 1125 3082 rursus
1143 3035 1177 3086 se
1194 3010 1236 3080 ad

193 3134 286 3228 signa
307 3133 503 3225 recipientes
523 3133 750 3224 insequantur.

240 3255 380 3322 XXXV.
400 3255 479 3342 Quo
491 3266 657 3345 precepto
674 3250 716 3320 ab
730 3251 769 3321 iis
783 3250 1032 3346 diligentissime
1045 3251 1235 3331 observato,

192 3397 295 3466 quum
312 3373 476 3466 quapiam
497 3372 616 3443 cohors
636 3395 676 3438 ex
695 3371 776 3441 orbe
794 3384 988 3456 excesserat,
1007 3387 1106 3464 atque
1129 3372 1234 3463 impe·

192 3507 264 3562 tum
280 3491 417 3576 fecerat,
432 3491 542 3560 hostes
554 3489 758 3560 velocissime
775 3489 990 3584 refugiebant.
1003 3493 1142 3560 Interim
1161 3515 1233 3560 eam

192 3627 321 3706 partem
335 3610 454 3680 nudari
470 3635 600 3680 necesse
613 3623 697 3700 erat,
707 3610 791 3678 etab
802 3609 905 3680 latere
915 3625 1031 3704 aperto
1044 3610 1109 3680 tela
1119 3612 1237 3705 recipi..

192 3735 447 3825 Rursus,qunm
459 3732 577 3800 ineum
587 3727 715 3819 locum,
725 3729 1101 3824 undeersntprogrecsi,
1112 3732 1233 3800 reverti

192 3866 376 3946 oceperont,
388 3871 423 3921 et
431 3851 472 3922 ab
484 3853 524 3920 iis
536 3853 594 3945 qui
607 3865 788 3939 cesserant,
799 3865 831 3922 et
844 3852 935 3922 abiis
948 3853 1005 3945 qui
1016 3851 1158 3945 proximi
1172 3866 1234 3922 ste-

194 3982 318 4056 terant,
336 3969 701 4059 circumveniebantur3
718 3973 769 4041 sin
782 3985 892 4042 autem
909 3969 1019 4042 locum
1036 3987 1149 4044 tenere
1168 3970 1233 4044 vel-
