3068 4772
280 400 336 438 noo
456 382 783 439 c.JUL11CAEsau1s
805 381 1003 437 COMMENT.
1026 385 1136 439 LIBER

279 505 349 600 pidi
363 522 558 600 conspectu,
573 506 664 592 loco,
682 503 810 576 excelso
828 505 905 574 facit
924 521 1049 592 castra3
1067 503 1194 574 litteras
1210 505 1313 574 adrie-

279 650 352 720 gem
369 625 540 720 Bogudem
559 627 592 693 in
612 625 862 716 Mauritaniam,
884 638 917 692 et
935 623 977 692 ad
991 628 1038 693 Μ.
1058 624 1220 718 Lepidum
1239 650 1313 719 pro·

278 744 449 824 consulem
467 747 501 813 in
516 746 711 838 Hispaniam
730 744 925 814 Citeriorem
949 744 1067 831 mittit,
1086 743 1232 814 subsidio
1248 744 1311 814 sibi

249 881 251 884 ’
278 867 521 958 provinciaeque
535 864 673 932 Caesaris
690 887 788 932 causa
804 865 1051 956 quamprimum
1077 865 1214 933 veniret.
1236 869 1312 958 Ipse

277 982 866 1075 hostilimodossordubensiumagros
879 997 999 1068 vastat,
1007 981 1143 1052 aedilicia
1154 983 1310 1053 incendit.

325 1107 396 1174 LX.
414 1105 517 1197 Cujus
533 1105 581 1171 rei
596 1093 805 1172 deformitate
820 1118 919 1196 atque
933 1102 1131 1198 indignitate
1147 1102 1310 1199 legiones,

277 1249 349 1316 quae
365 1222 560 1294 Marcellum
574 1223 636 1291 sibi
658 1222 776 1291 ducem
794 1237 964 1318 ceperant,
977 1223 1019 1291 ad
1038 1247 1112 1290 eum
1134 1248 1310 1294 concurre-

277 1359 373 1429 runt,
387 1358 425 1412 ut
442 1346 475 1412 in
493 1345 596 1412 aciem
609 1342 845 1430 educerentur,
862 1345 1017 1437 priusque
1034 1344 1232 1439 confligendi
1246 1346 1308 1414 sibi

277 1477 421 1556 potestas
440 1463 548 1550 fieret,
566 1487 666 1555 quam
683 1487 758 1531 cum
775 1476 865 1560 tanta
880 1461 1081 1532 contumelia
1101 1461 1309 1534 nobilissime

276 1585 513 1676 carissimzeque
538 1583 756 1677 possessiones
775 1581 1038 1651 Cordubensium
1068 1583 1101 1652 in
1131 1599 1308 1678 conspectu

276 1729 337 1773 suo
357 1706 496 1798 rapinis,
517 1703 625 1788 ferro,
645 1701 842 1795 flammaque
865 1718 1146 1772 consumerentur.
1167 1703 1309 1772 Marcel-

276 1823 344 1907 lus,
362 1849 464 1917 quum
481 1823 659 1916 confligere
680 1822 901 1894 miserrimum
922 1836 1066 1915 putaret,
1094 1822 1184 1916 quod
1213 1835 1245 1892 et
1264 1826 1309 1891 vi·

276 1943 375 2028 ctoris
387 1957 420 2011 et
435 1945 514 2011 victi
528 1942 764 2010 detrimentum
775 1939 817 2008 ad
829 1940 981 2010 eumdem
993 1945 1153 2012 Cesarem
1170 1956 1309 2012 essetne·

275 2061 520 2148 dundatnrum,
541 2086 647 2154 neque
664 2085 729 2130 suae
747 2063 914 2156 potestatis
933 2083 1019 2146 esse,
1036 2059 1179 2156 legiones
1195 2063 1307 2131 Baetim

162 2243 166 2254 ,
276 2181 477 2270 transducit,
494 2196 593 2273 atque
609 2181 713 2249 aciem
731 2181 874 2248 instruit.
895 2180 1007 2267 Quum
1029 2181 1176 2248 Cassium
1194 2195 1308 2249 contra

274 2443 374 2487 causa
394 2420 602 2514 interposita,
622 2418 711 2512 quod
733 2419 760 2486 is
783 2420 817 2486 in
842 2442 971 2512 aequum
993 2443 1061 2486 non
1080 2417 1307 2507 descenderet,

274 2537 452 2608 Marcellus
470 2537 627 2606 militibus
645 2537 833 2632 persuadet,
855 2552 893 2607 ut
909 2561 944 2606 se
964 2537 997 2606 in
1016 2553 1121 2607 castra
1135 2539 1307 2633 recipiant.

275 2659 391 2752 ltaque
406 2659 518 2752 copias
527 2657 684 2727 reducere
696 2659 803 2752 coepit.
817 2659 949 2727 Cassius
958 2707 968 2743 ,
978 2682 1044 2750 quo
1059 2657 1147 2728 bono
1164 2659 1309 2746 valebat,

274 2777 537 2872 Marcellumque
557 2778 726 2847 infirmum
739 2797 811 2848 'esse
821 2779 959 2861 sciebat,
977 2803 1149 2873 aggressus
1160 2781 1308 2873 equitatu

276 2896 473 2994 legionarios
491 2923 526 2968 se
542 2899 751 2993 recipientes,
770 2897 953 2993 complures
971 2901 1162 2968 novissimos
1190 2901 1222 2966 in
1247 2899 1308 2968 flu·

276 3021 373 3089 minis
391 3021 471 3114 ripis
488 3017 650 3088 interficit.
666 3021 780 3108 Quum
797 3019 860 3088 hoc
877 3017 1089 3102 detrimento,
1108 3017 1190 3113 quid
1208 3033 1310 3088 trans·

277 3142 342 3208 itus
360 3139 506 3206 fluminis
524 3139 596 3205 vitii
616 3136 886 3230 difficultatisque
901 3139 1056 3226 haberet,
1072 3141 1241 3232 cognitum
1257 3163 1308 3208 es·

277 3273 345 3342 set,
364 3256 542 3327 Marcellus
561 3273 666 3326 castra
688 3259 802 3328 Betim
822 3257 990 3344 transfert,
1013 3258 1196 3351 crebroque
1221 3273 1309 3328 uter-

277 3401 342 3472 que
359 3375 506 3471 legiones
530 3377 563 3443 in
580 3377 683 3444 aciem
699 3375 825 3465 educit3
848 3400 955 3469 neque
976 3390 1085 3465 tamen
1104 3376 1309 3471 confligitur,

277 3511 414 3591 propter
424 3494 573 3565 locorum
587 3493 807 3568 difficultates.

324 3620 412 3686 Lxl.
439 3619 518 3686 Erat
547 3615 650 3710 copiis
668 3614 872 3710 pedestribus
894 3611 1000 3680 multo
1028 3613 1153 3680 firmior
1171 3613 1312 3682 Marcel·

277 3737 328 3805 lus
345 3763 353 3805 :
372 3737 514 3806 babebat
526 3737 614 3804 enim
631 3750 814 3821 veteranas,
829 3730 1006 3824 multisque
1021 3730 1143 3825 proeliis
1160 3747 1311 3826 expertas

277 3855 431 3951 legiones.
456 3855 586 3926 Cassius
614 3853 690 3924 fidei
720 3853 839 3944 magis,
861 3875 961 3944 quam
985 3853 1099 3921 virtuti
1124 3851 1311 3948 legionum,

278 3975 470 4044 confidebat.
491 3978 622 4067 ltaque,
640 3997 740 4066 quum
753 3985 859 4040 castra
871 3973 985 4041 castris
1001 3971 1117 4042 collata
1137 3989 1262 4062 essent,
1278 3988 1311 4043 et
