3050 4772
252 385 309 440 22⁸
408 385 439 438 c.
463 385 742 441 tumnensium
765 383 1130 464 commurmonun

252 512 286 578 in
300 524 408 579 castra
418 533 555 578 suorum
565 511 768 601 reciperent,
781 520 840 575 ant
850 504 1017 587 nonnulli,
1031 504 1159 599 pudore
1173 502 1295 584 coacti,

252 629 382 722 longius
404 629 630 722 profugerent.
651 631 805 718 Quorum
827 623 975 719 periculo
994 627 1040 692 sic
1060 647 1175 691 omnes
1193 623 1296 715 copiae

252 758 335 816 sunt
350 748 566 841 perturbatae,
581 763 620 816 ut
640 749 695 815 vix
714 746 856 840 judicari
874 760 984 840 posset
1006 759 1120 813 utrum
1142 740 1295 810 secundis

251 866 400 962 parvulis
436 867 542 935 rebus?
564 867 793 936 insolentiores
824 891 866 934 an
895 863 1041 932 adversis
1072 862 1296 931 mediocribus

252 986 437 1054 timidiores
452 1002 570 1054 esseut.

300 1109 393 1175 xlv.
414 1103 653 1198 Compluribus
669 1107 785 1175 diebus
803 1105 921 1174 iisdem
937 1108 972 1174 in
990 1106 1106 1174 castris
1122 1127 1299 1196 consump-

254 1228 312 1314 tis,
330 1249 433 1318 quum
457 1227 595 1318 propius
618 1228 792 1295 accessisse
812 1224 958 1320 legiones
978 1239 1013 1293 et
1032 1227 1071 1293 C.
1093 1224 1295 1292 Trebonium

254 1348 402 1442 legatum
423 1348 671 1442 cognovissent,
691 1347 791 1416 duces
807 1346 1074 1432 Bellovacorum,
1091 1345 1188 1414 veriti
1205 1343 1298 1411 simi·

255 1468 320 1536 lem
340 1467 563 1536 obsessionem
588 1465 718 1554 Alesiae,
738 1483 840 1536 noctu
863 1467 1037 1535 dimittunt
1061 1492 1116 1534 eos
1137 1489 1221 1558 quos
1242 1479 1301 1532 aut

254 1603 350 1656 aetate
369 1601 427 1655 aut
444 1587 570 1654 viribus
590 1587 760 1655 inferiores
778 1602 837 1655 aut
853 1588 995 1655 inermes
1014 1586 1199 1672 habebant,
1220 1609 1302 1653 una·

256 1729 321 1800 que
335 1705 467 1798 reliqua
487 1705 733 1800 impedimenta.
752 1708 907 1795 Quorum
920 1706 1155 1800 perturbatum
1172 1719 1205 1773 et
1221 1729 1300 1773 con·

256 1825 369 1894 fusum
394 1824 475 1892 dum
502 1823 668 1918 explicant
691 1851 811 1921 agmen
841 1825 979 1920 (magna
1008 1827 1095 1893 enim
1121 1822 1301 1892 multitudo

258 1969 431 2013 carrorum
452 1946 554 2012 etiam
575 1944 744 2038 expeditos
764 1947 857 2038 sequi
876 1945 991 2013 Gallos
1011 1941 1220 2044 consuevit),
1240 1968 1301 2037 op·

258 2066 362 2156 pressi
376 2062 466 2151 luce,
479 2067 591 2156 copias
606 2077 814 2132 armatorum
825 2089 887 2158 pro
902 2066 968 2133 suis
985 2067 1158 2132 instruunt
1171 2065 1302 2148 castris,

259 2208 301 2251 ne
326 2185 418 2277 prius
443 2185 584 2252 Romani
606 2185 757 2278 persequi
779 2207 815 2252 se
835 2186 1018 2276 inciperent
1043 2207 1144 2277 quam
1169 2182 1302 2276 longius

260 2327 379 2398 agmen
401 2300 715 2396 impedimentorum
735 2325 871 2371 suorum
888 2302 1109 2395 processisset.
1127 2306 1174 2370 At
1192 2303 1303 2370 Caesar

260 2447 368 2516 neque
396 2423 586 2491 resistentes
611 2420 864 2516 aggrediendos,
892 2446 999 2514 neque
1025 2420 1177 2490 cedentes
1209 2435 1302 2490 tanto

259 2541 353 2611 collis
377 2564 516 2609 ascensu
540 2538 745 2614 lacessendos
767 2541 952 2634 judicabat3
971 2565 1079 2634 neque
1104 2564 1171 2609 non
1196 2565 1301 2635 usque

260 2689 299 2732 eo
316 2661 460 2766 legiones
480 2658 719 2748 admovendas,
736 2675 773 2728 ut
784 2661 951 2730 discedere
967 2685 1008 2728 ex
1022 2685 1062 2729 eo
1074 2660 1147 2730 loco
1160 2663 1230 2730 sine
1248 2685 1301 2756 pe-

261 2779 366 2851 riculo
389 2779 538 2862 barbari,
562 2779 722 2848 militibus
743 2781 960 2866 instantibus,
980 2805 1046 2850 non
1067 2797 1210 2875 possent.
1234 2782 1299 2866 Ita,

261 2925 364 2990 quum
379 2898 498 2992 palude
514 2898 706 2994 impeditae
722 2901 839 2969 castris
853 2914 958 2970 castra
972 2900 1211 2985 dividerentur,
1228 2925 1301 2994 quae

262 3017 451 3086 transeundi
465 3017 642 3088 difficultas
656 3017 856 3088 celeritatem
874 3018 1068 3111 insequendi
1085 3019 1214 3088 tardare
1227 3045 1300 3113 pos·

262 3149 330 3219 set,
353 3150 451 3228 atque
470 3139 504 3206 id
517 3141 634 3232 jugum
656 3137 745 3232 quod
767 3153 857 3206 trans
875 3137 1030 3231 paludem
1053 3163 1146 3232 paene
1162 3139 1204 3206 ad
1224 3140 1300 3208 hos-

263 3259 345 3323 tium
371 3267 476 3322 castra
503 3259 683 3348 pertineret
709 3257 866 3326 mediocri
891 3255 976 3324 valle
1000 3283 1021 3325 a
1045 3261 1160 3326 castris
1184 3283 1300 3327 eorum

263 3375 453 3445 intercisum
479 3374 771 3461 animadverteret,
797 3376 954 3469 pontibus
977 3374 1096 3470 palude
1117 3393 1299 3464 constrata,

263 3494 407 3590 legiones
437 3490 602 3580 traducit,
628 3491 842 3588 celeriterque
872 3497 905 3563 in
936 3521 1100 3576 summam
1127 3495 1298 3590 planitiem

259 3615 331 3707 jugi
355 3613 520 3706 pervenit,
545 3636 617 3705 quae
638 3610 757 3681 declivi
782 3613 912 3709 fastigio
932 3614 1062 3684 duobus
1080 3617 1122 3684 ab
1143 3616 1299 3687 lateribus

262 3733 483 3801 muniebatur.
499 3731 548 3798 lbi
563 3729 751 3826 legionibus
763 3733 947 3818 instructis,
963 3733 1005 3802 ad
1014 3734 1169 3805 ultimum
1180 3738 1300 3832 jugum
1400 3769 1404 3774 ·

262 3853 426 3944 pervenit,
454 3851 622 3943 aciemque
650 3876 689 3920 eo
718 3850 790 3920 loco
819 3853 992 3922 constituit
1020 3854 1108 3923 unde
1135 3871 1301 3927 tormento

263 3963 361 4036 missa
382 3967 445 4035 tela
463 3970 496 4035 in
516 3970 660 4038 hostium
676 3995 798 4039 cuneos
814 3974 933 4066 conjici
954 3989 1096 4067 possent.
