3042 4772
462 437 655 496 usnemu
678 437 968 495 numsuunmo.
1088 426 1090 434 ’
1174 459 1227 497 201

198 567 375 642 Marcellus
395 565 502 634 locum
524 563 681 633 idoneum
698 561 831 631 castello
851 564 1008 657 cepisset,
1025 589 1094 657 quo
1113 567 1229 659 prohi-

198 690 274 759 bere
292 711 376 780 aqua
394 685 570 755 Cassianos
590 695 717 775 posset,
737 682 924 776 Longinus,
943 682 1085 771 veritus,
1104 709 1146 753 ne
1170 707 1228 779 ge·

198 833 275 879 nere
289 805 430 900 quodam
445 801 625 873 obsidionis
638 799 846 870 clauderetur
860 801 895 868 in
911 801 1098 896 regionibus
1116 800 1230 874 alienis

199 929 326 1021 sibique
356 924 495 1009 infestis,
518 935 617 989 noctu
639 919 768 990 silentio
794 945 834 989 ex
853 922 967 990 castris
991 919 1230 1016 proficiscitur,

199 1045 361 1139 celerique
380 1045 497 1112 itinere
517 1039 627 1110 Uliam
645 1038 833 1128 contendit,
851 1040 943 1133 quod
961 1041 1025 1110 sibi
1046 1040 1143 1112 fidele
1159 1067 1229 1112 esse

199 1165 359 1260 oppidum
387 1162 550 1233 credebat.
576 1159 627 1228 lbi
647 1159 730 1228 adeo
749 1160 926 1252 conjuncta
955 1163 1049 1254 ponit
1068 1163 1231 1233 moenibus

199 1300 321 1372 castra,
341 1297 378 1351 ut
395 1298 427 1350 et
446 1281 510 1349 loci
530 1293 646 1348 natura
672 1279 839 1374 (namque
857 1278 934 1347 Ulia
954 1281 988 1348 in
1008 1281 1097 1352 edito
1117 1299 1231 1353 monte

200 1405 307 1498 posita
326 1404 416 1497 est),
436 1415 470 1470 et
490 1403 561 1495 ipsa
580 1399 764 1466 munitione
785 1398 875 1467 urbis
896 1399 1044 1494 undique
1064 1403 1105 1471 ab
1124 1427 1231 1497 oppu-

201 1526 356 1620 gnatione
381 1536 471 1591 tutus
499 1533 592 1589 esset.
619 1523 716 1588 Hunc
744 1517 921 1588 Marcellus
950 1522 1148 1614 insequitur,
1179 1541 1231 1610 et,

200 1669 299 1738 quam
318 1643 465 1738 proxime
481 1652 590 1735 potest
609 1637 741 1724 Uliam,
757 1653 862 1707 castra
881 1642 995 1710 castris
1014 1641 1159 1728 confert;
1180 1642 1231 1711 lo-

199 1787 379 1855 corumque
394 1761 525 1854 cognita
536 1772 670 1842 natura,
684 1782 752 1850 quo
764 1759 902 1826 maxime
916 1783 986 1828 rem
1000 1759 1162 1830 deducere
1178 1787 1233 1832 vo-

200 1882 305 1967 lebat,
319 1880 511 1948 necessitate
526 1891 575 1946 est
590 1876 768 1966 adductus,
785 1893 822 1947 ut
835 1902 942 1972 neque
953 1877 1143 1975 confligeret
1155 1881 1170 1978 (
1178 1908 1231 1952 cu·

198 2004 252 2095 jus
272 2002 298 2068 si
317 2001 364 2067 rei
384 1995 521 2066 facultas
538 2011 637 2081 esset,
656 1999 806 2066 resistere
824 1999 966 2067 incitatis
984 1998 1142 2071 militibus
1164 2028 1231 2072 non

202 2119 373 2215 poterat),
389 2141 494 2210 neque
508 2117 618 2211 vagari
633 2118 782 2186 Cassium
796 2116 892 2188 latius
907 2134 1091 2213 pateretur3
1105 2145 1147 2190 ne
1160 2122 1233 2217 plu-

201 2262 255 2308 res
264 2240 413 2307 civitates
423 2261 460 2307 ea
476 2250 679 2331 paterentur,
694 2261 767 2330 quae
781 2240 866 2331 passi
882 2254 976 2309 erant
990 2241 1230 2313 Cordubenses.

202 2356 350 2428 Castellis
367 2357 491 2425 idoneis
508 2356 587 2426 locis
603 2355 786 2444 collocatis,
803 2358 1024 2452 operibusque
1040 2361 1074 2429 in
1090 2363 1232 2434 circuitu

202 2477 315 2572 oppidi
324 2478 539 2562 continuatis,
552 2476 663 2545 Uliam
675 2477 889 2569 Cassiumque
898 2480 1136 2550 munitionibus
1146 2482 1235 2552 clau·

201 2599 253 2665 sit.
264 2598 348 2686 Quae
357 2598 548 2690 priusquam
559 2595 1124 2690 perficerentur,Longinusomnem
1135 2627 1233 2670 suum

201 2719 383 2809 equitatum
397 2716 505 2784 emisit
525 2739 533 2782 :
551 2737 649 2810 quem
666 2737 788 2808 magno
806 2715 866 2782 sibi
886 2718 959 2784 usui
977 2715 1047 2785 sore
1064 2719 1233 2808 credebat,

202 2839 229 2905 si
245 2831 398 2930 pabulari
429 2831 690 2924 frumentur-ique
722 2831 917 2903 Marcellum
952 2861 1017 2904 non
1049 2852 1233 2931 pateretur;

202 2980 322 3049 magno
339 2966 449 3022 autern
471 2949 722 3044 impedimento,
739 2955 766 3021 si
789 2952 918 3024 clausus
934 2956 1106 3028 obsidione
1127 2974 1160 3030 et
1182 2962 1233 3030 in·

203 3073 291 3142 utilis
311 3071 531 3141 necessarium
549 3087 759 3168 consumeret
775 3073 986 3145 frumentum.

250 3195 354 3261 LXII.
372 3192 488 3260 Paucis
502 3188 617 3259 diebus
633 3193 737 3260 Cassii
748 3190 864 3262 litteris
877 3198 1035 3291 acceptis,
1048 3225 1105 3269 rex
1118 3203 1234 3298 Bogud

202 3337 277 3382 cum
293 3313 396 3406 copiis
412 3311 516 3398 veuit;
533 3309 747 3404 adiungitque
761 3314 792 3381 ci
807 3311 990 3409 legionem,
1006 3344 1105 3412 quam
1121 3349 1233 3395 secum

201 3430 400 3518 adduxerat,
421 3427 673 3524 compluresque
691 3431 843 3502 cobortes
865 3435 1050 3509 auxiliariae
1069 3443 1234 3538 Hispano·

201 3575 286 3621 rum.
312 3553 480 3644 Namque,
508 3551 595 3618 utin
625 3548 775 3620 civilibus
801 3552 1058 3628 dissensionibus
1087 3562 1235 3634 accidere

202 3673 384 3758 consuevit,
405 3670 452 3738 ita
470 3669 673 3764 temporibus
690 3669 753 3738 illis
772 3673 806 3740 in
827 3675 984 3768 Hispania
1000 3679 1167 3750 nonnullae
1185 3685 1233 3752 ci·
1335 3685 1339 3712 ¹

203 3790 318 3858 vitares
335 3791 432 3858 rebus
444 3791 548 3860 Cassii
566 3789 757 3871 studebant,
770 3789 879 3887 plures
894 3795 1055 3866 Marcello
1068 3799 1231 3874 lavabant.

202 3907 338 3976 Accedit
353 3933 430 3976 cum
449 3910 552 4003 copiis
569 3909 686 4004 B0gud
701 3909 745 3979 ad
765 3913 941 3983 exteriores
958 3917 1105 3988 Marcelli
1125 3924 1233 3992 muni-

204 4026 317 4094 tiones.
334 4029 505 4120 Pugnatur
522 4029 675 4121 utrinque
687 4031 828 4120 acriter,
845 4033 1026 4128 crebroque
1043 4036 1076 4104 id
1093 4040 1233 4132 accidit,
1247 4036 1261 4062 '
