3014 4780
157 403 172 426 '²
273 391 329 448 230
447 389 478 446 C.
498 389 598 446 IULII
619 389 784 446 CAESARIS
806 389 1136 446 contumulant

271 540 406 603 navem,
432 516 466 584 in
486 539 553 608 qua
571 528 669 583 erant
698 513 766 583 duo
788 514 890 600 Titii,
915 513 1055 608 Hispani
1075 511 1316 600 adolescentes,

271 638 399 706 tribuni
415 633 555 730 legionis
567 659 608 723 v,
623 659 767 728 quorum
786 647 913 728 patrem
928 635 1041 704 Caesar
1055 635 1089 701 in
1102 647 1254 704 senatum
1268 632 1316 702 le-

271 772 384 851 gerat,
408 771 441 824 et
467 779 544 826 eum
567 756 619 825 bis
638 759 677 823 T.
702 753 873 838 Salienus,
894 755 1046 824 centurio
1067 752 1206 848 legionis
1230 753 1317 845 ejus-

273 876 367 962 dem,
394 879 452 970 qui
476 878 525 946 M.
549 872 725 944 Messalam
761 871 904 967 legatum
936 873 1111 942 obsederat
1136 875 1315 959 Messene,

271 995 520 1065 seditiosissime
543 995 694 1066 oratione
707 993 796 1086 apud
817 1017 894 1060 cum
919 1015 1016 1079 usus;
1043 991 1197 1086 idemque
1217 1017 1318 1086 pecu·

273 1118 363 1184 niam
388 1129 420 1184 et
434 1127 635 1202 ornamenta
662 1111 824 1206 triumphi
850 1109 988 1182 Cesaris
1013 1112 1187 1181 retinenda
1212 1126 1245 1181 et
1259 1139 1314 1182 cu·

273 1234 447 1303 stodienda
462 1247 654 1318 curaverat,
678 1246 712 1300 et
730 1231 775 1301 ob
793 1233 852 1300 has
871 1254 984 1300 causas
1004 1232 1143 1300 timebat
1160 1233 1231 1301 sibi.
1253 1235 1316 1302 Hic

273 1367 413 1448 propter
429 1353 665 1420 conscientiam
676 1365 889 1446 peccatorum
905 1375 1042 1419 suorum
1057 1353 1220 1444 persuasit
1235 1351 1315 1420 ado-

246 1470 491 1557 lescentibus,
515 1495 557 1540 ue
579 1485 820 1565 repugnarent,
844 1494 979 1563 seseque
1004 1469 1147 1567 Virgilio
1166 1472 1315 1542 transde-

275 1606 359 1662 rent.
375 1595 493 1685 Itaque
508 1589 640 1660 deducti
657 1615 676 1659 a
689 1588 833 1685 Virgilio
847 1591 890 1660 ad
902 1591 1106 1685 Scipionem,
1120 1592 1311 1662 custodibus

275 1711 448 1797 transditi‚
474 1725 507 1781 et
536 1725 611 1805 post
633 1709 720 1779 diem
759 1712 893 1780 tertium
926 1725 1004 1780 sunt
1040 1709 1215 1780 interfecti.
1246 1714 1314 1800 Qui

276 1859 381 1926 quum
395 1834 597 1930 ducerentur
616 1832 658 1900 ad
678 1856 809 1917 necem,
830 1833 949 1926 petisse
957 1831 1079 1901 dicitur
1095 1833 1201 1926 major
1210 1835 1315 1902 Titius

276 1979 294 2022 a
323 1953 595 2037 centurionibus,
620 1954 669 2020 uti
690 1977 725 2024 se
744 1954 904 2048 priorem,
920 1977 1019 2045 quam
1039 1951 1196 2042 fratrent,
1217 1955 1317 2029 inter·

277 2072 434 2159 licerent3
455 2070 556 2166 idque
580 2073 620 2139 ab
644 2075 690 2140 eis
716 2071 810 2140 facile
830 2072 1039 2166 impetrasse,
1055 2087 1155 2166 atque
1174 2075 1221 2142 ita
1247 2099 1317 2144 esse

279 2192 481 2260 interfectos.

326 2313 452 2380 XXIX.
482 2313 614 2380 Turmae
637 2313 770 2380 interim
796 2312 964 2404 equiturn,
991 2336 1063 2406 quae
1086 2338 1148 2406 pro
1171 2313 1256 2384 vallo
1284 2317 1318 2382 iu

280 2429 478 2500 stationibus
498 2455 569 2500 esse
587 2429 737 2502 solebant
756 2431 798 2500 ab
818 2432 966 2524 utrisque
986 2430 1145 2519 ducibus,
1169 2433 1319 2526 quotidie

280 2552 417 2620 minutis
442 2549 565 2644 proeliis
586 2551 671 2620 inter
695 2577 729 2620 se
753 2551 945 2645 depugnare
970 2575 1036 2620 non
1068 2553 1318 2622 intermittunt:

281 2695 522 2764 nonnunquam
543 2671 642 2740 etiam
671 2673 831 2741 Germani
850 2671 1006 2764 Gallique
1032 2673 1225 2741 Labieniani
1243 2697 1318 2744 cum

282 2793 420 2860 Caesaris
441 2792 622 2884 equitibus,
646 2791 711 2859 fide
736 2791 832 2880 data,
854 2792 940 2860 inter
969 2815 1003 2860 se
1034 2789 1318 2886 colloquebanttu.

281 2911 448 2980 Labienus
462 2913 592 2979 interim
611 2935 686 2978 cum
703 2926 796 3002 parte
816 2910 982 3003 equitatus
997 2913 1128 3004 Leptim
1141 2911 1321 3008 oppidum,

283 3033 339 3101 cui
356 3046 498 3124 praeerat
516 3034 655 3101 Saserna
673 3055 749 3098 cum
763 3030 958 3100 cohortibus
975 3055 1034 3120 ιιι,
1054 3057 1268 3128 oppugnare,
1283 3057 1322 3102 ac

283 3152 315 3218 vi
334 3153 519 3243 irrumpere
534 3151 716 3220 conabatur
735 3177 742 3218 :
761 3149 851 3244 quod
869 3151 909 3218 ab
923 3150 1169 3240 defensoribus,
1187 3167 1323 3247 propter

282 3271 447 3364 egregiam
473 3270 693 3338 munitionem
711 3271 828 3365 oppidi
855 3285 889 3339 et
912 3286 1152 3340 tormentorum
1178 3271 1322 3340 multitu·

284 3389 414 3475 dinem,
430 3387 524 3459 sacile
539 3403 576 3458 'et
592 3391 662 3458 sine
687 3389 834 3482 periculo
860 3389 1108 3460 defendebatur.
1135 3389 1235 3476 Quod
1263 3388 1318 3456 ubi

283 3483 400 3603 ‘saepius
418 3510 488 3604 ejus
501 3510 666 3603 equitatus
687 3510 794 3580 facere
812 3535 876 3582 uon
898 3509 1151 3594 intermittebat,
1169 3521 1202 3574 et
1215 3529 1319 3599 quum

283 3629 369 3698 forte
385 3645 461 3698 ante
474 3644 603 3722 portam
622 3645 732 3699 turma
749 3631 851 3700 densa
861 3627 1057 3715 adstitisset,
1071 3628 1248 3720 scorpione
1267 3653 1321 3697 ac·

283 3753 428 3820 curatius
446 3751 566 3837 misso,
584 3765 682 3843 atque
698 3774 813 3820 eorum
833 3747 1010 3816 decurione
1030 3771 1205 3842 percusso,
1225 3764 1260 3818 et
1279 3749 1321 3818 ad

283 3871 500 3940 decumanam
511 3871 637 3958 defixo,
652 3871 769 3962 reliqui
782 3869 962 3963 perterriti,
978 3869 1056 3965 luga
1072 3871 1149 3940 sein
1159 3886 1264 3942 castra
1275 3895 1324 3942 re·

284 3991 423 4081 cipiunt.
436 3992 515 4078 Quo
530 3991 614 4060 facto
632 4005 742 4086 postea
761 4005 840 4058 sunt
848 3988 994 4059 deterriti
1009 3989 1168 4085 oppidum
1187 4005 1321 4061 tentare.
