3020 4768
498 365 550 421 DE
571 365 695 422 BELLO
716 365 834 427 CIVILI
854 365 923 422 LIB.
943 365 966 422 1.
1231 374 1251 443 ς’
1285 384 1290 394 ’

211 505 244 562 et
262 492 409 586 profugit
430 517 438 559 ι
466 490 585 560 milites
600 493 633 560 in
655 492 772 562 itinere
791 493 833 561 ab
850 517 890 560 eo
914 490 1105 581 discedunt,
1124 517 1164 562 ac
1186 495 1249 563 do·

210 635 302 681 mum
312 626 535 682 revertuntur.
549 613 654 682 Curio
671 615 821 682 omnium
840 637 968 682 summa
987 612 1157 684 voluntate
1171 619 1250 710 Igu-

209 733 301 801 vium
321 733 448 826 recipit.
461 733 593 820 Quibus
609 733 708 802 rebus
724 735 880 829 cognitis,
894 733 1038 803 conlisus
1054 736 1251 830 municipio-

209 878 283 922 rum
304 852 530 924 voluntatibus
553 857 681 944 Cacsar,
699 857 852 926 'cohortes
873 853 1013 951 legionis
1024 879 1089 927 xur
1107 881 1147 926 ex
1165 882 1249 951 prae·

210 973 301 1042 sidiis
312 973 456 1043 deducit.
467 978 715 1070 Auximumque
728 965 966 1070 proficiscitur3
982 976 1072 1072 quod
1087 977 1248 1071 oppidum

211 1095 319 1162 Attius
337 1095 529 1175 cohortibus
550 1095 747 1166 introductis
763 1098 913 1185 tenebat,
929 1096 1158 1190 delectumque
1177 1109 1248 1166 toto
1266 1129 1268 1133 ·

175 1213 348 1302 oPiceno,
367 1215 600 1285 circummissis
618 1216 840 1305 senatoribus,
861 1217 1014 1288 habebat.

257 1337 352 1403 XIII.
366 1311 533 1406 'Adventu
556 1337 693 1406 Caesaris
710 1339 863 1432 cognito,
892 1335 1088 1408 decuriones
1114 1339 1246 1408 Auximi

208 1454 249 1526 ad
268 1455 399 1524 Attium
414 1460 541 1528 Varum
559 1457 744 1551 frequentes
758 1458 959 1527 conveniunt
978 1483 987 1526 ε
1006 1457 1146 1556 docent,
1165 1489 1182 1524 u
1195 1461 1246 1527 sui

207 1574 321 1669 judicii
341 1601 412 1645 rem
433 1601 501 1645 non
521 1601 609 1663 esse3
628 1601 735 1671 neque
754 1601 803 1664 se,
817 1597 925 1670 neque
943 1576 1087 1671 reliquos
1107 1562 1247 1648 munici-

138 1753 145 1776 ,
206 1720 264 1790 pes
281 1699 351 1790 pati
371 1722 484 1791 posse,
501 1699 540 1766 C.
561 1699 721 1768 Caesarem
738 1698 995 1791 imperatorem,
1018 1697 1102 1766 bene
1127 1696 1168 1767 de
1195 1723 1247 1767 re·

206 1816 339 1910 publica
360 1820 533 1906 meritum,
552 1803 651 1886 tantis
677 1818 775 1886 rebus
791 1819 903 1911 gestis,
923 1815 1046 1911 oppido
1068 1817 1246 1887 moenibus·

207 1961 272 2029 que
296 1938 468 2031 prohiberi
487 1937 649 2032 :proinde
669 1939 789 2007 habeat
809 1939 969 2006 rationem
992 1939 1194 2032 posteritatis
1213 1953 1247 2008 et

207 2056 344 2150 periculi
362 2060 450 2126 sui.»
469 2061 621 2146 Quorum
638 2059 787 2128 oratione
805 2072 975 2152 permotus
990 2060 1100 2127 Attius
1116 2061 1246 2146 Varus,

206 2177 411 2270 praesidium,
438 2179 529 2271 quod
559 2178 808 2267 introduxerat,
834 2203 873 2246 ex
905 2177 1028 2272 oppido
1053 2177 1179 2266 educit,
1206 2204 1245 2248 ac

207 2297 363 2393 profugit.
376 2304 474 2370 Hunc
494 2324 536 2370 ex
553 2301 660 2394 primo
675 2299 793 2369 ordine
810 2299 906 2392 pauci
922 2301 1062 2369 ¹Caesaris
1077 2303 1245 2370 consecuti

207 2419 326 2490 milites
342 2423 521 2491 consistere
533 2437 658 2516 cogunt
677 2447 685 2489 ε
701 2421 876 2490 commisso
893 2419 1030 2515 proelio,
1045 2421 1210 2491 deseritur
1225 2447 1245 2492 a

205 2541 272 2608 suis
285 2544 411 2628 Varus3
429 2540 591 2610 nonnulla
608 2567 684 2635 pars
701 2540 844 2609 militum
862 2539 998 2608 domurn
1014 2539 1171 2630 discedit;
1194 2568 1245 2610 re·

206 2658 287 2753 liqui
300 2658 342 2728 ad
359 2663 520 2730 Caesarem
539 2662 736 2753 perveniunt
752 2675 872 2752 :atque
894 2684 958 2728 una
975 2685 1052 2729 eum
1069 2663 1108 2730 iis
1129 2661 1244 2755 depre-

205 2781 327 2849 hensus
350 2784 387 2850 L.
411 2781 556 2874 P'upius,
586 2778 745 2873 primipili
775 2780 944 2867 centurio,
967 2779 1157 2870 adducitur,
1186 2785 1243 2875 qui

205 2901 296 2969 hunc
321 2899 475 2970 eumdem
504 2898 652 2970 ordinem
679 2901 712 2968 in
726 2900 871 2968 exercitu
890 2901 952 2968 Cn.
975 2901 1124 2994 Pompeii
1147 2914 1245 2970 antea

206 3018 356 3090 duxerat.
380 3022 424 3090 At
450 3023 559 3090 Caesnr
579 3017 701 3088 milites
720 3020 872 3088 Attianos
892 3016 1075 3107 collaudat,
1097 3023 1242 3113 Pupium

205 3135 358 3227 dimittit,
382 3139 611 3208 Auximatibus
631 3140 699 3232 agit
719 3139 860 3234 gratias,
889 3162 990 3233 seque
1020 3164 1137 3209 eorum
1164 3142 1243 3214 facti

204 3282 384 3328 memorem
403 3259 474 3329 lore
492 3259 676 3354 pollicetur.

251 3381 343 3451 XIV.
370 3381 502 3470 Quibus
513 3381 612 3450 rebus
625 3385 766 3450 Romam
790 3383 1091 3471 nuntiatis,tantus
1108 3398 1243 3476 repente

203 3517 310 3571 terror
325 3503 462 3590 invasit,
475 3516 527 3590 ut,
543 3525 647 3595 quum
661 3501 823 3579 Lentulus
839 3500 954 3571 consul
974 3502 1017 3570 ad
1027 3502 1242 3596 aperiendum

202 3624 355 3691 aerarium
375 3625 534 3711 venisset,
553 3622 596 3692 ad
616 3624 791 3717 pecuniam
813 3625 972 3718 Pompeio
991 3649 1031 3692 ex
1051 3627 1083 3692 S.
1111 3625 1149 3693 G.
1167 3647 1243 3716 pro-

202 3743 386 3832 ferendam,
416 3745 585 3838 protinus,
602 3759 719 3840 aperto
745 3747 908 3814 sanctiore
935 3746 1070 3828 aerario,
1091 3769 1131 3814 ex
1148 3746 1243 3814 Urbe

203 3863 393 3960 profugeret
406 3892 414 3934 :
428 3869 538 3936 Caesar
551 3869 640 3936 enim
656 3867 836 3936 adventare
844 3868 913 3959 jam
921 3867 1073 3960 jamque,
1083 3882 1117 3935 et
1130 3866 1243 3936 adesse

203 3984 274 4076 ejus
287 3989 412 4080 equites
427 3986 509 4058 falso
522 3989 772 4059 nuntiabantur.
792 3993 892 4058 Hunc
904 3987 1082 4059 Marcellus
1095 3986 1241 4083 collega,
