3050 4772
463 381 515 436 DE
534 379 654 436 BELLO
675 379 837 438 enmco
856 383 926 437 LIB.
945 383 998 438 Vll
1205 385 1260 442 arb
1346 338 1349 347 Ι

262 499 433 574 LXXXV.
457 506 578 594 Caesar,
592 505 749 574 idoneum
763 505 873 575 locum
888 522 1018 596 nactus,
1031 507 1114 602 quid
1129 532 1261 604 quaque

217 623 251 690 in
268 637 361 716 parte
382 636 519 718 geratur
541 627 727 719 cognoscit,
748 624 976 696 laborantibus
1002 623 1162 696 auxilium
1184 630 1262 698 sub·

216 744 330 812 mittit.
351 743 511 835 Utrisque
533 744 575 814 ad
602 747 752 815 animum
770 749 935 833 occurrit,
960 772 1065 816 unum
1087 741 1170 816 illud
1192 771 1261 818 esse

216 875 348 957 tempus
367 888 435 957 quo
452 865 594 935 maxime
611 865 772 935 contendi
785 869 972 952 conveniat.
988 865 1094 956 Galli,
1110 868 1172 936 nisi
1191 892 1262 960 per-

215 982 376 1076 fregerint
401 986 621 1074 munitiones,
645 985 686 1055 de
715 990 807 1056 omni
837 986 942 1056 salute
966 987 1141 1080 desperant
1163 1014 1171 1056 ε
1194 993 1261 1058 Βο-

215 1105 325 1192 mani,
347 1104 374 1173 si
400 1128 471 1182 rem
490 1105 713 1194 obtinuerint,
735 1107 836 1184 finem
857 1111 1009 1176 omnium
1030 1107 1181 1177 laborum
1205 1133 1261 1176 ex·

215 1237 374 1316 spectant
397 1226 545 1294 Maxime
569 1225 612 1295 ad
634 1228 821 1322 superiores
844 1229 1047 1300 munitiones
1075 1225 1261 1314 laboratur,

216 1366 284 1434 quo
299 1339 591 1439 Vergnsillaunum
612 1341 750 1417 missum
766 1346 1077 1440 demonstravimus.
1094 1349 1260 1440 Exiguum

216 1459 280 1531 loci
302 1462 347 1532 ed
365 1463 588 1534 declivitatem
614 1467 781 1563 fastigium
808 1492 967 1561 magnum
993 1467 1093 1535 habet
1115 1491 1262 1534 momen-

218 1596 300 1652 tum.
320 1583 387 1654 Alii
406 1583 471 1654 tela
493 1587 692 1679 conjiciunt;
711 1585 782 1672 alii,
800 1587 966 1656 testudine
981 1585 1086 1672 facta,
1104 1586 1261 1668 subeunt;

218 1701 402 1800 defatigatis
417 1705 560 1773 invicem
579 1706 699 1801 integri
719 1705 911 1798 succedunt.
930 1707 1056 1798 Agger,
1073 1703 1114 1770 eb
1129 1704 1261 1771 univer·

218 1823 262 1891 sis
281 1825 315 1891 in
337 1825 558 1894 munitionem
576 1827 760 1918 conjectus,
776 1839 809 1893 et
826 1846 997 1904 ascensum
1016 1821 1073 1889 dat
1090 1821 1210 1911 Gallis,
1229 1839 1262 1892 et

219 1967 256 2010 ea
274 1967 349 2036 quae
368 1945 543 2022 interram
565 1942 815 2013 occultaverant
836 1943 979 2011 Romani
1005 1943 1162 2037 contegit.
1192 1944 1262 2013 Nee

216 2067 285 2158 jam
305 2091 397 2136 arma
416 2068 537 2135 nostris
554 2089 616 2134 nec
631 2068 718 2146 uires
737 2079 926 2160 suppetunt.

268 2188 454 2255 LXXXVI.
480 2186 540 2255 His
558 2187 659 2255 rebus
676 2186 832 2280 cognitis,
847 2187 959 2255 Caesar
978 2185 1162 2254 Labienum
1185 2209 1262 2253 eum

219 2308 411 2376 cohortibus
436 2331 470 2376 vr
490 2306 636 2376 subsidio
658 2296 886 2374 laborantibus
910 2306 1023 2374 mittit.
1045 2308 1209 2399 Imperat,
1236 2305 1262 2372 si

220 2429 381 2497 sustinere
402 2451 470 2497 rron
489 2429 610 2524 possit,
626 2427 776 2496 deductis
793 2427 985 2496 cohortibus
1005 2429 1178 2519 eruptione
1200 2452 1262 2520 pu·

219 2562 316 2642 gnet3
338 2547 388 2635 id,
409 2549 473 2616 nisi
494 2549 693 2635 necessario,
715 2519 758 2614 ne
782 2546 889 2621 faciat.
911 2550 986 2641 Ipse
1008 2545 1077 2614 adit
1101 2545 1262 2637 reliquos3

220 2667 414 2736 cohortatur
438 2691 480 2734 ne
501 2665 606 2736 labori
633 2666 866 2750 succumbant3
886 2667 1035 2733 omnium
1056 2667 1262 2758 superiorum

146 2846 153 2854 .
221 2787 473 2856 dimicationum
497 2786 641 2858 fructum
665 2789 700 2854 in
719 2811 759 2854 eo
780 2785 833 2854 die
851 2799 948 2877 atque
967 2784 1050 2852 hora
1071 2782 1168 2851 docet
1186 2807 1264 2868 con-

221 2911 345 2979 sistere.
367 2909 558 2994 lntcriores,
576 2907 755 3002 desperatis
771 2904 1008 3001 campestribus
1027 2903 1108 2973 locis
1128 2919 1265 2998 propter

224 3027 488 3125 magnitudinem
511 3027 756 3115 munitionum,
780 3025 852 3095 loca
877 3038 1043 3120 praerupta
1065 3049 1105 3092 ex
1127 3003 1264 3112 ascensu

222 3165 372 3236 tentant,
400 3149 467 3218 huc
495 3173 533 3217 ee
561 3172 634 3242 quae
665 3160 863 3242 paraverant
895 3143 1087 3229 conferunt3
1116 3142 1264 3213 multitu·

224 3271 302 3340 dine
325 3269 466 3339 telorum
492 3295 531 3338 ex
550 3267 699 3337 turribus
718 3280 968 3362 propugnantes
988 3264 1185 3352 deturbant3
1206 3291 1264 3359 ag-

224 3415 302 3486 gere
321 3406 354 3459 et
373 3392 518 3483 eratibps
535 3390 638 3458 fossas
657 3386 805 3481 explent,
825 3387 932 3455 aditus
953 3384 1151 3480 expediunt3
1173 3382 1265 3452 falci·

223 3511 286 3581 bus
302 3509 429 3584 vallum
443 3535 482 3578 ac
499 3508 637 3578 loricam
655 3506 859 3576 rescindunt.

272 3632 474 3702 LXXXVII.
494 3632 603 3700 Caesar
620 3629 721 3696 mittit
736 3626 844 3720 primo
864 3628 1004 3694 Brutum
1024 3622 1264 3692 adolescentem

225 3775 302 3820 cum
321 3750 511 3819 cohortibus
530 3773 583 3836 vr,
605 3763 680 3843 post
700 3773 775 3816 cum
796 3744 867 3814 aliis
884 3767 933 3814 vn
954 3747 992 3814 C.
1017 3742 1156 3811 Fabium
1175 3741 1265 3837 lega·

226 3887 319 3958 tum;
347 3888 514 3968 postremo
542 3871 630 3964 ipse,
656 3893 760 3962 quum
792 3866 1017 3935 vehementius
1046 3877 1265 3958 pugnaretur,

226 3995 371 4088 integros
394 3991 541 4062 subsidio
563 3989 705 4058 adducit.
734 3989 897 4058 Restituto
923 3983 1040 4081 proelio
1067 4009 1104 4053 ac
1127 3983 1266 4078 repulsis
