3042 4772
214 396 729 442 mmwwmmmmmffl

434 709 490 813 C.
518 707 699 813 JULII
735 703 1034 812 CAESARIS

288 999 1179 1143 COMMENTARIORUM

469 1321 533 1389 DE
558 1319 720 1388 BELLO
745 1320 999 1389 AFRICANO

593 1573 722 1629 LIBER
744 1574 871 1630 UNUS.

654 1821 812 1840 ..Φ-

215 2109 242 2174 Ι.
271 2049 430 2192 Ceste,
456 2104 629 2173 itineribus
645 2104 742 2197 justis
762 2104 938 2192 conlectis,
960 2103 1051 2174 nullo
1072 2103 1125 2172 die
1149 2106 1250 2174 inter-

214 2225 332 2311 misso,
347 2249 377 2293 e.
406 2223 437 2296 d.
467 2247 529 2292 xiv
559 2221 618 2292 cel.
636 2224 706 2320 jan.
731 2220 913 2322 Lilybaeum
936 2225 1106 2319 pervenit,
1125 2227 1249 2294 statim·

210 2367 281 2436 ·que
304 2343 465 2432 ostendit,
487 2367 556 2414 sese
572 2366 670 2412 naves
697 2341 781 2414 velle
800 2343 1040 2442 conscendere,
1059 2367 1161 2442 quum
1182 2367 1250 2414 non

216 2462 358 2557 amplius
367 2459 530 2560 legionem
550 2465 697 2534 tironum
712 2461 977 2554 haberetunam,
987 2467 1114 2559 equites
1127 2467 1182 2534 vix
1194 2489 1248 2536 nc.

214 2581 480 2654 Tabernaculurn
493 2581 674 2653 secundum
688 2580 765 2651 litus
778 2583 886 2678 ipsum
899 2585 1137 2672 constituit,ut
1146 2609 1251 2679 prope

215 2701 335 2772 lluotus
351 2703 547 2771 verberaret.
569 2705 642 2773 Hoc
668 2725 708 2770 eo
726 2701 863 2772 consilio
890 2703 989 2790 fecit,
1014 2727 1056 2774 ne
1086 2705 1159 2798 quis
1188 2704 1251 2772 sibi

216 2846 316 2891 mora
335 2820 518 2916 quidquam
534 2820 603 2889 lore
619 2836 781 2918 speraret,
806 2837 840 2894 et
860 2837 898 2893 ut
915 2811 1029 2895 onines
1049 2825 1084 2892 in
1106 2824 1176 2894 dies
1191 2823 1250 2893 ho-

215 2965 334 3035 rasque
357 2941 463 3035 parati
482 2954 601 3010 essent.
621 2941 742 3010 Incidit
759 2967 820 3037 per
839 2940 874 3012 id
888 2927 1048 3038 tempus,
1070 2957 1108 3019 ut
1125 2955 1250 3038 tempe·

216 3057 367 3130 statesad
383 3059 606 3154 navigandum
619 3059 753 3132 idoneas
770 3086 838 3132 non
854 3047 1009 3152 haberet}
1020 3062 1125 3134 nihilo
1142 3078 1250 3134 umen
1293 3111 1296 3117 -

214 3178 325 3249 minus
346 3179 380 3247 in
400 3180 539 3248 navibus
563 3181 702 3276 remiges
721 3178 906 3277 militesque
921 3184 1107 3275 oontinere,
1129 3198 1163 3253 et
1178 3183 1253 3253 nul·

214 3298 280 3370 lam
297 3300 549 3393 pretermittere
566 3300 772 3372 occasionem
790 3299 1014 3396 profectionis.
1035 3304 1151 3391 Quum
1166 3327 1251 3400 prae-

214 3420 325 3488 sertim
346 3418 388 3487 ab
409 3416 525 3488 incolis
546 3420 618 3512 ejus
638 3421 819 3513 provincia
848 3423 1081 3492 nuntiarentur
1102 3422 1252 3493 adverse·

214 3541 340 3608 riorum
366 3539 492 3631 copiae,
523 3540 690 3632 equitatus
715 3539 887 3628 infinitus,
913 3539 1057 3638 legiones
1076 3543 1175 3637 regiae
1197 3567 1252 3630 rr,

214 3655 295 3727 levis
317 3669 492 3728 armature
517 3683 638 3753 magna
662 3661 729 3748 ris,
759 3659 922 3755 Scipionis
950 3659 1096 3756 legiones
1122 3685 1160 3750 x,
1186 3660 1252 3730 ele-

216 3778 330 3868 phanti
351 3801 436 3868 cxx,
458 3777 641 3874 classesque
658 3804 728 3850 esse
746 3777 952 3874 complures,
977 3793 1088 3850 tamen
1112 3805 1179 3850 non
1196 3779 1252 3848 de-

217 3899 419 3986 terrebatur,
436 3901 614 3994 animoque
634 3913 668 3970 et
687 3925 745 3996 spe
755 3900 953 3971 confidebat.
978 3903 1116 3971 Interim
1136 3899 1252 3970 indies

216 4028 249 4082 et
269 4039 368 4086 naves
384 4017 492 4111 longae
510 4018 685 4113 adaugeri,
705 4035 739 4089 et
758 4022 915 4091 oneraria
934 4019 1120 4116 complures
1137 4017 1252 4091 eodem
