3062 4766
291 385 344 449 190
446 376 477 432 C.
500 374 782 431 JUL11cAEsa1tts
805 371 1173 431 COMMENTARIORUM

285 493 383 570 tectis
408 485 594 596 insignibus
614 525 767 585 suorum,
794 497 1034 593 occultatisque
1058 500 1160 594 signis
1181 497 1334 568 militari·

284 619 364 708 bus,
380 645 472 689 raros
492 619 632 709 milites,
649 645 691 690 ne
707 646 748 689 ex
769 619 894 714 oppido
916 618 1276 706 animadverterentur,
1293 645 1333 688 ex

285 741 469 835 majoribus
486 743 600 812 castris
620 743 654 810 in
674 743 807 810 minora
823 741 1023 824 transducit3
1036 739 1233 836 legatisque,
1250 766 1334 836 quos

165 865 167 868 ’
285 860 424 956 singulis
444 861 629 957 legionibus
655 862 862 957 praefecerat,
882 860 964 955 quid
991 859 1064 930 lieri
1088 859 1202 950 vellet,
1223 875 1334 931 osten·

276 982 361 1066 dit:
385 987 419 1052 in
442 984 557 1076 primis
580 997 709 1070 monet,
737 996 773 1051 ut
792 983 986 1052 contineant
1007 980 1142 1070 milites,
1164 1007 1206 1050 ne
1223 980 1334 1050 studio

286 1102 458 1197 pugnandi
483 1116 540 1172 aut
568 1128 626 1198 spe
649 1102 768 1197 praedae
793 1101 924 1197 longius
946 1099 1205 1196 progrediantur
1223 1127 1231 1169 z
1252 1101 1332 1195 quid

286 1223 444 1316 iniquitas
461 1221 527 1292 loci
543 1199 664 1292 habeat
680 1222 899 1305 incommodi,
913 1222 1072 1316 proponit
1088 1245 1096 1288 ε
1113 1221 1178 1288 hoc
1196 1245 1262 1288 una
1282 1245 1334 1289 ec-

290 1339 419 1409 leritate
444 1367 542 1434 posse
565 1342 663 1430 uitari
685 1367 693 1410 :
717 1343 899 1411 occasionis
923 1365 993 1409 esse
1014 1365 1101 1426 rem,
1123 1365 1191 1407 non
1212 1339 1331 1433 proelii.

186 1517 189 1524 .
284 1463 344 1530 His
362 1461 460 1530 rebus
474 1463 650 1555 expositis,
668 1463 799 1557 signum
817 1461 888 1549 dat,
902 1474 936 1529 et
953 1461 994 1528 ab
1009 1459 1139 1530 dextera
1159 1473 1253 1552 parte
1266 1458 1332 1528 alio

285 1603 422 1650 ascensu
439 1580 556 1650 eodem
576 1595 725 1676 tempore
739 1583 863 1652 AEduos
884 1583 998 1650 mittit.

334 1703 456 1772 XLVI.
478 1702 605 1797 Oppidi
627 1727 743 1772 murus
759 1703 800 1771 ab
821 1700 960 1796 planitie
980 1715 1079 1797 atque
1099 1703 1196 1770 initio
1217 1725 1331 1769 ascen-

286 1847 358 1906 sus,
391 1839 481 1893 recta
510 1824 660 1918 regiona,
695 1823 723 1891 si
750 1819 864 1891 nullus
893 1821 1064 1892 anfractus
1095 1821 1331 1907 intercederet,

285 1967 357 2013 nce
377 1967 491 2036 passus
510 1943 645 2028 aberat3
661 1940 825 2036 quidquid
840 1942 919 2011 huic
935 1944 1093 2012 circuitus
1114 1942 1156 2011 ad
1178 1939 1332 2011 mollien·
1355 1919 1359 1934 ’

198 2129 200 2132 .
285 2062 366 2130 dum
388 2061 510 2131 clivum
530 2077 723 2146 accesserat,
749 2061 783 2130 id
805 2064 948 2157 spatium
973 2065 1103 2131 itineris
1127 2061 1333 2156 augebat.A

288 2180 397 2249 medio
415 2181 483 2249 fere
509 2179 594 2249 colle
613 2180 924 2277 in‘longitudinem,
942 2196 980 2250 ut
1001 2195 1122 2251 natura
1141 2181 1266 2249 montis
1284 2179 1332 2248 fe-

285 2300 396 2387 rebat,
413 2327 453 2369 ex
473 2301 654 2396 grandibus
683 2303 768 2371 saxis
791 2326 846 2370 sex
871 2301 994 2401 pedum
1010 2325 1161 2388 murum,
1180 2301 1239 2395 qui
1254 2324 1332 2368 nos-

277 2436 413 2490 trorum
439 2423 602 2516 impetum
627 2421 793 2507 tardaret,
822 2417 1053 2515 praeduxerant
1082 2417 1190 2505 Galli;
1214 2433 1331 2512 atquc,
1382 2443 1384 2446 ·

284 2543 441 2612 inferiore
462 2544 553 2611 omni
571 2543 678 2636 spatio
698 2567 804 2612 vacuo
825 2541 955 2631 relicto,
977 2543 1182 2637 superiorem
1202 2553 1331 2633 partem

285 2662 379 2734 collis
403 2688 507 2758 usque
530 2663 572 2732 ad
592 2688 726 2748 murum
749 2663 865 2757 oppidi
886 2663 1086 2732 densissimis
1104 2663 1220 2731 castris
1241 2683 1332 2730 com·

283 2783 465 2878 pleverant.
486 2782 626 2868 Milites,
643 2783 721 2852 dato
746 2786 856 2878 signo,
874 2783 1028 2854 celeriter
1046 2783 1088 2853 ad
1109 2785 1331 2852 munitionem

284 2907 498 2996 perveniunt3
511 2929 650 2998 eamque
670 2905 881 2999 transgressi,
900 2907 997 2975 trinis
1013 2907 1129 2975 castris
1145 2905 1330 2999 potiuntur.

282 3026 332 3094 Ac
348 3039 439 3094 tanta
458 3025 522 3094 fuit
539 3027 575 3094 in
592 3025 762 3119 capiendis
777 3028 893 3096 castris
907 3025 1079 3114 celeritas,
1101 3041 1139 3095 ut
1155 3027 1333 3095 Teutoma-

284 3157 357 3227 tus,
379 3168 437 3212 rex
456 3145 699 3239 Nitiobrigum,
720 3147 831 3215 subito
849 3149 884 3214 in
906 3146 1119 3217 tabernaculo
1137 3171 1332 3240 oppressus,

283 3279 322 3332 ut
346 3264 484 3333 meridie
508 3267 762 3360 conquieverat,
786 3269 957 3362 superiore
976 3271 1126 3364 corporis
1149 3285 1245 3363 parte
1270 3293 1333 3336 nu-

284 3384 375 3474 data,
399 3383 695 3480 vulnerato'equo,
722 3391 781 3458 vix
808 3415 842 3459 se
870 3415 910 3474 ex
933 3389 1087 3460 manibus
1112 3391 1332 3485 praedantium

283 3503 428 3575 militum
442 3505 593 3600 eriperet.

330 3629 470 3697 XLVII.
498 3629 704 3698 Consecutus
718 3629 753 3699 id
773 3632 863 3727 quod
880 3633 993 3702 animo
1012 3649 1252 3729 proposuerat,
1266 3637 1333 3702 Cae·

284 3773 338 3817 sar·
362 3747 512 3840 receptui
537 3749 612 3817 cani
634 3749 749 3842 jussit3
772 3751 978 3846 legionisque
999 3735 1150 3840 decimae,
1173 3779 1238 3847 qua
1261 3767 1328 3823 tum

283 3859 354 3938 erat
371 3867 565 3956 comitatus,
587 3870 682 3966 signa
706 3871 897 3940 consistere.
918 3875 961 3940 At
978 3870 1183 3965 reliquarum
1211 3872 1333 3946 milites

191 4066 194 4077 1
285 3988 469 4083 legionum,
486 4015 554 4058 non
575 3990 731 4059 exaudito
758 3991 846 4059 tubae
871 4017 971 4082 sono,
995 3992 1088 4086 quod
1113 3995 1190 4064 satis
1212 4017 1330 4087 magna
