3050 4772
480 398 532 454 DE
553 399 673 454 nmo
693 397 853 454 GALLlco
875 398 943 454 LIB.
962 399 1025 454 VII.
1225 401 1281 454 213

194 518 197 524 ’
234 499 381 590 aduentu
392 545 593 616 cognoscere
606 536 755 666 pvent,
767 535 873 590 crates
890 523 1068 616 projicere,
1085 522 1213 610 fundis,
1228 550 1292 602 sa<

234 641 342 734 gittis,
360 639 525 735 lapidibus
549 657 679 711 nostros
697 641 738 711 de
760 641 848 713 vallo
869 642 1067 730 deturbare,
1087 641 1293 737 reliquaque:

235 784 308 855 quae
328 759 371 828 ad
385 762 670 857 oppugnationem
685 764 873 858 pertineant
890 763 1132 834 administrare.
1153 763 1279 832 Eodem

237 896 400 975 tempore,
414 881 558 951 clamore
571 883 742 972 exaudito,
755 883 811 952 dat
823 885 902 953 tuba
912 885 1044 980 signum
1059 885 1125 951 suis
1137 884 1279 954 Vercin-

235 1001 376 1094 getorix,
389 1015 490 1095 atque
511 1029 550 1072 ex
567 1003 692 1097 oppido
708 1003 830 1073 educit.
848 1005 978 1092 Nostri,
996 1018 1035 1072 ut
1055 1003 1278 1098 superioribus

235 1120 351 1192 diebus
374 1147 452 1192 suus
478 1125 598 1217 cuique
617 1141 688 1194 erat
708 1124 799 1193 locus
817 1125 988 1212 definitus,
1011 1123 1053 1192 ad
1076 1124 1279 1193 munitiones

233 1240 416 1328 accedunt,
437 1242 563 1330 fundis,
583 1243 764 1332 librilibus,
784 1243 1001 1338 sudibusque,
1020 1269 1102 1337 quas
1123 1245 1157 1312 in
1179 1269 1279 1337 opere

234 1359 477 1454 disposuerant,
496 1389 534 1432 ac
548 1361 738 1458 glandibus,
754 1363 868 1433 Gallos
882 1378 1078 1459 perterrent.
1094 1367 1284 1459 Prospectu,

235 1483 379 1552 tenebris
398 1483 570 1578 adempto,
590 1482 697 1553 multa
712 1485 870 1578 utrinque
887 1483 1025 1552 vulnera
1046 1486 1276 1577 accipiuntur3

234 1600 406 1695 complura
420 1604 595 1672 tormentis
610 1601 673 1673 tela
691 1605 926 1698 conjiciuntur.
942 1607 989 1673 At
999 1607 1047 1672 Μ.
1059 1605 1227 1684 Antonius
1242 1621 1277 1673 et

233 1699 490 1809 CssTrebonius,
509 1721 624 1818 legati,
642 1723 763 1817 quibus
783 1748 828 1792 eae
844 1738 954 1816 partes
969 1722 1013 1790 ad
1031 1721 1274 1791 defendendum

233 1839 453 1928 obvenerant,
473 1867 539 1936 qua
558 1858 710 1938 exparte
733 1845 840 1935 premi
868 1855 998 1911 nostros
1022 1839 1274 1929 intellexerant,

233 1959 272 2028 iis
283 1959 406 2030 auxilio
422 1985 461 2030 ex
472 1960 683 2032 ulterioribus
695 1961 837 2032 castellis
852 1955 1012 2031 deductos
1022 1961 1272 2030 submittebant.

278 2083 449 2151 LXXXII.
471 2086 563 2152 Dum
584 2080 715 2177 longius
734 2084 775 2151 ab
792 2084 983 2165 'munitione
1006 2061 1147 2150 aberant
1168 2080 1272 2170 Galli,

231 2201 307 2296 plus
322 2199 538 2284 multitudine
548 2201 690 2271 telorum
702 2202 921 2295 proficiebant
938 2227 946 2270 :
965 2185 1181 2296 posteaquam
1197 2227 1274 2296 pro·

230 2322 304 2415 pius
321 2337 566 2409 successerunt,
580 2337 638 2390 aut
650 2347 685 2390 se
698 2323 760 2415 ipsi
775 2320 917 2406 stimulis
932 2321 1143 2416 inopinantes
1158 2321 1273 2389 indue-

228 2439 325 2530 bant,
350 2455 408 2510 aut
433 2443 467 2509 in
493 2442 624 2511 serobes
648 2439 776 2536 delapsi
798 2440 1118 2528 transfodiebantur,
1144 2455 1202 2509 aut
1231 2466 1271 2508 ex
1318 2515 1320 2522 Α

228 2557 316 2627 vallo
339 2574 373 2628 et
399 2562 546 2630 turribus
570 2563 747 2654 transjecti,
769 2559 844 2654 pilis
862 2559 1054 2647 ¹muralibus
1079 2559 1268 2639 interibant.
1386 2557 1389 2570 '

228 2675 345 2746 Multis
372 2677 520 2772 undique
549 2679 743 2749 vulneribus
773 2681 931 2772 acceptis,
959 2677 1051 2747 nulla
1084 2678 1269 2746 munitione

229 2812 403 2892 perrupta,
420 2823 523 2891 quum
540 2796 597 2866 lux
612 2813 794 2893 appeteret,
810 2799 907 2866 veriti
921 2822 962 2864 ne
982 2798 1024 2864 ab
1038 2794 1139 2884 latere
1152 2810 1269 2888 aperto

228 2941 268 2985 ex
293 2917 519 3012 superioribus
545 2919 659 2986 eastris
679 2919 851 3010 eruptione
872 2917 1211 3002 circumvenirentur,
1233 2940 1267 2984 se

227 3038 269 3105 ad
286 3062 362 3123 suos
385 3054 589 3132 receperunt.
612 3041 657 3108 At
677 3039 862 3124 interiores,
885 3034 965 3104 dum
991 3061 1029 3105 ea
1049 3061 1122 3129 quae
1141 3061 1161 3104 a
1180 3039 1267 3105 Ver-

226 3159 428 3253 cingetorige
450 3159 492 3227 ad
515 3159 723 3252 eruptionem
751 3172 932 3251 praeparata
957 3177 1050 3224 erant
1078 3156 1271 3250 proferunt,

227 3280 354 3372 priores
366 3278 469 3347 fossas
482 3274 630 3372 explent,
647 3277 771 3346 diutius
786 3279 819 3344 in
835 3277 874 3344 iis
885 3276 983 3345 rebus
996 3276 1265 3346 administrandis

225 3400 360 3486 morati,
385 3400 476 3493 prius
502 3421 577 3467 suos
604 3396 787 3465 discessisse
816 3411 1043 3490 cognoverunt
1074 3421 1173 3490 quam
1196 3420 1265 3462 mu·

225 3518 404 3586 nitionibus
424 3518 740 3612 appropinquarent.
761 3519 826 3602 Ita,
840 3515 1027 3602 reinfecta,
1049 3516 1081 3582 in
1103 3515 1262 3608 oppidum

224 3652 441 3706 reverterunt.
588 3715 593 3723 ,

272 3759 460 3826 LXXXIII.
490 3759 544 3838 Bis
563 3783 686 3852 magno
707 3783 783 3828 cum
804 3758 1002 3842 detrimento
1016 3755 1148 3850 repulsi
1173 3754 1262 3825 Galli

223 3874 305 3967 quid
333 3891 433 3969 agant
458 3877 659 3964 consulunt.;
685 3876 832 3946 locorum
864 3880 986 3971 peritos
1014 3877 1192 3960 adhibent,
1222 3878 1262 3944 ab

224 3995 275 4064 his
293 3997 501 4090 superiorum
522 4011 705 4065 castrorum
732 3999 811 4066 situs
837 3999 1101 4090 munitionesque
1126 4021 1263 4090 cognos-
