3014 4780
316 397 372 470 ηε
492 399 825 456 crumenarum
845 399 1042 456 conamur.
1070 401 1203 455 mama

316 523 491 616 Pompeius
503 577 513 606 ‚
526 523 603 593 Ulia
615 551 720 619 prope
731 539 845 619 capta,
862 524 978 594 litteris
993 524 1117 592 fratris
1130 522 1291 608 excitus,
1307 545 1375 588 cuin

315 645 417 737 copiis
436 645 479 713 ad
494 645 683 714 Cordubam
700 649 764 715 iter
779 646 886 714 facere
905 647 1012 738 coepit.

362 767 404 834 V.
423 767 548 852 Caesar,
564 789 666 858 quum
695 764 736 834 ad
761 764 884 833 flumen
904 765 1019 833 Baetim
1044 765 1239 849 venisset,
1274 783 1377 851 neque

316 899 452 979 propter
469 883 677 953 altitudinem
702 883 844 951 fluminis
871 885 1011 951 transire
1036 895 1182 974 posset,
1209 879 1377 972 lapidibus

316 1005 431 1074 corbes·
454 1003 566 1098 plenos
586 1003 724 1072 demisit.
741 1005 807 1088 Ita,
828 1003 963 1094 insuper
980 1016 1079 1095 ponte
1113 1001 1239 1084 facto,
1271 998 1379 1091 copias

316 1123 358 1194 ad
375 1139 480 1193 castra
499 1123 663 1216 tripartito
681 1121 873 1190 transduxit.
891 1121 1062 1189 Tenebant
1080 1120 1269 1189 adversus
1287 1117 1378 1210 oppi-

235 1264 241 1270 '
315 1244 396 1313 dum
409 1268 427 1310 e
438 1245 571 1336 regione
586 1243 695 1334 pontis
706 1241 885 1330 trabes,ut
901 1263 1001 1334 supra
1018 1241 1252 1334 scripsimus,
1271 1239 1377 1329 bipar-

316 1363 389 1430 tito.
414 1365 489 1429 Huc
507 1385 610 1452 quum
631 1362 807 1454 Pompeius
828 1385 903 1429 cum
923 1360 990 1428 suis
1009 1361 1114 1452 copiis
1137 1361 1313 1438 venisset,
1338 1377 1373 1420 ex

315 1479 453 1548 adverso
470 1480 684 1573 pariratione
705 1495 812 1548 castra
829 1483 933 1574 ponit.
951 1483 1079 1566 Caesar,
1095 1494 1137 1549 ut
1158 1503 1249 1548 eum
1264 1477 1374 1564 abop·

316 1598 394 1692 pido
405 1613 657 1692 commeatuque
666 1597 1049 1685 excluderet,brachiutn
1070 1599 1111 1668 ad
1138 1613 1296 1693 pontem
1312 1593 1371 1662 du·

315 1743 389 1788 cere
406 1721 515 1814 coepit.
535 1721 610 1788 Pari
637 1720 715 1786 item
746 1719 932 1788 conditione
959 1721 1147 1812 Pompeius.
1180 1721 1255 1786 Hic
1288 1717 1370 1782 inter

315 1839 414 1908 duces
431 1838 516 1908 duos
536 1839 573 1906 fit
589 1839 777 1922 contentio,
794 1852 867 1906 uter
886 1839 978 1931 prius
999 1851 1133 1930 pontem
1157 1845 1366 1929 occuparet:

315 1981 353 2026 ex
367 1981 433 2050 qua
448 1959 659 2026 contentione
668 1957 860 2050 quotidiana
876 1958 1004 2027 minuta
1020 1956 1132 2051 proelia
1148 1959 1314 2040 fiebant,
1331 1965 1364 2018 ut
1459 1959 1460 1964 ’

314 2076 414 2144 modo
426 2077 480 2162 hi,
491 2078 590 2144 modo
600 2075 645 2145 itti
657 2078 842 2170 superiores
852 2075 1066 2145 discederent.
1084 2078 1173 2165 Quae
1182 2103 1244 2146 res
1260 2095 1364 2168 quum

315 2193 357 2264 ad
374 2196 534 2287 majorem
551 2197 794 2263 contentionem
811 2196 966 2283 venisset,
983 2197 1185 2290 abutrisque
1201 2195 1361 2266 cominus

315 2339 424 2409 pugna
441 2313 557 2401 fiebat,
585 2315 619 2383 in
640 2312 803 2406 quadum
828 2314 980 2407 cupidius
1006 2314 1114 2385 iocum
1135 2316 1282 2387 student
1311 2327 1357 2378 te·

315 2458 415 2521 nere,
430 2446 565 2526 propter
578 2447 711 2526 pontem
723 2433 1046 2526 coangustabantur,
1059 2450 1092 2502 et
1103 2435 1257 2504 fluminis
1277 2429 1358 2524 ripis

315 2554 621 2649 appropinquantes
635 2553 842 2646 coangustati
858 2555 1158 2648 praecipitabantur.
1172 2559 1240 2624 Hic
1258 2547 1353 2622 aiteri

315 2671 425 2740 alteris
447 2696 514 2739 non
533 2671 641 2740 solum
662 2685 800 2740 mortem
820 2673 918 2741 morti
939 2675 1200 2768 exaggerabant,
1220 2671 1282 2744 sed
1304 2683 1354 2737 tu·

315 2789 422 2860 mulos
442 2790 577 2860 tumulis
594 2791 818 2883 exaequabant.
836 2795 886 2860 lta
907 2792 1023 2861 diebus
1043 2791 1275 2887 compluribus
1294 2811 1350 2858 cu·
1453 2772 1457 2895 i

314 2910 564 3003 piebatCsesar,
584 2912 610 2978 si
632 2934 696 3003 qua
714 2910 905 2979 conditione
930 2927 1057 3004 posset,
1084 2913 1293 2982 adversarios
1314 2909 1347 2974 in
1452 2912 1456 3005 ',

315 3021 444 3120 aeduum
464 3026 572 3096 locum
591 3027 772 3116 deducere,
792 3043 825 3096 et
844 3031 951 3122 primo
970 3055 1102 3124 quoque
1129 3047 1283 3126 tempore
1308 3024 1349 3093 de
1455 3014 1457 3030 ἴ

314 3143 402 3213 hello
420 3145 606 3214 decernere.

362 3265 420 3330 VI.
431 3262 583 3355 quuum
595 3265 870 3337 animadverteret
878 3269 1083 3340 adversarios
1099 3271 1237 3340 minime
1246 3268 1348 3350 velie,

315 3405 397 3472 quos
413 3379 486 3448 ideo
504 3405 523 3450 a
538 3384 589 3451 via
605 3399 803 3473 retraxerat,
824 3390 912 3460 utin
931 3413 1061 3480 aequum
1080 3388 1275 3477 deduceret,
1291 3412 1347 3457 co·

315 3500 377 3592 piis
393 3499 515 3568 flumen
538 3502 751 3592 transductis,
771 3522 871 3576 noctu
884 3507 978 3598 jubet
999 3509 1090 3599 ignes
1108 3509 1177 3574 fieri
1196 3531 1344 3600 magnos.

315 3620 382 3704 Ita,
398 3618 618 3690 firmissimum
631 3624 702 3716 ejus
720 3624 925 3718 presidium,
940 3627 1099 3715 Ateguam
1113 3624 1343 3718 proficiscitur.

190 3831 197 3840 ,
314 3736 466 3828 quuum
479 3743 654 3834 Pompeius
672 3769 712 3811 ex
731 3743 873 3837 perfugis
891 3742 1058 3830 rescisset,
1073 3768 1111 3812 ea
1130 3744 1184 3813 die
1201 3770 1262 3840 per
1279 3747 1344 3816 via·

315 3878 389 3922 rum
420 3861 587 3951 angustias
614 3887 706 3932 carra
733 3858 904 3952 complura
928 3859 1115 3957 multasque
1138 3864 1272 3938 balistas
1294 3891 1343 3937 re·

316 3976 428 4060 traxit,
448 3977 540 4045 etad
559 3982 748 4051 Cordubam
770 4005 803 4048 se
823 3983 956 4076 recepit.
977 3985 1086 4054 Caesar
1105 3989 1341 4058 munitionibus
