3042 4772
287 386 340 458 176
457 389 487 442 C.
505 388 604 444 JULll
625 389 788 445 cAEsatns
808 387 1002 444 connitur.
1030 392 1140 447 LIBER

330 513 453 581 XXIV.
476 499 597 598 Caesar,
621 514 682 580 etsi
700 509 846 582 fallacem
871 528 1023 606 gentem,
1042 523 1236 607 semperque
1254 511 1322 581 alia

283 630 505 726 cogitantem,
532 629 596 700 alia
613 628 841 718 simulantem,
865 632 948 700 bene
969 633 1137 726 cognitam
1163 631 1320 718 habebat;

282 765 391 818 umen
410 750 594 844 petentibus
611 747 691 818 dare
705 753 849 836 veniam,
870 748 1034 820 utilewesse
1052 752 1166 818 statuit
1186 751 1319 843 :quod,

282 869 309 936 si
330 893 398 962 quo
415 883 515 962 pacto
534 871 692 940 sentirent
710 893 766 956 ea,
786 894 859 963 quae
878 869 1102 965 postularent,
1126 893 1318 940 mansurum

283 988 317 1056 in
331 987 397 1056 fide
411 987 581 1058 dimissum
599 1011 710 1083 regem
729 988 900 1076 credebat;
917 990 988 1076 sin,
1006 988 1039 1057 id
1053 989 1144 1082 qnod
1161 990 1264 1085 magis
1278 990 1319 1058 il·

284 1107 393 1178 lorum
410 1124 537 1179 nature
553 1110 784 1200 conveniebat,
805 1111 923 1180 ducem
939 1109 981 1178 ad
997 1107 1121 1180 bellum
1138 1111 1319 1204 gerendum

282 1252 393 1322 regem
410 1229 531 1298 habere
552 1225 687 1318 vellent,
708 1228 911 1324 splendidius
928 1244 1028 1324 atque
1053 1231 1223 1302 honestius
1250 1257 1320 1302 sese

281 1362 396 1418 contra
414 1371 546 1443 regem,
561 1370 663 1443 quarn
679 1366 795 1421 contra
811 1373 1032 1421 convenarum
1047 1350 1318 1446 anfugitivornm

282 1492 437 1558 manum,
467 1469 588 1539 bellum
608 1495 679 1540 esse
696 1486 874 1566 gesturum.
896 1474 1013 1566 Itaque
1037 1495 1149 1567 regern
1166 1474 1319 1544 cohorta-

238 1651 242 1658 .
281 1603 354 1678 tus,
375 1619 392 1654 a
406 1602 444 1658 nt
462 1589 648 1659 consuleret
666 1613 769 1684 regno
791 1606 946 1684 paterno,
966 1606 1115 1684 parceret
1137 1591 1316 1686 praeclaris·

281 1711 371 1778 simae
400 1712 530 1804 patriae,
555 1733 629 1804 quae
647 1712 842 1806 turpissimis
862 1710 1023 1780 incendiis
1045 1725 1078 1779 et
1107 1713 1212 1780 ruinis
1234 1727 1318 1782 esset

281 1828 480 1917 deformata,
505 1831 592 1899 cives
612 1853 688 1898 suos
711 1829 855 1923 primum
874 1829 916 1898 ad
939 1831 1111 1899 sanitatem
1132 1846 1315 1918 revocaret,

281 1946 400 2018 deinde
424 1963 650 2036 conservaret,
669 1947 766 2017 fidem
787 1948 911 2043 populo
930 1971 1067 2018 romano
1091 1950 1219 2043 sibique
1236 1975 1317 2044 prae·

280 2081 406 2136 staret:
426 2091 528 2159 quum
549 2069 619 2161 ipse
640 2081 769 2136 tantum
788 2069 818 2136 ei
836 2066 1003 2154 crederet,
1021 2082 1060 2136 ut
1074 2067 1116 2136 ad
1131 2069 1243 2139 hostes
1265 2094 1314 2140 ar·

281 2200 386 2255 matos
403 2211 479 2255 eum
496 2187 655 2275 mitteret;
676 2186 821 2255 »dextra
839 2186 986 2254 dextram
1004 2201 1132 2272 tenens,
1150 2187 1315 2258 dimittere

280 2307 378 2400 coepit
397 2304 510 2374 adulta
523 2305 593 2400 jam
613 2319 708 2374 aetate
721 2317 873 2400 puerum.
892 2309 936 2375 At
956 2307 1066 2400 regius
1089 2307 1234 2392 animus,
1255 2307 1316 2378 dis·

279 2424 409 2520 ciplinis
436 2423 649 2494 fallacissimis
669 2425 836 2512 eruditus,
854 2448 895 2492 ne
919 2450 938 2494 a
959 2427 1063 2519 gentis
1081 2450 1147 2494 suae
1167 2427 1316 2496 moribus

282 2544 510 2640 degeneraret,
527 2544 608 2614 flens
624 2569 719 2614 orare
737 2559 853 2614 contra
872 2547 1033 2615 Caesarem
1052 2547 1166 2640 coepit,
1184 2575 1201 2610 α
1219 2569 1316 2616 nese

280 2665 483 2736 dimitteret:
502 2689 568 2734 non
587 2667 673 2734 enim
692 2689 828 2760 regnum
847 2667 955 2760 ipsum
971 2667 1033 2734 sibi
1051 2677 1228 2761 conspectu
1246 2668 1317 2737 Cae·

280 2786 362 2855 saris
377 2811 446 2856 esse
459 2784 649 2880 jucundius.
664 2787 898 2879 »Compressis
914 2787 1008 2879 pueri
1022 2783 1190 2879 lacrymis,
1207 2788 1317 2856 Cesar

280 2909 350 3000 ipse
364 2920 565 2990 commotus,
577 2903 744 2990 celeriter,
757 2907 783 2972 si
797 2903 854 2974 illa
868 2907 1018 2992 sentiret,
1031 2904 1102 2973 fore
1115 2931 1190 2976 eum
1205 2929 1315 2974 secum

211 3109 216 3124 ,
280 3024 471 3112 affirmans,
486 3022 529 3093 ad
548 3047 624 3092 suos
649 3023 782 3092 dimisit.
809 3022 885 3112 Ille,
903 3038 939 3092 nt
963 3047 1003 3092 ex
1019 3023 1205 3094 carceribus
1222 3025 1256 3093 in
1277 3022 1316 3093 li'·

279 3144 395 3212 berum
421 3167 555 3212 cursum
582 3143 736 3230 emissus,
765 3140 847 3212 adeo
870 3159 985 3212 contra
1011 3145 1172 3214 Caesarem
1200 3145 1317 3214 acriter

280 3259 405 3331 bellurn
433 3285 546 3356 gerere
571 3263 687 3356 carpit,
713 3276 748 3330 ut
775 3261 952 3356 lacrymas,
981 3285 1062 3356 quas
1088 3264 1121 3332 in
1150 3262 1317 3357 colloquio

281 3382 478 3475 projecerat,
500 3381 620 3475 gaudio
642 3382 810 3451 videretur
833 3380 1028 3475 profudisse.
1054 3380 1219 3450 decidisse
1251 3381 1316 3450 hoc

280 3498 466 3594 complures
487 3503 625 3571 Cesaris
643 3499 758 3594 legati,
787 3501 900 3587 amici,
929 3501 1156 3583 centuriones,
1182 3496 1315 3565 milites·

280 3647 346 3716 que
361 3619 571 3710 laetabantur,
597 3621 687 3715 quod
703 3622 806 3688 nimia
822 3619 949 3688 bonitas
970 3619 1041 3710 ejus
1061 3615 1197 3686 fallaciis
1220 3618 1313 3710 pueri

280 3741 371 3812 elusa
389 3757 492 3830 csset;
509 3744 603 3836 quasi
620 3738 748 3810 veroid
761 3742 870 3810 Caesar
884 3739 1031 3806 bonitate
1047 3751 1174 3806 tantum
1192 3734 1315 3805 adduc·

281 3877 353 3942 tus,
372 3885 411 3932 ac
426 3867 494 3930 non
511 3861 765 3956 prudentissimo
782 3855 920 3926 consilio
938 3857 1077 3926 lecisset.

328 3983 435 4050 XXV.
463 3982 594 4069 Quum,
616 3979 700 4048 duce
726 3993 912 4072 assumpto,
929 3975 1141 4048 Alexandrini
1161 3973 1266 4044 nihilo
1283 3999 1317 4043 se
