<?xml version="1.0" encoding="UTF-8"?>
<!DOCTYPE html PUBLIC "-//W3C//DTD XHTML 1.0 Transitional//EN"
    "http://www.w3.org/TR/xhtml1/DTD/xhtml1-transitional.dtd">
<html xmlns="http://www.w3.org/1999/xhtml" xml:lang="en" lang="en">
 <head>
  <title>
</title>
<meta http-equiv="Content-Type" content="text/html;charset=utf-8" />
  <meta name='ocr-system' content='tesseract 3.04.00' />
  <meta name='ocr-capabilities' content='ocr_page ocr_carea ocr_par ocr_line ocrx_word'/>
</head>
<body>
  <div class='ocr_page' id='page_1' title='image "./cjcaesarisopera00caesgoog_0095.png"; bbox 0 0 3096 4762; ppageno 0'>
   <div class='ocr_carea' id='block_1_1' title="bbox 455 364 1244 445">
    <p class='ocr_par' dir='ltr' id='par_1_1' title="bbox 455 364 1244 445">
     <span class='ocr_line' id='line_1_1' title="bbox 455 364 1244 445; baseline -0.004 -14"><span class='ocrx_word' id='word_1_1' title='bbox 455 375 508 432; x_wconf 81' lang='lat' dir='ltr'>nn</span> <span class='ocrx_word' id='word_1_2' title='bbox 525 377 646 433; x_wconf 78' lang='lat' dir='ltr'>annno</span> <span class='ocrx_word' id='word_1_3' title='bbox 668 377 833 433; x_wconf 77' lang='lat' dir='ltr'>amuco</span> <span class='ocrx_word' id='word_1_4' title='bbox 855 376 923 432; x_wconf 80' lang='lat' dir='ltr'>ata.</span> <span class='ocrx_word' id='word_1_5' title='bbox 941 375 992 430; x_wconf 90' lang='lat' dir='ltr'>m.</span> <span class='ocrx_word' id='word_1_6' title='bbox 1210 364 1244 445; x_wconf 73' lang='lat'>⁷³</span> 
     </span>
    </p>
   </div>
   <div class='ocr_carea' id='block_1_2' title="bbox 211 497 1289 4057">
    <p class='ocr_par' dir='ltr' id='par_1_2' title="bbox 211 497 1289 4057">
     <span class='ocr_line' id='line_1_2' title="bbox 213 497 1247 593; baseline 0.001 -26"><span class='ocrx_word' id='word_1_7' title='bbox 213 498 391 583; x_wconf 88' lang='lat' dir='ltr'>munitum,</span> <span class='ocrx_word' id='word_1_8' title='bbox 417 501 534 592; x_wconf 86' lang='lat' dir='ltr'>paucis</span> <span class='ocrx_word' id='word_1_9' title='bbox 559 497 687 586; x_wconf 88' lang='lat' dir='ltr'>diebus,</span> <span class='ocrx_word' id='word_1_10' title='bbox 715 500 836 593; x_wconf 93' lang='lat' dir='ltr'>quibus</span> <span class='ocrx_word' id='word_1_11' title='bbox 858 523 898 568; x_wconf 91' lang='lat' dir='ltr'>eo</span> <span class='ocrx_word' id='word_1_12' title='bbox 923 513 1058 568; x_wconf 84' lang='lat' dir='ltr'>ventum</span> <span class='ocrx_word' id='word_1_13' title='bbox 1081 513 1167 581; x_wconf 89' lang='lat' dir='ltr'>erat,</span> <span class='ocrx_word' id='word_1_14' title='bbox 1192 524 1247 568; x_wconf 80' lang='lat' dir='ltr'>ex·</span> 
     </span>
     <span class='ocr_line' id='line_1_3' title="bbox 211 616 1245 712; baseline 0 -27"><span class='ocrx_word' id='word_1_15' title='bbox 211 629 393 712; x_wconf 86' lang='lat' dir='ltr'>pugnatum</span> <span class='ocrx_word' id='word_1_16' title='bbox 403 634 641 712; x_wconf 88' lang='lat' dir='ltr'>cognoverant,</span> <span class='ocrx_word' id='word_1_17' title='bbox 650 617 775 712; x_wconf 90' lang='lat' dir='ltr'>legatos</span> <span class='ocrx_word' id='word_1_18' title='bbox 786 642 923 711; x_wconf 92' lang='lat' dir='ltr'>quoquo</span> <span class='ocrx_word' id='word_1_19' title='bbox 935 642 1048 686; x_wconf 88' lang='lat' dir='ltr'>versus</span> <span class='ocrx_word' id='word_1_20' title='bbox 1064 616 1245 701; x_wconf 79' lang='lat' dir='ltr'><strong>dimittere,</strong></span> 
     </span>
     <span class='ocr_line' id='line_1_4' title="bbox 212 735 1244 830; baseline -0.004 -24"><span class='ocrx_word' id='word_1_21' title='bbox 212 735 401 828; x_wconf 82' lang='lat' dir='ltr'>conjurare,</span> <span class='ocrx_word' id='word_1_22' title='bbox 413 735 543 806; x_wconf 90' lang='lat' dir='ltr'>obsides</span> <span class='ocrx_word' id='word_1_23' title='bbox 556 738 644 805; x_wconf 90' lang='lat' dir='ltr'>inter</span> <span class='ocrx_word' id='word_1_24' title='bbox 656 761 689 806; x_wconf 92' lang='lat' dir='ltr'>se</span> <span class='ocrx_word' id='word_1_25' title='bbox 706 737 917 829; x_wconf 90' lang='lat' dir='ltr'>dare,copias</span> <span class='ocrx_word' id='word_1_26' title='bbox 933 760 1051 830; x_wconf 90' lang='lat' dir='ltr'>parare</span> <span class='ocrx_word' id='word_1_27' title='bbox 1062 749 1244 827; x_wconf 76' lang='lat' dir='ltr'>coeperunt</span> 
     </span>
     <span class='ocr_line' id='line_1_5' title="bbox 214 855 1246 951; baseline 0 -29"><span class='ocrx_word' id='word_1_28' title='bbox 214 855 394 924; x_wconf 86' lang='lat' dir='ltr'>Mittuntur</span> <span class='ocrx_word' id='word_1_29' title='bbox 411 857 507 925; x_wconf 90' lang='lat' dir='ltr'>etiam</span> <span class='ocrx_word' id='word_1_30' title='bbox 531 855 573 924; x_wconf 88' lang='lat' dir='ltr'>ad</span> <span class='ocrx_word' id='word_1_31' title='bbox 590 881 645 924; x_wconf 88' lang='lat' dir='ltr'>eas</span> <span class='ocrx_word' id='word_1_32' title='bbox 668 857 818 926; x_wconf 86' lang='lat' dir='ltr'>civitates</span> <span class='ocrx_word' id='word_1_33' title='bbox 839 855 952 951; x_wconf 87' lang='lat' dir='ltr'>legati,</span> <span class='ocrx_word' id='word_1_34' title='bbox 976 871 1142 948; x_wconf 78' lang='lat' dir='ltr'>quaesunt</span> <span class='ocrx_word' id='word_1_35' title='bbox 1167 855 1246 924; x_wconf 90' lang='lat' dir='ltr'>cite·</span> 
     </span>
     <span class='ocr_line' id='line_1_6' title="bbox 212 974 1245 1070; baseline 0 -28"><span class='ocrx_word' id='word_1_36' title='bbox 212 975 308 1046; x_wconf 89' lang='lat' dir='ltr'>rioris</span> <span class='ocrx_word' id='word_1_37' title='bbox 324 975 505 1069; x_wconf 78' lang='lat' dir='ltr'>Hispaniae,</span> <span class='ocrx_word' id='word_1_38' title='bbox 518 975 666 1046; x_wconf 79' lang='lat' dir='ltr'>finitimae</span> <span class='ocrx_word' id='word_1_39' title='bbox 680 978 864 1070; x_wconf 74' lang='lat' dir='ltr'>Aquitania</span> <span class='ocrx_word' id='word_1_40' title='bbox 881 1003 889 1044; x_wconf 74' lang='grc' dir='ltr'><strong>ε</strong></span> <span class='ocrx_word' id='word_1_41' title='bbox 907 975 984 1045; x_wconf 90' lang='lat' dir='ltr'>inde</span> <span class='ocrx_word' id='word_1_42' title='bbox 998 974 1119 1045; x_wconf 81' lang='lat' dir='ltr'>auxilia</span> <span class='ocrx_word' id='word_1_43' title='bbox 1132 975 1245 1044; x_wconf 89' lang='lat' dir='ltr'>duces·</span> 
     </span>
     <span class='ocr_line' id='line_1_7' title="bbox 212 1095 1245 1191; baseline 0.002 -30"><span class='ocrx_word' id='word_1_44' title='bbox 212 1117 277 1186; x_wconf 85' lang='lat' dir='ltr'>que</span> <span class='ocrx_word' id='word_1_45' title='bbox 296 1107 516 1163; x_wconf 88' lang='lat' dir='ltr'>arcessuntur.</span> <span class='ocrx_word' id='word_1_46' title='bbox 534 1098 689 1185; x_wconf 89' lang='lat' dir='ltr'>Quorum</span> <span class='ocrx_word' id='word_1_47' title='bbox 706 1095 850 1166; x_wconf 89' lang='lat' dir='ltr'>adventu</span> <span class='ocrx_word' id='word_1_48' title='bbox 868 1120 1081 1191; x_wconf 88' lang='lat' dir='ltr'>magnacum</span> <span class='ocrx_word' id='word_1_49' title='bbox 1100 1095 1245 1164; x_wconf 87' lang='lat' dir='ltr'>auctori·</span> 
     </span>
     <span class='ocr_line' id='line_1_8' title="bbox 212 1212 1245 1309; baseline 0.004 -29"><span class='ocrx_word' id='word_1_50' title='bbox 212 1226 294 1293; x_wconf 89' lang='lat' dir='ltr'>tate,</span> <span class='ocrx_word' id='word_1_51' title='bbox 307 1227 340 1281; x_wconf 92' lang='lat' dir='ltr'>et</span> <span class='ocrx_word' id='word_1_52' title='bbox 354 1238 473 1308; x_wconf 90' lang='lat' dir='ltr'>magna</span> <span class='ocrx_word' id='word_1_53' title='bbox 491 1237 567 1283; x_wconf 89' lang='lat' dir='ltr'>cum</span> <span class='ocrx_word' id='word_1_54' title='bbox 579 1215 755 1285; x_wconf 89' lang='lat' dir='ltr'>hominum</span> <span class='ocrx_word' id='word_1_55' title='bbox 767 1213 980 1285; x_wconf 88' lang='lat' dir='ltr'>multitudine</span> <span class='ocrx_word' id='word_1_56' title='bbox 993 1212 1116 1283; x_wconf 89' lang='lat' dir='ltr'>bellum</span> <span class='ocrx_word' id='word_1_57' title='bbox 1132 1239 1245 1309; x_wconf 84' lang='lat' dir='ltr'>gerere</span> 
     </span>
     <span class='ocr_line' id='line_1_9' title="bbox 211 1333 1246 1429; baseline 0.002 -29"><span class='ocrx_word' id='word_1_58' title='bbox 211 1345 385 1402; x_wconf 88' lang='lat' dir='ltr'>conantur.</span> <span class='ocrx_word' id='word_1_59' title='bbox 400 1336 512 1402; x_wconf 87' lang='lat' dir='ltr'>Duces</span> <span class='ocrx_word' id='word_1_60' title='bbox 525 1359 604 1404; x_wconf 85' lang='lat' dir='ltr'>vero</span> <span class='ocrx_word' id='word_1_61' title='bbox 618 1336 641 1402; x_wconf 92' lang='lat' dir='ltr'>ii</span> <span class='ocrx_word' id='word_1_62' title='bbox 656 1333 863 1429; x_wconf 90' lang='lat' dir='ltr'>deliguntur,</span> <span class='ocrx_word' id='word_1_63' title='bbox 876 1335 933 1428; x_wconf 95' lang='lat' dir='ltr'>qui</span> <span class='ocrx_word' id='word_1_64' title='bbox 949 1357 1014 1402; x_wconf 92' lang='lat' dir='ltr'>una</span> <span class='ocrx_word' id='word_1_65' title='bbox 1029 1358 1104 1402; x_wconf 89' lang='lat' dir='ltr'>cum</span> <span class='ocrx_word' id='word_1_66' title='bbox 1120 1335 1164 1423; x_wconf 91' lang='lat' dir='ltr'>Q.</span> <span class='ocrx_word' id='word_1_67' title='bbox 1175 1337 1246 1404; x_wconf 92' lang='lat' dir='ltr'>Ser-</span> 
     </span>
     <span class='ocr_line' id='line_1_10' title="bbox 212 1454 1245 1548; baseline 0.001 -28"><span class='ocrx_word' id='word_1_68' title='bbox 212 1454 298 1520; x_wconf 83' lang='lat' dir='ltr'>torio</span> <span class='ocrx_word' id='word_1_69' title='bbox 319 1477 433 1522; x_wconf 90' lang='lat' dir='ltr'>omnes</span> <span class='ocrx_word' id='word_1_70' title='bbox 455 1477 560 1522; x_wconf 87' lang='lat' dir='ltr'>annos</span> <span class='ocrx_word' id='word_1_71' title='bbox 581 1454 731 1541; x_wconf 78' lang='lat' dir='ltr'>strarant,</span> <span class='ocrx_word' id='word_1_72' title='bbox 753 1477 981 1548; x_wconf 81' lang='lat' dir='ltr'><strong>summamque</strong></span> <span class='ocrx_word' id='word_1_73' title='bbox 1005 1454 1176 1524; x_wconf 87' lang='lat' dir='ltr'>scientiam</span> <span class='ocrx_word' id='word_1_74' title='bbox 1198 1455 1245 1522; x_wconf 91' lang='lat' dir='ltr'>rei</span> 
     </span>
     <span class='ocr_line' id='line_1_11' title="bbox 212 1570 1257 1666; baseline -0.002 -26"><span class='ocrx_word' id='word_1_75' title='bbox 212 1570 364 1640; x_wconf 91' lang='lat' dir='ltr'>militaris</span> <span class='ocrx_word' id='word_1_76' title='bbox 380 1571 502 1642; x_wconf 80' lang='lat' dir='ltr'>babere</span> <span class='ocrx_word' id='word_1_77' title='bbox 517 1573 803 1643; x_wconf 85' lang='lat' dir='ltr'>existimabantur.</span> <span class='ocrx_word' id='word_1_78' title='bbox 817 1575 861 1642; x_wconf 87' lang='lat' dir='ltr'>Hi</span> <span class='ocrx_word' id='word_1_79' title='bbox 873 1573 1113 1642; x_wconf 87' lang='lat' dir='ltr'>consuetudine</span> <span class='ocrx_word' id='word_1_80' title='bbox 1129 1570 1257 1666; x_wconf 65' lang='lat' dir='ltr'>populi,</span> 
     </span>
     <span class='ocr_line' id='line_1_12' title="bbox 212 1688 1246 1783; baseline -0.002 -21"><span class='ocrx_word' id='word_1_81' title='bbox 212 1691 340 1762; x_wconf 82' lang='lat' dir='ltr'>romani</span> <span class='ocrx_word' id='word_1_82' title='bbox 354 1688 425 1760; x_wconf 92' lang='lat' dir='ltr'>loca</span> <span class='ocrx_word' id='word_1_83' title='bbox 440 1713 572 1783; x_wconf 84' lang='lat' dir='ltr'>capere,</span> <span class='ocrx_word' id='word_1_84' title='bbox 585 1706 691 1762; x_wconf 86' lang='lat' dir='ltr'>castra</span> <span class='ocrx_word' id='word_1_85' title='bbox 707 1692 852 1770; x_wconf 87' lang='lat' dir='ltr'>munire,</span> <span class='ocrx_word' id='word_1_86' title='bbox 868 1693 1105 1764; x_wconf 81' lang='lat' dir='ltr'><strong>commeatibus</strong></span> <span class='ocrx_word' id='word_1_87' title='bbox 1115 1706 1246 1760; x_wconf 90' lang='lat' dir='ltr'>nostros</span> 
     </span>
     <span class='ocr_line' id='line_1_13' title="bbox 212 1806 1245 1900; baseline 0.002 -24"><span class='ocrx_word' id='word_1_88' title='bbox 212 1806 432 1878; x_wconf 85' lang='lat' dir='ltr'>intercludere</span> <span class='ocrx_word' id='word_1_89' title='bbox 447 1809 635 1880; x_wconf 81' lang='lat' dir='ltr'>instituunt.</span> <span class='ocrx_word' id='word_1_90' title='bbox 652 1812 754 1900; x_wconf 86' lang='lat' dir='ltr'>Quod</span> <span class='ocrx_word' id='word_1_91' title='bbox 768 1812 825 1879; x_wconf 90' lang='lat' dir='ltr'>ubi</span> <span class='ocrx_word' id='word_1_92' title='bbox 837 1813 976 1880; x_wconf 81' lang='lat' dir='ltr'>Crassus</span> <span class='ocrx_word' id='word_1_93' title='bbox 994 1809 1245 1898; x_wconf 86' lang='lat' dir='ltr'>animadvertit,</span> 
     </span>
     <span class='ocr_line' id='line_1_14' title="bbox 212 1929 1289 2026; baseline 0.002 -28"><span class='ocrx_word' id='word_1_94' title='bbox 212 1952 287 1998; x_wconf 89' lang='lat' dir='ltr'>suas</span> <span class='ocrx_word' id='word_1_95' title='bbox 304 1929 415 2022; x_wconf 87' lang='lat' dir='ltr'>copias</span> <span class='ocrx_word' id='word_1_96' title='bbox 433 1943 570 2024; x_wconf 89' lang='lat' dir='ltr'>propter</span> <span class='ocrx_word' id='word_1_97' title='bbox 590 1932 804 2026; x_wconf 81' lang='lat' dir='ltr'>exiguitatem</span> <span class='ocrx_word' id='word_1_98' title='bbox 824 1955 891 1999; x_wconf 92' lang='lat' dir='ltr'>non</span> <span class='ocrx_word' id='word_1_99' title='bbox 911 1930 1005 2000; x_wconf 86' lang='lat' dir='ltr'>facile</span> <span class='ocrx_word' id='word_1_100' title='bbox 1022 1929 1149 2017; x_wconf 88' lang='lat' dir='ltr'>diduci,</span> <span class='ocrx_word' id='word_1_101' title='bbox 1169 1931 1245 2000; x_wconf 72' lang='lat' dir='ltr'>hos-</span> <span class='ocrx_word' id='word_1_102' title='bbox 1286 1975 1289 1985; x_wconf 87' lang='lat'>·</span> 
     </span>
     <span class='ocr_line' id='line_1_15' title="bbox 213 2050 1244 2144; baseline 0.004 -28"><span class='ocrx_word' id='word_1_103' title='bbox 213 2063 281 2116; x_wconf 90' lang='lat' dir='ltr'>tem</span> <span class='ocrx_word' id='word_1_104' title='bbox 302 2064 336 2117; x_wconf 90' lang='lat' dir='ltr'>et</span> <span class='ocrx_word' id='word_1_105' title='bbox 351 2052 481 2144; x_wconf 90' lang='lat' dir='ltr'>vagari,</span> <span class='ocrx_word' id='word_1_106' title='bbox 501 2064 535 2119; x_wconf 89' lang='lat' dir='ltr'>et</span> <span class='ocrx_word' id='word_1_107' title='bbox 554 2052 623 2120; x_wconf 89' lang='lat' dir='ltr'>vias</span> <span class='ocrx_word' id='word_1_108' title='bbox 637 2050 802 2136; x_wconf 88' lang='lat' dir='ltr'>obsidere,</span> <span class='ocrx_word' id='word_1_109' title='bbox 821 2065 855 2120; x_wconf 93' lang='lat' dir='ltr'>et</span> <span class='ocrx_word' id='word_1_110' title='bbox 873 2052 988 2120; x_wconf 88' lang='lat' dir='ltr'>castris</span> <span class='ocrx_word' id='word_1_111' title='bbox 1004 2051 1082 2121; x_wconf 91' lang='lat' dir='ltr'>satis</span> <span class='ocrx_word' id='word_1_112' title='bbox 1102 2050 1244 2144; x_wconf 79' lang='lat' dir='ltr'>praesidii</span> 
     </span>
     <span class='ocr_line' id='line_1_16' title="bbox 213 2167 1244 2263; baseline 0.004 -27"><span class='ocrx_word' id='word_1_113' title='bbox 213 2167 415 2263; x_wconf 84' lang='lat' dir='ltr'>relinquere,</span> <span class='ocrx_word' id='word_1_114' title='bbox 433 2171 476 2240; x_wconf 94' lang='lat' dir='ltr'>ob</span> <span class='ocrx_word' id='word_1_115' title='bbox 493 2195 565 2240; x_wconf 90' lang='lat' dir='ltr'>eam</span> <span class='ocrx_word' id='word_1_116' title='bbox 581 2193 712 2240; x_wconf 90' lang='lat' dir='ltr'>causam</span> <span class='ocrx_word' id='word_1_117' title='bbox 728 2171 837 2240; x_wconf 90' lang='lat' dir='ltr'>minus</span> <span class='ocrx_word' id='word_1_118' title='bbox 853 2169 1025 2242; x_wconf 88' lang='lat' dir='ltr'>commode</span> <span class='ocrx_word' id='word_1_119' title='bbox 1041 2171 1244 2242; x_wconf 85' lang='lat' dir='ltr'>frumentum</span> 
     </span>
     <span class='ocr_line' id='line_1_17' title="bbox 212 2290 1244 2385; baseline 0.004 -29"><span class='ocrx_word' id='word_1_120' title='bbox 212 2303 500 2384; x_wconf 81' lang='lat' dir='ltr'>commeatumque</span> <span class='ocrx_word' id='word_1_121' title='bbox 520 2290 583 2360; x_wconf 90' lang='lat' dir='ltr'>sibi</span> <span class='ocrx_word' id='word_1_122' title='bbox 603 2293 811 2385; x_wconf 88' lang='lat' dir='ltr'>supportari,</span> <span class='ocrx_word' id='word_1_123' title='bbox 829 2292 865 2363; x_wconf 93' lang='lat' dir='ltr'>in</span> <span class='ocrx_word' id='word_1_124' title='bbox 881 2291 950 2360; x_wconf 90' lang='lat' dir='ltr'>dies</span> <span class='ocrx_word' id='word_1_125' title='bbox 964 2291 1108 2360; x_wconf 89' lang='lat' dir='ltr'>hostium</span> <span class='ocrx_word' id='word_1_126' title='bbox 1128 2317 1244 2361; x_wconf 86' lang='lat' dir='ltr'>nume·</span> 
     </span>
     <span class='ocr_line' id='line_1_18' title="bbox 211 2409 1245 2506; baseline 0.005 -32"><span class='ocrx_word' id='word_1_127' title='bbox 211 2431 286 2474; x_wconf 92' lang='lat' dir='ltr'>rum</span> <span class='ocrx_word' id='word_1_128' title='bbox 306 2411 441 2504; x_wconf 85' lang='lat' dir='ltr'>augeri,</span> <span class='ocrx_word' id='word_1_129' title='bbox 463 2435 531 2478; x_wconf 90' lang='lat' dir='ltr'>uon</span> <span class='ocrx_word' id='word_1_130' title='bbox 552 2409 775 2480; x_wconf 89' lang='lat' dir='ltr'>cunctandum</span> <span class='ocrx_word' id='word_1_131' title='bbox 797 2411 1015 2496; x_wconf 83' lang='lat' dir='ltr'>existimavit,</span> <span class='ocrx_word' id='word_1_132' title='bbox 1033 2411 1115 2505; x_wconf 91' lang='lat' dir='ltr'>quin</span> <span class='ocrx_word' id='word_1_133' title='bbox 1134 2437 1245 2506; x_wconf 87' lang='lat' dir='ltr'>pugna</span> 
     </span>
     <span class='ocr_line' id='line_1_19' title="bbox 211 2525 1245 2618; baseline 0.001 -23"><span class='ocrx_word' id='word_1_134' title='bbox 211 2525 403 2598; x_wconf 82' lang='lat' dir='ltr'>decertaret.</span> <span class='ocrx_word' id='word_1_135' title='bbox 422 2534 492 2598; x_wconf 87' lang='lat' dir='ltr'>Hac</span> <span class='ocrx_word' id='word_1_136' title='bbox 507 2556 543 2598; x_wconf 92' lang='lat' dir='ltr'>re</span> <span class='ocrx_word' id='word_1_137' title='bbox 559 2530 600 2598; x_wconf 93' lang='lat' dir='ltr'>ad</span> <span class='ocrx_word' id='word_1_138' title='bbox 617 2528 792 2600; x_wconf 89' lang='lat' dir='ltr'>consilium</span> <span class='ocrx_word' id='word_1_139' title='bbox 807 2528 931 2618; x_wconf 88' lang='lat' dir='ltr'>delata,</span> <span class='ocrx_word' id='word_1_140' title='bbox 950 2533 1007 2599; x_wconf 90' lang='lat' dir='ltr'>ubi</span> <span class='ocrx_word' id='word_1_141' title='bbox 1023 2555 1139 2600; x_wconf 91' lang='lat' dir='ltr'>omncs</span> <span class='ocrx_word' id='word_1_142' title='bbox 1158 2529 1245 2598; x_wconf 88' lang='lat' dir='ltr'>idem</span> 
     </span>
     <span class='ocr_line' id='line_1_20' title="bbox 211 2647 1170 2743; baseline 0.001 -29"><span class='ocrx_word' id='word_1_143' title='bbox 211 2648 335 2715; x_wconf 90' lang='lat' dir='ltr'>sentire</span> <span class='ocrx_word' id='word_1_144' title='bbox 353 2647 532 2735; x_wconf 84' lang='lat' dir='ltr'>intellexit,</span> <span class='ocrx_word' id='word_1_145' title='bbox 552 2664 721 2742; x_wconf 89' lang='lat' dir='ltr'>posterum</span> <span class='ocrx_word' id='word_1_146' title='bbox 742 2648 829 2720; x_wconf 91' lang='lat' dir='ltr'>diem</span> <span class='ocrx_word' id='word_1_147' title='bbox 850 2673 967 2743; x_wconf 84' lang='lat' dir='ltr'>pugnae</span> <span class='ocrx_word' id='word_1_148' title='bbox 986 2649 1170 2719; x_wconf 89' lang='lat' dir='ltr'>constituit.</span> 
     </span>
     <span class='ocr_line' id='line_1_21' title="bbox 262 2765 1247 2862; baseline 0.004 -30"><span class='ocrx_word' id='word_1_149' title='bbox 262 2767 388 2834; x_wconf 86' lang='lat' dir='ltr'><strong>XXIV.</strong></span> <span class='ocrx_word' id='word_1_150' title='bbox 413 2767 525 2835; x_wconf 88' lang='lat' dir='ltr'>Prima</span> <span class='ocrx_word' id='word_1_151' title='bbox 551 2765 639 2854; x_wconf 91' lang='lat' dir='ltr'>luce,</span> <span class='ocrx_word' id='word_1_152' title='bbox 663 2767 832 2862; x_wconf 88' lang='lat' dir='ltr'>productis</span> <span class='ocrx_word' id='word_1_153' title='bbox 858 2769 1012 2837; x_wconf 90' lang='lat' dir='ltr'>omnibus</span> <span class='ocrx_word' id='word_1_154' title='bbox 1039 2767 1160 2862; x_wconf 92' lang='lat' dir='ltr'>copiis,</span> <span class='ocrx_word' id='word_1_155' title='bbox 1184 2765 1247 2836; x_wconf 91' lang='lat' dir='ltr'>du·</span> 
     </span>
     <span class='ocr_line' id='line_1_22' title="bbox 214 2885 1245 2982; baseline 0.001 -26"><span class='ocrx_word' id='word_1_156' title='bbox 214 2885 291 2980; x_wconf 87' lang='lat' dir='ltr'>plici</span> <span class='ocrx_word' id='word_1_157' title='bbox 310 2887 381 2956; x_wconf 90' lang='lat' dir='ltr'>acie</span> <span class='ocrx_word' id='word_1_158' title='bbox 402 2888 571 2973; x_wconf 89' lang='lat' dir='ltr'>instituta,</span> <span class='ocrx_word' id='word_1_159' title='bbox 588 2887 718 2958; x_wconf 84' lang='lat' dir='ltr'>auxiliis</span> <span class='ocrx_word' id='word_1_160' title='bbox 737 2890 771 2957; x_wconf 91' lang='lat' dir='ltr'>in</span> <span class='ocrx_word' id='word_1_161' title='bbox 791 2888 934 2958; x_wconf 88' lang='lat' dir='ltr'>mediam</span> <span class='ocrx_word' id='word_1_162' title='bbox 950 2890 1054 2958; x_wconf 85' lang='lat' dir='ltr'>aciem</span> <span class='ocrx_word' id='word_1_163' title='bbox 1070 2886 1245 2982; x_wconf 82' lang='lat' dir='ltr'>conjectis,</span> 
     </span>
     <span class='ocr_line' id='line_1_23' title="bbox 212 3005 1247 3103; baseline 0.002 -27"><span class='ocrx_word' id='word_1_164' title='bbox 212 3005 293 3100; x_wconf 94' lang='lat' dir='ltr'>quid</span> <span class='ocrx_word' id='word_1_165' title='bbox 308 3007 419 3076; x_wconf 90' lang='lat' dir='ltr'>hostes</span> <span class='ocrx_word' id='word_1_166' title='bbox 436 3007 564 3076; x_wconf 89' lang='lat' dir='ltr'>consilii</span> <span class='ocrx_word' id='word_1_167' title='bbox 580 3023 749 3101; x_wconf 88' lang='lat' dir='ltr'>caperent,</span> <span class='ocrx_word' id='word_1_168' title='bbox 765 3007 984 3103; x_wconf 86' lang='lat' dir='ltr'>exspectabat.</span> <span class='ocrx_word' id='word_1_169' title='bbox 992 3005 1060 3095; x_wconf 91' lang='lat' dir='ltr'>llli,</span> <span class='ocrx_word' id='word_1_170' title='bbox 1075 3009 1136 3078; x_wconf 86' lang='lat' dir='ltr'>etsi</span> <span class='ocrx_word' id='word_1_171' title='bbox 1149 3033 1247 3102; x_wconf 88' lang='lat' dir='ltr'>prop-</span> 
     </span>
     <span class='ocr_line' id='line_1_24' title="bbox 214 3124 1246 3221; baseline 0.003 -27"><span class='ocrx_word' id='word_1_172' title='bbox 214 3140 265 3194; x_wconf 92' lang='lat' dir='ltr'>ter</span> <span class='ocrx_word' id='word_1_173' title='bbox 294 3124 564 3216; x_wconf 88' lang='lat' dir='ltr'>multitudinem,</span> <span class='ocrx_word' id='word_1_174' title='bbox 588 3142 621 3197; x_wconf 90' lang='lat' dir='ltr'>et</span> <span class='ocrx_word' id='word_1_175' title='bbox 647 3143 791 3197; x_wconf 85' lang='lat' dir='ltr'>veterem</span> <span class='ocrx_word' id='word_1_176' title='bbox 813 3125 892 3196; x_wconf 93' lang='lat' dir='ltr'>belli</span> <span class='ocrx_word' id='word_1_177' title='bbox 916 3125 1074 3221; x_wconf 89' lang='lat' dir='ltr'>gloriam,</span> <span class='ocrx_word' id='word_1_178' title='bbox 1099 3129 1246 3221; x_wconf 85' lang='lat' dir='ltr'>paucita-</span> 
     </span>
     <span class='ocr_line' id='line_1_25' title="bbox 213 3247 1245 3338; baseline 0.003 -25"><span class='ocrx_word' id='word_1_179' title='bbox 213 3260 346 3338; x_wconf 88' lang='lat' dir='ltr'>temque</span> <span class='ocrx_word' id='word_1_180' title='bbox 374 3261 582 3332; x_wconf 90' lang='lat' dir='ltr'>nostrorum,</span> <span class='ocrx_word' id='word_1_181' title='bbox 604 3271 639 3316; x_wconf 87' lang='lat' dir='ltr'>se</span> <span class='ocrx_word' id='word_1_182' title='bbox 660 3262 733 3318; x_wconf 89' lang='lat' dir='ltr'>tuto</span> <span class='ocrx_word' id='word_1_183' title='bbox 757 3247 970 3318; x_wconf 85' lang='lat' dir='ltr'>dimicaturos</span> <span class='ocrx_word' id='word_1_184' title='bbox 996 3249 1245 3328; x_wconf 83' lang='lat' dir='ltr'>existimabant,</span> 
     </span>
     <span class='ocr_line' id='line_1_26' title="bbox 213 3366 1246 3455; baseline 0.002 -23"><span class='ocrx_word' id='word_1_185' title='bbox 213 3380 324 3436; x_wconf 88' lang='lat' dir='ltr'>tamen</span> <span class='ocrx_word' id='word_1_186' title='bbox 341 3367 447 3436; x_wconf 89' lang='lat' dir='ltr'>tutius</span> <span class='ocrx_word' id='word_1_187' title='bbox 458 3391 529 3436; x_wconf 86' lang='lat' dir='ltr'>esse</span> <span class='ocrx_word' id='word_1_188' title='bbox 540 3366 804 3455; x_wconf 87' lang='lat' dir='ltr'>arbitrabantur,</span> <span class='ocrx_word' id='word_1_189' title='bbox 817 3368 957 3438; x_wconf 88' lang='lat' dir='ltr'>obsessis</span> <span class='ocrx_word' id='word_1_190' title='bbox 972 3369 1049 3454; x_wconf 81' lang='lat' dir='ltr'>viis,</span> <span class='ocrx_word' id='word_1_191' title='bbox 1060 3381 1246 3436; x_wconf 89' lang='lat' dir='ltr'>commeatu</span> 
     </span>
     <span class='ocr_line' id='line_1_27' title="bbox 212 3482 1248 3582; baseline 0.003 -31"><span class='ocrx_word' id='word_1_192' title='bbox 212 3482 408 3571; x_wconf 88' lang='lat' dir='ltr'>intercluso,</span> <span class='ocrx_word' id='word_1_193' title='bbox 426 3485 496 3553; x_wconf 89' lang='lat' dir='ltr'>sine</span> <span class='ocrx_word' id='word_1_194' title='bbox 513 3483 583 3554; x_wconf 94' lang='lat' dir='ltr'>ullo</span> <span class='ocrx_word' id='word_1_195' title='bbox 601 3482 737 3582; x_wconf 87' lang='lat' dir='ltr'>vulnere</span> <span class='ocrx_word' id='word_1_196' title='bbox 751 3485 889 3556; x_wconf 86' lang='lat' dir='ltr'>victoria</span> <span class='ocrx_word' id='word_1_197' title='bbox 909 3487 1031 3579; x_wconf 87' lang='lat' dir='ltr'>potiri:</span> <span class='ocrx_word' id='word_1_198' title='bbox 1048 3501 1095 3573; x_wconf 84' lang='lat' dir='ltr'>et,</span> <span class='ocrx_word' id='word_1_199' title='bbox 1110 3487 1135 3554; x_wconf 92' lang='lat' dir='ltr'>si</span> <span class='ocrx_word' id='word_1_200' title='bbox 1150 3509 1248 3578; x_wconf 90' lang='lat' dir='ltr'>prop-</span> 
     </span>
     <span class='ocr_line' id='line_1_28' title="bbox 214 3604 1246 3700; baseline -0.001 -27"><span class='ocrx_word' id='word_1_201' title='bbox 214 3619 265 3673; x_wconf 86' lang='lat' dir='ltr'>ter</span> <span class='ocrx_word' id='word_1_202' title='bbox 285 3605 432 3700; x_wconf 90' lang='lat' dir='ltr'>inopiam</span> <span class='ocrx_word' id='word_1_203' title='bbox 452 3604 500 3673; x_wconf 90' lang='lat' dir='ltr'>rei</span> <span class='ocrx_word' id='word_1_204' title='bbox 521 3604 745 3674; x_wconf 80' lang='lat' dir='ltr'>frumentaria·</span> <span class='ocrx_word' id='word_1_205' title='bbox 765 3606 906 3674; x_wconf 89' lang='lat' dir='ltr'>Romani</span> <span class='ocrx_word' id='word_1_206' title='bbox 929 3629 997 3674; x_wconf 89' lang='lat' dir='ltr'>sese</span> <span class='ocrx_word' id='word_1_207' title='bbox 1017 3605 1161 3696; x_wconf 88' lang='lat' dir='ltr'>recipere</span> <span class='ocrx_word' id='word_1_208' title='bbox 1180 3627 1246 3672; x_wconf 88' lang='lat' dir='ltr'>coe·</span> 
     </span>
     <span class='ocr_line' id='line_1_29' title="bbox 214 3721 1248 3819; baseline -0.002 -27"><span class='ocrx_word' id='word_1_209' title='bbox 214 3725 354 3817; x_wconf 90' lang='lat' dir='ltr'>pissent,</span> <span class='ocrx_word' id='word_1_210' title='bbox 371 3723 548 3817; x_wconf 90' lang='lat' dir='ltr'>impeditos</span> <span class='ocrx_word' id='word_1_211' title='bbox 569 3727 604 3792; x_wconf 94' lang='lat' dir='ltr'>in</span> <span class='ocrx_word' id='word_1_212' title='bbox 625 3726 756 3819; x_wconf 87' lang='lat' dir='ltr'>agmine</span> <span class='ocrx_word' id='word_1_213' title='bbox 773 3740 806 3793; x_wconf 90' lang='lat' dir='ltr'>et</span> <span class='ocrx_word' id='word_1_214' title='bbox 825 3726 886 3794; x_wconf 88' lang='lat' dir='ltr'>sub</span> <span class='ocrx_word' id='word_1_215' title='bbox 905 3725 1056 3809; x_wconf 88' lang='lat' dir='ltr'>sarcinis,</span> <span class='ocrx_word' id='word_1_216' title='bbox 1077 3721 1248 3792; x_wconf 84' lang='lat' dir='ltr'>inferiores</span> 
     </span>
     <span class='ocr_line' id='line_1_30' title="bbox 211 3843 1246 3938; baseline 0.002 -28"><span class='ocrx_word' id='word_1_217' title='bbox 211 3845 340 3932; x_wconf 86' lang='lat' dir='ltr'>animo,</span> <span class='ocrx_word' id='word_1_218' title='bbox 357 3844 481 3914; x_wconf 89' lang='lat' dir='ltr'>adoriri</span> <span class='ocrx_word' id='word_1_219' title='bbox 502 3844 701 3938; x_wconf 87' lang='lat' dir='ltr'>cogitabant.</span> <span class='ocrx_word' id='word_1_220' title='bbox 720 3849 791 3914; x_wconf 89' lang='lat' dir='ltr'>Hoc</span> <span class='ocrx_word' id='word_1_221' title='bbox 810 3844 949 3914; x_wconf 88' lang='lat' dir='ltr'>oonsilio</span> <span class='ocrx_word' id='word_1_222' title='bbox 963 3843 1102 3938; x_wconf 86' lang='lat' dir='ltr'>probato</span> <span class='ocrx_word' id='word_1_223' title='bbox 1123 3844 1164 3911; x_wconf 91' lang='lat' dir='ltr'>ab</span> <span class='ocrx_word' id='word_1_224' title='bbox 1185 3843 1246 3912; x_wconf 93' lang='lat' dir='ltr'>du·</span> 
     </span>
     <span class='ocr_line' id='line_1_31' title="bbox 211 3961 1246 4057; baseline 0.002 -29"><span class='ocrx_word' id='word_1_225' title='bbox 211 3961 318 4052; x_wconf 86' lang='lat' dir='ltr'>cibus,</span> <span class='ocrx_word' id='word_1_226' title='bbox 340 3962 512 4056; x_wconf 87' lang='lat' dir='ltr'>productis</span> <span class='ocrx_word' id='word_1_227' title='bbox 536 3965 763 4032; x_wconf 88' lang='lat' dir='ltr'>Romanorum</span> <span class='ocrx_word' id='word_1_228' title='bbox 786 3965 906 4057; x_wconf 92' lang='lat' dir='ltr'>copiis,</span> <span class='ocrx_word' id='word_1_229' title='bbox 930 3989 999 4032; x_wconf 90' lang='lat' dir='ltr'>sese</span> <span class='ocrx_word' id='word_1_230' title='bbox 1021 3964 1136 4032; x_wconf 89' lang='lat' dir='ltr'>castris</span> <span class='ocrx_word' id='word_1_231' title='bbox 1158 3976 1246 4032; x_wconf 88' lang='lat' dir='ltr'>tene·</span> 
     </span>
    </p>
   </div>
   <div class='ocr_carea' id='block_1_3' title="bbox 0 0 1552 4762">
    <p class='ocr_par' dir='ltr' id='par_1_3' title="bbox 0 0 1552 4762">
     <span class='ocr_line' id='line_1_32' title="bbox 0 0 1552 4762; baseline 0 0"><span class='ocrx_word' id='word_1_232' title='bbox 0 0 1552 4762; x_wconf 95' lang='lat' dir='ltr'> </span> 
     </span>
    </p>
   </div>
  </div>
 </body>
</html>
