3088 4766
280 403 333 442 roo
430 383 460 440 st
480 385 576 440 sunu
596 383 760 440 CAESARIS
783 383 1147 440 COMMENTARIORUM

275 511 429 602 aequitate
447 508 589 594 decreti,
608 523 641 578 et
657 509 827 578 humanite
842 508 1017 596 Trebonii,
1036 511 1093 601 qui
1111 510 1162 578 his
1180 525 1307 605 tempo·

275 631 366 698 ribus
388 627 565 716 clementer
581 643 613 698 et
630 627 797 698 moderate
812 629 867 720 jus
885 626 1059 696 dicendum
1082 629 1308 717 existimabat,

276 762 312 819 ut
340 750 477 841 reperiri
501 773 569 816 non
597 761 749 840 possent,
774 773 794 815 a
821 749 941 840 quibus
968 747 1097 816 initium
1121 745 1308 842 appellandi

277 883 476 936 nasceretur.
490 870 574 940 Nam
592 867 727 937 fortasse
744 869 890 960 inopiam
902 891 1076 956 excusare,
1091 883 1124 936 et
1137 865 1307 940 calamita·

278 1000 415 1055 temaut
435 987 603 1080 propriam
614 1011 706 1056 suam
724 1001 780 1055 aut
798 1001 982 1080 temporum
995 989 1107 1078 queri,
1120 987 1310 1059 etdifficul·

277 1119 359 1174 tates
372 1104 584 1174 auctionandi
599 1129 799 1200 proponere,
816 1107 916 1174 etiam
932 1105 1105 1174 mediocris
1115 1121 1169 1188 est
1186 1108 1309 1200 apimi3

277 1225 420 1318 integras
438 1248 514 1294 vero
534 1239 652 1294 tenere
662 1225 900 1317 possessiones,
919 1226 975 1316 qni
995 1249 1029 1292 se
1044 1225 1163 1294 debere
1182 1225 1310 1296 fatean-

277 1357 343 1430 tur,
354 1345 447 1436 cnjus
461 1345 584 1431 animi,
601 1359 659 1412 aut
670 1345 764 1437 cujus
783 1342 993 1436 impudentia
1008 1343 1080 1412 est?
1094 1347 1232 1436 Itaque,
1246 1346 1310 1416 hoc

276 1464 333 1555 qni
354 1460 551 1556 postularet,
570 1463 794 1556 reperiebatur
813 1485 919 1532 nemo.
936 1465 1042 1556 Atque
1055 1464 1153 1556 ipsis,
1172 1463 1214 1532 ad
1230 1488 1310 1556 quo·

277 1607 352 1650 rum
366 1581 575 1650 commodum
592 1581 796 1675 pertinebat,
815 1582 928 1651 durior
942 1583 1095 1650 inventus
1110 1596 1160 1651 est
1174 1579 1307 1653 Coelius.

277 1705 320 1771 Et
336 1703 379 1772 ab
397 1702 461 1772 boc
478 1701 647 1794 profectus
663 1702 777 1789 initio,
797 1725 838 1770 ne
857 1700 979 1770 frustra
993 1703 1158 1794 ingressus
1178 1717 1309 1795 turpem

203 1850 205 1858 ·
278 1847 410 1891 causam
423 1820 600 1908 videretur,
614 1818 719 1914 legem
735 1819 975 1914 promulgavit,
989 1835 1027 1890 nt
1043 1823 1145 1890 sexies
1159 1823 1227 1890 seni
1241 1821 1309 1890 dies

279 1943 349 2010 sine
364 1941 471 2010 usuris
489 1939 620 2008 credite
638 1941 785 2031 pecunia
803 1937 983 2009 solvantur.

326 2061 418 2128 XXI.
451 2058 565 2146 Quum
591 2059 755 2126 resisteret
769 2057 935 2145 ,Servilius
966 2058 1097 2147 consul,
1128 2057 1310 2153 reliquique

280 2181 506 2271 magistratus,
525 2190 559 2244 et
577 2178 686 2245 minus
706 2177 863 2270 opinione
881 2202 941 2246 sua
964 2175 1126 2262 efficeret,
1143 2177 1186 2247 ad
1203 2177 1309 2247 bomi-

280 2321 359 2366 nurn
376 2289 687 2381 excitanda'studia‚
701 2292 829 2364 sublata
842 2297 953 2388 priore
967 2295 1052 2390 lege,
1066 2296 1147 2365 duas
1162 2282 1310 2389 protitul-¹

279 2417 387 2510 gavit3
406 2439 526 2502 uuam,
546 2439 610 2506 qua
634 2413 796 2484 mercedes
819 2415 1058 2484 habitationum
1079 2439 1209 2510 annuas
1231 2441 1310 2486 con·

279 2534 471 2622 ductoribus
488 2533 623 2602 donavit
633 2558 643 2620 ;
655 2531 789 2602 alteram
805 2532 994 2605 tabularum
1012 2557 1192 2620 uquarum,
1206 2536 1310 2629 impe·

175 2721 178 2732 ,
281 2670 383 2747 tuque
401 2651 622 2722 multitudinis
642 2656 675 2722 in
692 2655 731 2722 C.
750 2654 950 2723 Trebonium
971 2654 1073 2743 facto,
1089 2670 1122 2724 et
1142 2653 1310 2724 nonnullis

279 2772 475 2862 vulneratis,
492 2797 567 2842 eum
581 2772 622 2842 de
634 2771 790 2841 tribunali
803 2773 1001 2845 deturbavit.
1013 2778 1064 2844 De
1079 2775 1200 2869 quibus
1211 2775 1310 2843 rebus

280 2893 435 2966 Servilius
451 2891 569 2962 consul
582 2890 624 2960 ad
640 2906 790 2960 senatum
804 2891 936 2981 retulit3
954 2909 1151 2988 senatusque
1169 2891 1310 2964 Coelinm

281 3013 324 3080 ab
349 3009 516 3107 republica
541 3011 778 3082 removendum
805 3015 941 3082 censuit.
970 3017 1044 3082 Hoc
1073 3013 1203 3084 decreto'
1233 3038 1311 3083 enm

280 3129 395 3208 consul
410 3145 525 3198 senatu
545 3131 734 3224 prohibuit,
749 3146 783 3200 et
799 3133 990 3200 concionari
1006 3147 1180 3202 conantem
1197 3132 1312 3204 delio·

280 3251 354 3318 stris
373 3249 518 3318 deduxit.
537 3247 611 3336 llle,
629 3251 807 3344 ignominia
826 3264 860 3319 et
877 3249 990 3320 dolore
1005 3267 1191 3345 permotus,
1201 3252 1311 3348 palam
1400 3269 1402 3272 ’

281 3393 314 3438 se
345 3367 509 3463 proficisci
533 3367 576 3462 ad
599 3371 761 3438 Gaesarem
786 3369 969 3459 simulavit3
990 3370 1093 3459 clam,
1117 3373 1241 3439 nuntiis
1267 3364 1312 3440 ad

280 3488 441 3560 Milonem
457 3491 583 3578 missis,
599 3492 672 3583 qui,
691 3488 809 3560 Clodio
828 3491 1020 3572 interfecto,
1039 3517 1078 3562 eo
1096 3492 1312 3560 nominecrat

281 3609 471 3696 damnatus,
493 3624 592 3702 atque
612 3611 707 3697 eoin
728 3609 858 3679 ltaliam
873 3625 1031 3698 evacuo,
1057 3607 1165 3702 quod,
1183 3610 1312 3702 magnis

283 3728 475 3798 muneribus
490 3728 575 3797 datis
586 3728 816 3824 ,ffladiatoriae
836 3728 964 3799 familiae
982 3727 1137 3822 reliquias
1152 3727 1313 3818 babebat,

281 3849 344 3916 sibi
361 3849 550 3941 conjunxit,
568 3864 667 3943 atquc
685 3874 761 3919 eum
780 3852 814 3918 in
829 3849 1015 3920 Thurinum
1032 3847 1074 3916 ad
1089 3845 1312 3918 sollicitandos

282 3980 427 4061 pastores
448 3971 613 4061 praemisit.
635 3971 709 4062 Ipse
722 3993 825 4063 quum
844 3967 1027 4040 Casilinum
1044 3969 1206 4060 venisset,
1226 3993 1312 4038 uno·
