3048 4770
279 297 317 370 [di
433 295 464 352 C.
484 295 583 352 JULH
605 294 771 352 cAEstuts
793 292 1164 352 COMMENTARIORUM

280 439 388 496 tremo
408 423 554 514 agmine,
568 419 610 488 ad
625 444 708 513 quos
723 434 858 490 ventum
875 433 961 505 erat,
976 421 1213 507 consisterent,
1228 421 1328 490 forti-

281 558 398 636 terque
412 525 573 638 impetum
589 555 779 610 nostrorum
792 538 934 610 miiitiae
946 541 1166 628 sustinentia
1178 542 1325 636 priores·

281 689 346 756 que
355 661 461 758 (quod
476 663 589 731 abesse
602 686 622 732 a
633 659 782 758 periculo
796 659 1005 745 viderentur,
1016 684 1124 754 neque
1133 658 1201 730 ulia
1212 685 1326 732 neces·

282 785 396 870 sitate,
416 763 524 876 ireque
538 783 678 876 imperio
694 778 975 874 continerentur),
991 781 1147 852 exaudito
1164 781 1324 870 clamore,

283 903 487 1000 perturbatis
506 901 697 988 ordinibus,
710 925 825 972 omnes
838 901 872 976 in
892 899 970 994 iuga
984 900 1048 970 sibi
1062 901 1251 994 presidium
1266 928 1327 997 po·

284 1038 414 1096 nerent.
434 1026 486 1094 Ita
502 1015 573 1092 sine
592 1021 660 1091 uilo
684 1022 832 1116 periculo
854 1036 980 1095 tantam
997 1045 1112 1090 eorum
1136 1020 1328 1092 multitudi-

285 1169 363 1214 nem
387 1144 494 1211 nostri
519 1141 774 1228 interfecorunt,
796 1155 960 1234 quantum
978 1140 1042 1210 strit
1064 1139 1130 1210 diei
1152 1143 1328 1235 spatium:

285 1264 348 1334 sub
373 1287 592 1356 occasumque
611 1262 690 1334 solis
715 1262 931 1348 destiterunt,
955 1285 1055 1354 seque
1077 1261 1112 1330 in
1138 1267 1263 1346 castra,
1290 1278 1329 1333 ut

283 1388 358 1456 'erat
378 1385 591 1478 imperatum,
610 1399 816 1477 reoepetunt.

336 1507 414 1574 XII.
431 1502 593 1588 Postridie
608 1504 679 1596 ejus
696 1503 761 1578 diei
777 1506 902 1591 Caesar,
923 1506 1016 1599 prius
1041 1529 1142 1598 quami
1160 1530 1195 1574 se
1213 1506 1327 1574 hostes

288 1652 328 1698 ex
346 1649 468 1719 pavore
486 1649 526 1694 ac
548 1624 626 1716 fuga
642 1626 843 1720 reciperent,
864 1627 900 1694 in
917 1625 998 1698 fines
1016 1627 1249 1713 Suessionum,
1269 1627 1328 1719 qui

288 1745 433 1841 proximi
458 1746 568 1814 Remis
587 1759 700 1828 erent,
719 1747 897 1816 exereitum
917 1743 1030 1832 duxit,
1054 1759 1103 1830 et,
1125 1767 1248 1838 magno
1273 1746 1329 1813 iti·

291 1889 370 1934 nere
389 1863 557 1950 consecto,
581 1862 624 1932 ad
643 1863 803 1958 oppidum
826 1847 1063 1935 Noviodunum
1083 1864 1266 1936 contendit.
1290 1864 1331 1934 Id

290 2009 331 2054 ex
348 1985 467 2054 itinere
485 2007 679 2084 oppugnare
699 1998 853 2071 conatus,
875 1983 965 2076 quod
989 2007 1127 2054 uacuum
1148 1985 1190 2053 ab
1216 1983 1332 2054 desen·

291 2104 421 2184 soribus
436 2127 505 2172 esse
522 2102 694 2190 audiebat,
715 2119 850 2197 propter
868 2101 1078 2174 latitudinem
1095 2103 1208 2190 fossae,
1226 2106 1333 2173 muri-

177 2235 182 2245 “
292 2248 358 2318 que
373 2221 601 2309 altitudinem,
627 2223 740 2316 paucis
758 2220 1028 2309 deiendentibus,
1044 2245 1236 2315 expugnare
1260 2247 1332 2291 non

292 2343 413 2438 potuit.
433 2342 558 2413 Castris
575 2341 731 2428 munitis,
749 2342 860 2410 vineas
875 2365 990 2433 agere,
1006 2366 1146 2434 quaeque
1162 2340 1205 2410 ad
1223 2367 1333 2442 oppu-

293 2460 466 2558 gnandum
488 2462 562 2530 usui
583 2475 693 2547 erant,
717 2483 909 2553 comparare
928 2462 1038 2554 coepit.
1065 2462 1204 2532 Interim
1222 2464 1334 2531 omnis

293 2606 334 2652 ex
359 2581 440 2674 'fuga
471 2581 684 2650 Suessionum
713 2579 892 2652 multitudo
924 2580 960 2648 in
991 2579 1153 2675 oppidum
1182 2583 1335 2674 proxime

295 2716 393 2770 nocte
411 2701 576 2770 convenit.
595 2698 753 2768 Celeriter
769 2701 873 2771 vineis
900 2698 942 2771 ad
967 2699 1129 2794 oppidum
1157 2701 1256 2788 aotis,
1276 2725 1337 2796 ag·

295 2845 372 2914 gere
385 2821 492 2913 jacto,
519 2805 732 2911 turribusque
760 2821 965 2903 constitutis,
994 2819 1224 2912 magnitudine
1256 2845 1338 2913 ope·

296 2965 392 3028 rum,
410 2965 485 3033 quae
504 2963 610 3033 neque
627 2938 779 3011 viderant
795 2953 872 3007 ante
888 2937 976 3016 Galli
989 2989 1005 3024 ,.
1017 2963 1124 3031 nequo
1143 2939 1337 3028 audierant,

295 3076 328 3130 et
344 3060 510 3133 celeritate
534 3063 761 3138 Romanorum
776 3061 935 3153 permoti,
963 3057 1087 3150 legatos
1110 3059 1152 3127 ad
1174 3063 1339 3138 cassam

297 3180 338 3249 de
354 3179 522 3249 deditione
536 3181 688 3266 mittunt3
707 3192 755 3264 et,
770 3179 956 3270 petentibus
976 3181 1088 3249 Remis
1103 3195 1141 3248 ut
1158 3205 1337 3250 oonserva·

297 3314 433 3385 rentur,
451 3299 639 3393 impetrant.

345 3421 440 3488 xltl.
461 3421 588 3506 Caesar,
609 3419 779 3489 obsidibus
798 3421 955 3514 acceptis,
980 3421 1095 3514 primis
1118 3422 1262 3490 civitatis
1286 3435 1339 3489 at·

299 3562 363 3630 que
382 3539 485 3630 ipsius
505 3535 620 3611 Gaibae
643 3540 729 3630 regis
753 3539 882 3622 duobus
902 3538 977 3610 filiis
996 3543 1163 3634 armisque
1184 3540 1341 3628 omnibus

299 3684 339 3730 ex
364 3658 488 3754 oppido
517 3656 667 3744 traditis,
695 3659 729 3733 in
754 3657 956 3732 deditionem
983 3663 1175 3730 Suessiones
1196 3661 1341 3753 accepit,

300 3781 546 3872 exercitumque
565 3779 599 3846 in
617 3776 807 3850 Bellovacos
823 3779 925 3851 ducit
947 3781 1015 3870 Qui
1035 3803 1140 3873 quum
1163 3805 1197 3849 se
1216 3803 1341 3873 suaque

303 3899 414 3968 omnia
430 3899 465 3965 in
481 3896 642 3992 oppidum
653 3900 924 3990 Bratuspantium
935 3899 1169 3983 contulissent,
1184 3915 1285 3992 atque
1298 3900 1342 3968 ab
