3026 4768
437 385 489 440 DE
508 385 811 474 Beneuentano
830 388 959 442 Ltuv.
1034 417 1039 426 ·
1166 401 1220 454 107

178 505 356 602 pellantur,
373 509 496 602 quibus
511 510 578 578 orti
599 538 639 581 ex
656 512 843 584 civitatibus
859 537 900 580 eo
921 524 1166 606 pervenerunt,
1188 524 1223 578 et

179 626 266 698 bello
287 627 380 698 illato
406 627 452 696 ibi
472 645 719 719 remanserunt,
740 648 841 726 atque
865 657 963 726 agros
985 629 1095 700 colere
1114 653 1221 724 coepe·

80 827 85 837 ,
176 763 264 818 runt.
290 751 477 818 Hominum
499 764 551 819 est
574 751 705 820 infinita
729 751 930 838 multitudo,
955 750 1224 841 creberrimaque

175 869 329 957 aedificia,
353 869 422 939 fere
443 869 571 965 gallicis
588 872 772 945 consimilia
790 900 798 944 ε
818 898 976 967 pecorum
998 896 1140 967 magnus
1160 894 1223 938 nu·

176 1015 297 1060 merus.
313 993 464 1061 Utuntur
479 1007 538 1061 aut
556 1018 636 1081 aere,
655 1008 713 1062 aut
728 993 859 1064 annulis
880 994 1011 1079 ferreis,
1031 991 1074 1060 ad
1094 1005 1223 1060 certum

175 1111 308 1205 pondus
324 1113 537 1198 examinatis,
554 1139 616 1208 pro
635 1139 783 1184 nummo.
807 1117 966 1186 Nascitur
983 1115 1029 1183 ibi
1047 1110 1223 1208 plumbum

176 1229 289 1300 album
306 1231 339 1302 in
353 1233 608 1305 mediterraneis
621 1237 828 1332 regionibus,
842 1235 878 1304 in
889 1235 1067 1304 maritimis
1077 1229 1222 1319 ferrum;

176 1351 235 1421 sed
248 1354 319 1447 ejus
332 1355 455 1450 exigua
469 1370 519 1426 est
534 1358 631 1451 eopia
649 1383 656 1424 :
673 1381 738 1426 aere
750 1371 893 1426 utuntur
907 1354 1098 1450 importato.
1113 1357 1223 1423 Mate-

176 1475 225 1541 ria
239 1475 402 1568 cujusque
415 1478 563 1572 generis,
581 1492 618 1547 ut
635 1479 671 1547 in
687 1476 812 1563 Gallia,
827 1493 893 1563 est,
909 1491 1029 1570 practer
1045 1474 1157 1569 fagum
1174 1489 1225 1543 at-

176 1618 241 1686 que
260 1594 414 1666 abietem.
432 1601 613 1692 leporem,
630 1614 663 1667 et
680 1596 853 1694 gallinam,
870 1612 904 1667 et
920 1619 1070 1666 anserem
1091 1609 1225 1688 gustare

177 1713 225 1784 sas
245 1725 313 1785 non
335 1730 457 1811 putant
478 1743 486 1786 ε
506 1717 576 1788 baec
596 1735 707 1788 tamen
728 1717 825 1788 alunt
848 1719 951 1787 animi
977 1714 1225 1808 voluptatisque

177 1860 286 1906 causa.
312 1839 405 1907 Loca
424 1853 503 1929 sunt
519 1839 769 1933 temperatiora,
787 1863 888 1932 quam
906 1839 941 1905 in
962 1833 1087 1922 Gallia,
1109 1834 1226 1902 remis-

179 1956 321 2026 sioribus
337 1957 527 2052 frigoribus

229 2081 324 2148 XIII.
351 2077 467 2148 Insula
486 2096 605 2151 natura
618 2081 805 2180 triquetra,
831 2082 926 2175 cujus
943 2101 1050 2148 unum
1067 2077 1155 2148 latus
1175 2092 1226 2148 est

179 2213 296 2270 contra
315 2198 471 2270 Galliam.
496 2202 604 2294 Hujus
621 2200 733 2269 lateris
750 2199 835 2270 alter
855 2198 1014 2296 angulus,
1033 2201 1092 2294 qui
1112 2214 1162 2269 est
1182 2200 1225 2268 ad

179 2321 361 2407 Cantium,
380 2345 448 2414 quo
464 2319 533 2402 ser'e
549 2345 664 2389 omnes
679 2345 719 2389 ex
742 2319 852 2392 Gallia
874 2345 975 2391 naves
995 2320 1224 2417 appellantur,
1284 2367 1289 2374 -

180 2442 224 2511 ad
236 2441 399 2510 orientem
414 2441 534 2530 solem,
545 2440 682 2509 inferior
696 2439 738 2510 ad
749 2441 920 2510 meridiem
938 2457 1073 2536 spectat.
1088 2445 1162 2510 Hoc
1178 2439 1225 2508 la·

182 2577 235 2630 tus
258 2576 348 2632 tenet
364 2563 498 2631 circiter
523 2560 628 2631 millia
649 2587 807 2656 passuum
827 2587 861 2631 n.
882 2561 1035 2638 Alterum
1056 2561 1165 2655 vergit
1184 2559 1226 2626 ad

181 2685 378 2777 Hispaniam
405 2696 505 2777 atque
524 2683 732 2752 occidentem
756 2680 860 2751 solem
882 2707 974 2776 :qua
994 2707 1035 2750 ex
1064 2695 1158 2774 parte
1176 2695 1227 2748 est

182 2804 358 2892 Hibernia,
369 2803 510 2873 dimidio
526 2806 647 2891 minor,
660 2820 698 2872 ut
712 2806 904 2888 aestimatur,
920 2826 1022 2896 quam
1038 2803 1226 2887 britannia,

183 2925 242 2995 sed
257 2927 330 3020 pari
347 2926 455 3019 spatio
472 2927 704 3010 transmissus,
720 2941 820 3019 atque
837 2949 879 2992 ex
895 2921 1021 3008 Gallia,
1038 2923 1137 2992 estin
1154 2925 1226 2994 Bri-

184 3046 343 3114 tanniam.
361 3047 401 3113 In
416 3045 482 3114 hoc
496 3045 606 3114 medio
623 3069 722 3114 cursu
739 3059 789 3114 est
806 3042 935 3133 insula,
951 3069 1024 3137 quae
1041 3041 1227 3139 appellatur

184 3169 287 3236 Mona
303 3163 511 3258 :complures
526 3180 684 3259 preterea
697 3166 842 3234 minores
859 3165 995 3260 objectae
1012 3164 1128 3234 insulae
1144 3167 1227 3234 exis·

186 3287 361 3370 timentur,
382 3286 422 3354 de
441 3286 570 3380 quibus.
590 3284 705 3354 insulis
733 3283 887 3355 nonnulli
916 3287 1133 3380 scripserunt,
1158 3284 1228 3354 dies
1303 3384 1308 3395 Ι

186 3409 363 3477 continuos
383 3433 455 3476 xxx
473 3409 536 3476 sub
554 3408 673 3475 bruma
693 3433 762 3476 esse
780 3422 932 3490 noctem,
943 3409 1013 3478 Nos
1029 3405 1113 3476 nihil
1131 3406 1172 3474 de
1188 3431 1227 3475 eo

187 3505 495 3623 percontationibus
507 3529 768 3624 reperiebamus,
781 3530 844 3597 nisi
862 3528 961 3598 certis
976 3554 1017 3597 ex
1034 3553 1120 3622 aqua
1138 3553 1228 3596 men-

189 3649 274 3717 suris
292 3651 460 3718 breviores
475 3673 563 3736 esse,
574 3673 675 3742 quam
691 3651 725 3716 in
743 3649 948 3737 continenti,
965 3663 1079 3718 noctes
1095 3647 1229 3716 videba-

189 3793 273 3836 mus.
287 3771 395 3864 Hujus
410 3784 459 3838 cst
474 3767 649 3864 longitudo
666 3768 797 3857 lateris,
814 3783 852 3837 ut
870 3769 934 3839 fert
950 3767 1083 3838 illorum
1101 3769 1226 3862 opinio,

189 3911 255 3958 occ
266 3887 406 3957 millium
420 3914 586 3984 passuum.
601 3891 751 3958 Tertium
766 3905 816 3959 cst
828 3904 943 3958 eontra
961 3891 1227 3984 septemtriones,

190 4013 244 4079 cui
256 4013 341 4103 parti
359 4008 450 4078 nulla
467 4025 516 4078 est
533 4010 661 4103 objecta
679 4026 787 4096 terra;
804 4011 859 4079 sed
875 4012 945 4103 ejus
962 4010 1104 4106 angulus
1118 4009 1229 4080 lateris
