<?xml version="1.0" encoding="UTF-8"?>
<!DOCTYPE html PUBLIC "-//W3C//DTD XHTML 1.0 Transitional//EN"
    "http://www.w3.org/TR/xhtml1/DTD/xhtml1-transitional.dtd">
<html xmlns="http://www.w3.org/1999/xhtml" xml:lang="en" lang="en">
 <head>
  <title>
</title>
<meta http-equiv="Content-Type" content="text/html;charset=utf-8" />
  <meta name='ocr-system' content='tesseract 3.04.00' />
  <meta name='ocr-capabilities' content='ocr_page ocr_carea ocr_par ocr_line ocrx_word'/>
</head>
<body>
  <div class='ocr_page' id='page_1' title='image "./cjcaesarisopera00caesgoog_0370.png"; bbox 0 0 3038 4766; ppageno 0'>
   <div class='ocr_carea' id='block_1_1' title="bbox 244 340 1160 422">
    <p class='ocr_par' dir='ltr' id='par_1_1' title="bbox 244 340 1160 422">
     <span class='ocr_line' id='line_1_1' title="bbox 244 340 1160 422; baseline 0.003 -13"><span class='ocrx_word' id='word_1_1' title='bbox 244 340 248 354; x_wconf 66' lang='lat'><em>*</em></span> <span class='ocrx_word' id='word_1_2' title='bbox 283 355 321 422; x_wconf 78' lang='grc' dir='ltr'><strong>σι.</strong></span> <span class='ocrx_word' id='word_1_3' title='bbox 433 358 462 411; x_wconf 91' lang='lat' dir='ltr'><strong>c.</strong></span> <span class='ocrx_word' id='word_1_4' title='bbox 483 358 581 414; x_wconf 77' lang='lat' dir='ltr'><strong>suen</strong></span> <span class='ocrx_word' id='word_1_5' title='bbox 602 357 769 414; x_wconf 77' lang='lat' dir='ltr'><strong>cnsnnts</strong></span> <span class='ocrx_word' id='word_1_6' title='bbox 792 357 1160 415; x_wconf 79' lang='lat' dir='ltr'><strong>commuramouun</strong></span> 
     </span>
    </p>
   </div>
   <div class='ocr_carea' id='block_1_2' title="bbox 233 470 1351 3210">
    <p class='ocr_par' dir='ltr' id='par_1_2' title="bbox 282 470 1321 1772">
     <span class='ocr_line' id='line_1_2' title="bbox 283 470 1319 575; baseline 0.001 -25"><span class='ocrx_word' id='word_1_7' title='bbox 283 481 336 551; x_wconf 93' lang='lat' dir='ltr'><strong>llli</strong></span> <span class='ocrx_word' id='word_1_8' title='bbox 353 483 414 551; x_wconf 90' lang='lat' dir='ltr'><strong>sub</strong></span> <span class='ocrx_word' id='word_1_9' title='bbox 430 507 562 553; x_wconf 86' lang='lat' dir='ltr'><strong>murum</strong></span> <span class='ocrx_word' id='word_1_10' title='bbox 582 470 814 575; x_wconf 72' lang='lat' dir='ltr'><strong>se&#39;recipiunt,</strong></span> <span class='ocrx_word' id='word_1_11' title='bbox 840 481 951 573; x_wconf 83' lang='lat' dir='ltr'>ibique</span> <span class='ocrx_word' id='word_1_12' title='bbox 976 480 1163 552; x_wconf 90' lang='lat' dir='ltr'><strong>musculum</strong></span> <span class='ocrx_word' id='word_1_13' title='bbox 1181 485 1319 551; x_wconf 88' lang='lat' dir='ltr'><strong>turrim-</strong></span> 
     </span>
     <span class='ocr_line' id='line_1_3' title="bbox 282 600 1319 696; baseline -0.001 -25"><span class='ocrx_word' id='word_1_14' title='bbox 282 627 347 696; x_wconf 89' lang='lat' dir='ltr'><strong>que</strong></span> <span class='ocrx_word' id='word_1_15' title='bbox 367 601 544 671; x_wconf 86' lang='lat' dir='ltr'><strong>lateritiam</strong></span> <span class='ocrx_word' id='word_1_16' title='bbox 562 601 665 671; x_wconf 87' lang='lat' dir='ltr'><strong>libere</strong></span> <span class='ocrx_word' id='word_1_17' title='bbox 679 600 873 670; x_wconf 91' lang='lat' dir='ltr'><strong>incendunt.</strong></span> <span class='ocrx_word' id='word_1_18' title='bbox 890 603 942 670; x_wconf 86' lang='lat' dir='ltr'><strong>Ita</strong></span> <span class='ocrx_word' id='word_1_19' title='bbox 959 601 1139 675; x_wconf 89' lang='lat' dir='ltr'><strong>multorum</strong></span> <span class='ocrx_word' id='word_1_20' title='bbox 1156 603 1319 670; x_wconf 89' lang='lat' dir='ltr'><strong>meusium</strong></span> 
     </span>
     <span class='ocr_line' id='line_1_4' title="bbox 282 721 1319 817; baseline 0.001 -28"><span class='ocrx_word' id='word_1_21' title='bbox 282 722 376 790; x_wconf 88' lang='lat' dir='ltr'><strong>labor</strong></span> <span class='ocrx_word' id='word_1_22' title='bbox 394 722 541 792; x_wconf 89' lang='lat' dir='ltr'><strong>hostium</strong></span> <span class='ocrx_word' id='word_1_23' title='bbox 559 721 720 817; x_wconf 84' lang='lat' dir='ltr'><strong>perfidia,</strong></span> <span class='ocrx_word' id='word_1_24' title='bbox 741 737 775 790; x_wconf 86' lang='lat' dir='ltr'><strong>et</strong></span> <span class='ocrx_word' id='word_1_25' title='bbox 795 723 825 788; x_wconf 93' lang='lat' dir='ltr'><strong>vi</strong></span> <span class='ocrx_word' id='word_1_26' title='bbox 852 721 1070 814; x_wconf 69' lang='lat' dir='ltr'><strong>tempestatis,</strong></span> <span class='ocrx_word' id='word_1_27' title='bbox 1091 735 1216 816; x_wconf 92' lang='lat' dir='ltr'><strong>puncto</strong></span> <span class='ocrx_word' id='word_1_28' title='bbox 1237 734 1319 790; x_wconf 87' lang='lat' dir='ltr'><strong>tern-</strong></span> 
     </span>
     <span class='ocr_line' id='line_1_5' title="bbox 282 839 1319 935; baseline 0.001 -26"><span class='ocrx_word' id='word_1_29' title='bbox 282 842 371 935; x_wconf 88' lang='lat' dir='ltr'><strong>poris</strong></span> <span class='ocrx_word' id='word_1_30' title='bbox 381 843 515 910; x_wconf 88' lang='lat' dir='ltr'><strong>interiit.</strong></span> <span class='ocrx_word' id='word_1_31' title='bbox 528 845 755 910; x_wconf 88' lang='lat' dir='ltr'><strong>Tentaverunt</strong></span> <span class='ocrx_word' id='word_1_32' title='bbox 767 841 830 910; x_wconf 90' lang='lat' dir='ltr'><strong>hoc</strong></span> <span class='ocrx_word' id='word_1_33' title='bbox 848 840 936 910; x_wconf 89' lang='lat' dir='ltr'><strong>idem</strong></span> <span class='ocrx_word' id='word_1_34' title='bbox 952 839 1172 910; x_wconf 83' lang='lat' dir='ltr'>Massilienses</span> <span class='ocrx_word' id='word_1_35' title='bbox 1187 855 1319 934; x_wconf 85' lang='lat' dir='ltr'><strong>postero</strong></span> 
     </span>
     <span class='ocr_line' id='line_1_6' title="bbox 282 959 1319 1055; baseline 0.001 -26"><span class='ocrx_word' id='word_1_36' title='bbox 282 960 335 1030; x_wconf 88' lang='lat' dir='ltr'><strong>die</strong></span> <span class='ocrx_word' id='word_1_37' title='bbox 352 988 360 1031; x_wconf 78' lang='grc' dir='ltr'><strong><em>ε</em></strong></span> <span class='ocrx_word' id='word_1_38' title='bbox 382 960 531 1030; x_wconf 88' lang='lat' dir='ltr'><strong>eamdem</strong></span> <span class='ocrx_word' id='word_1_39' title='bbox 548 963 636 1031; x_wconf 87' lang='lat' dir='ltr'><strong>nacti</strong></span> <span class='ocrx_word' id='word_1_40' title='bbox 654 975 896 1055; x_wconf 72' lang='lat' dir='ltr'><strong>tempestatem,</strong></span> <span class='ocrx_word' id='word_1_41' title='bbox 913 961 1030 1053; x_wconf 84' lang='lat' dir='ltr'><strong>majori</strong></span> <span class='ocrx_word' id='word_1_42' title='bbox 1041 985 1117 1030; x_wconf 89' lang='lat' dir='ltr'><strong>cum</strong></span> <span class='ocrx_word' id='word_1_43' title='bbox 1138 959 1261 1030; x_wconf 85' lang='lat' dir='ltr'><strong>liducia</strong></span> <span class='ocrx_word' id='word_1_44' title='bbox 1277 961 1319 1030; x_wconf 85' lang='lat' dir='ltr'><strong>ad</strong></span> 
     </span>
     <span class='ocr_line' id='line_1_7' title="bbox 283 1081 1320 1176; baseline -0.002 -26"><span class='ocrx_word' id='word_1_45' title='bbox 283 1081 420 1151; x_wconf 82' lang='lat' dir='ltr'><strong>alteram</strong></span> <span class='ocrx_word' id='word_1_46' title='bbox 449 1097 573 1152; x_wconf 88' lang='lat' dir='ltr'><strong>turrem</strong></span> <span class='ocrx_word' id='word_1_47' title='bbox 606 1105 824 1176; x_wconf 77' lang='lat' dir='ltr'><strong>aggeremque</strong></span> <span class='ocrx_word' id='word_1_48' title='bbox 863 1083 1037 1175; x_wconf 84' lang='lat' dir='ltr'><strong>eruptione</strong></span> <span class='ocrx_word' id='word_1_49' title='bbox 1072 1095 1320 1176; x_wconf 86' lang='lat' dir='ltr'><strong>pugnaverunt,</strong></span> 
     </span>
     <span class='ocr_line' id='line_1_8' title="bbox 283 1200 1321 1296; baseline -0.003 -25"><span class='ocrx_word' id='word_1_50' title='bbox 283 1201 488 1295; x_wconf 82' lang='lat' dir='ltr'><strong>mrdtumquc</strong></span> <span class='ocrx_word' id='word_1_51' title='bbox 503 1204 613 1296; x_wconf 81' lang='lat' dir='ltr'><strong>ignem</strong></span> <span class='ocrx_word' id='word_1_52' title='bbox 630 1200 824 1271; x_wconf 87' lang='lat' dir='ltr'><strong>intulerunt.</strong></span> <span class='ocrx_word' id='word_1_53' title='bbox 844 1201 924 1289; x_wconf 87' lang='lat' dir='ltr'><strong>Sed,</strong></span> <span class='ocrx_word' id='word_1_54' title='bbox 941 1215 978 1269; x_wconf 90' lang='lat' dir='ltr'><strong>ut</strong></span> <span class='ocrx_word' id='word_1_55' title='bbox 997 1201 1174 1294; x_wconf 85' lang='lat' dir='ltr'><strong>superioris</strong></span> <span class='ocrx_word' id='word_1_56' title='bbox 1192 1215 1321 1294; x_wconf 87' lang='lat' dir='ltr'><strong>tempo·</strong></span> 
     </span>
     <span class='ocr_line' id='line_1_9' title="bbox 283 1321 1320 1413; baseline 0.001 -25"><span class='ocrx_word' id='word_1_57' title='bbox 283 1323 328 1389; x_wconf 92' lang='lat' dir='ltr'><strong>ris</strong></span> <span class='ocrx_word' id='word_1_58' title='bbox 341 1324 585 1391; x_wconf 88' lang='lat' dir='ltr'><strong>contentionem</strong></span> <span class='ocrx_word' id='word_1_59' title='bbox 602 1323 706 1392; x_wconf 81' lang='lat' dir='ltr'><strong>nostri</strong></span> <span class='ocrx_word' id='word_1_60' title='bbox 727 1345 859 1391; x_wconf 87' lang='lat' dir='ltr'><strong>omnem</strong></span> <span class='ocrx_word' id='word_1_61' title='bbox 873 1321 1086 1407; x_wconf 77' lang='lat' dir='ltr'><strong>remiserant,</strong></span> <span class='ocrx_word' id='word_1_62' title='bbox 1100 1321 1163 1407; x_wconf 87' lang='lat' dir='ltr'><strong>ita,</strong></span> <span class='ocrx_word' id='word_1_63' title='bbox 1179 1321 1320 1413; x_wconf 87' lang='lat' dir='ltr'><strong>proximi</strong></span> 
     </span>
     <span class='ocr_line' id='line_1_10' title="bbox 283 1439 1319 1533; baseline -0.001 -26"><span class='ocrx_word' id='word_1_64' title='bbox 283 1439 348 1509; x_wconf 92' lang='lat' dir='ltr'><strong>diei</strong></span> <span class='ocrx_word' id='word_1_65' title='bbox 368 1464 446 1508; x_wconf 88' lang='lat' dir='ltr'><strong>casu</strong></span> <span class='ocrx_word' id='word_1_66' title='bbox 468 1441 643 1528; x_wconf 85' lang='lat' dir='ltr'><strong>admoniti,</strong></span> <span class='ocrx_word' id='word_1_67' title='bbox 673 1443 785 1510; x_wconf 90' lang='lat' dir='ltr'><strong>onmia</strong></span> <span class='ocrx_word' id='word_1_68' title='bbox 805 1439 847 1508; x_wconf 92' lang='lat' dir='ltr'><strong>ad</strong></span> <span class='ocrx_word' id='word_1_69' title='bbox 872 1439 1095 1509; x_wconf 75' lang='lat' dir='ltr'><strong>defensionem</strong></span> <span class='ocrx_word' id='word_1_70' title='bbox 1111 1454 1319 1533; x_wconf 88' lang='lat' dir='ltr'><strong>paraverant.</strong></span> 
     </span>
     <span class='ocr_line' id='line_1_11' title="bbox 283 1559 1320 1654; baseline -0.001 -25"><span class='ocrx_word' id='word_1_71' title='bbox 283 1564 418 1653; x_wconf 85' lang='lat' dir='ltr'><strong>ltaque,</strong></span> <span class='ocrx_word' id='word_1_72' title='bbox 428 1559 541 1630; x_wconf 91' lang='lat' dir='ltr'><strong>multis</strong></span> <span class='ocrx_word' id='word_1_73' title='bbox 558 1561 756 1648; x_wconf 81' lang='lat' dir='ltr'><strong>interfectis,</strong></span> <span class='ocrx_word' id='word_1_74' title='bbox 769 1559 914 1654; x_wconf 90' lang='lat' dir='ltr'><strong>reliquos</strong></span> <span class='ocrx_word' id='word_1_75' title='bbox 928 1559 1049 1629; x_wconf 89' lang='lat' dir='ltr'><strong>infecta</strong></span> <span class='ocrx_word' id='word_1_76' title='bbox 1068 1585 1103 1628; x_wconf 88' lang='lat' dir='ltr'><strong>re</strong></span> <span class='ocrx_word' id='word_1_77' title='bbox 1116 1561 1151 1628; x_wconf 93' lang='lat' dir='ltr'><strong>iu</strong></span> <span class='ocrx_word' id='word_1_78' title='bbox 1161 1561 1320 1654; x_wconf 95' lang='lat' dir='ltr'><strong>oppidum</strong></span> 
     </span>
     <span class='ocr_line' id='line_1_12' title="bbox 284 1679 486 1772; baseline 0 -24"><span class='ocrx_word' id='word_1_79' title='bbox 284 1679 486 1772; x_wconf 88' lang='lat' dir='ltr'><strong>repulerunt.</strong></span> 
     </span>
    </p>

    <p class='ocr_par' dir='ltr' id='par_1_3' title="bbox 233 1798 1351 3210">
     <span class='ocr_line' id='line_1_13' title="bbox 330 1798 1321 1894; baseline 0.004 -28"><span class='ocrx_word' id='word_1_80' title='bbox 330 1803 404 1870; x_wconf 88' lang='lat' dir='ltr'><strong>XV.</strong></span> <span class='ocrx_word' id='word_1_81' title='bbox 429 1799 613 1870; x_wconf 88' lang='lat' dir='ltr'><strong>Trebonius</strong></span> <span class='ocrx_word' id='word_1_82' title='bbox 630 1825 685 1888; x_wconf 88' lang='lat' dir='ltr'><strong>ea,</strong></span> <span class='ocrx_word' id='word_1_83' title='bbox 707 1823 780 1894; x_wconf 84' lang='lat' dir='ltr'><strong>quae</strong></span> <span class='ocrx_word' id='word_1_84' title='bbox 810 1815 887 1870; x_wconf 88' lang='lat' dir='ltr'><strong>sunt</strong></span> <span class='ocrx_word' id='word_1_85' title='bbox 916 1801 1050 1886; x_wconf 89' lang='lat' dir='ltr'><strong>amissa,</strong></span> <span class='ocrx_word' id='word_1_86' title='bbox 1070 1798 1177 1869; x_wconf 89' lang='lat' dir='ltr'><strong>multo</strong></span> <span class='ocrx_word' id='word_1_87' title='bbox 1198 1802 1321 1894; x_wconf 87' lang='lat' dir='ltr'><strong>majore</strong></span> 
     </span>
     <span class='ocr_line' id='line_1_14' title="bbox 283 1917 1320 2011; baseline 0.002 -25"><span class='ocrx_word' id='word_1_88' title='bbox 283 1917 394 1988; x_wconf 89' lang='lat' dir='ltr'><strong>studio</strong></span> <span class='ocrx_word' id='word_1_89' title='bbox 416 1919 559 1988; x_wconf 89' lang='lat' dir='ltr'><strong>militum</strong></span> <span class='ocrx_word' id='word_1_90' title='bbox 579 1920 809 1989; x_wconf 88' lang='lat' dir='ltr'><strong>administrare</strong></span> <span class='ocrx_word' id='word_1_91' title='bbox 829 1936 863 1988; x_wconf 89' lang='lat' dir='ltr'><strong>et</strong></span> <span class='ocrx_word' id='word_1_92' title='bbox 880 1919 1015 1989; x_wconf 88' lang='lat' dir='ltr'><strong>relicere</strong></span> <span class='ocrx_word' id='word_1_93' title='bbox 1036 1920 1188 1988; x_wconf 92' lang='lat' dir='ltr'><strong>instituit.</strong></span> <span class='ocrx_word' id='word_1_94' title='bbox 1213 1922 1320 2011; x_wconf 86' lang='lat' dir='ltr'><strong>Nam,</strong></span> 
     </span>
     <span class='ocr_line' id='line_1_15' title="bbox 283 2038 1321 2134; baseline 0.002 -28"><span class='ocrx_word' id='word_1_95' title='bbox 283 2038 342 2106; x_wconf 94' lang='lat' dir='ltr'><strong>ubi</strong></span> <span class='ocrx_word' id='word_1_96' title='bbox 353 2052 460 2107; x_wconf 90' lang='lat' dir='ltr'><strong>tantos</strong></span> <span class='ocrx_word' id='word_1_97' title='bbox 478 2063 553 2108; x_wconf 92' lang='lat' dir='ltr'><strong>suos</strong></span> <span class='ocrx_word' id='word_1_98' title='bbox 569 2038 698 2108; x_wconf 87' lang='lat' dir='ltr'><strong>labores</strong></span> <span class='ocrx_word' id='word_1_99' title='bbox 712 2054 745 2109; x_wconf 91' lang='lat' dir='ltr'><strong>et</strong></span> <span class='ocrx_word' id='word_1_100' title='bbox 764 2053 942 2134; x_wconf 88' lang='lat' dir='ltr'><strong>apparatus</strong></span> <span class='ocrx_word' id='word_1_101' title='bbox 958 2038 1043 2108; x_wconf 88' lang='lat' dir='ltr'><strong>male</strong></span> <span class='ocrx_word' id='word_1_102' title='bbox 1060 2039 1215 2108; x_wconf 90' lang='lat' dir='ltr'><strong>cecidisse</strong></span> <span class='ocrx_word' id='word_1_103' title='bbox 1232 2038 1321 2111; x_wconf 82' lang='lat' dir='ltr'><strong>vide-</strong></span> 
     </span>
     <span class='ocr_line' id='line_1_16' title="bbox 284 2155 1351 2252; baseline 0.002 -26"><span class='ocrx_word' id='word_1_104' title='bbox 284 2173 378 2243; x_wconf 90' lang='lat' dir='ltr'><strong>runt,</strong></span> <span class='ocrx_word' id='word_1_105' title='bbox 400 2157 605 2252; x_wconf 89' lang='lat' dir='ltr'><strong>induciisque</strong></span> <span class='ocrx_word' id='word_1_106' title='bbox 618 2183 678 2252; x_wconf 92' lang='lat' dir='ltr'><strong>per</strong></span> <span class='ocrx_word' id='word_1_107' title='bbox 699 2157 804 2228; x_wconf 92' lang='lat' dir='ltr'><strong>scelus</strong></span> <span class='ocrx_word' id='word_1_108' title='bbox 824 2155 969 2247; x_wconf 90' lang='lat' dir='ltr'><strong>violatis,</strong></span> <span class='ocrx_word' id='word_1_109' title='bbox 987 2183 1078 2228; x_wconf 90' lang='lat' dir='ltr'><strong>suam</strong></span> <span class='ocrx_word' id='word_1_110' title='bbox 1098 2161 1252 2228; x_wconf 88' lang='lat' dir='ltr'><strong>virtutem</strong></span> <span class='ocrx_word' id='word_1_111' title='bbox 1275 2162 1320 2228; x_wconf 88' lang='lat' dir='ltr'><strong>ir·</strong></span> <span class='ocrx_word' id='word_1_112' title='bbox 1342 2183 1351 2196; x_wconf 90' lang='grc'><em>·</em></span> 
     </span>
     <span class='ocr_line' id='line_1_17' title="bbox 283 2277 1321 2373; baseline 0.002 -27"><span class='ocrx_word' id='word_1_113' title='bbox 283 2280 364 2346; x_wconf 85' lang='lat' dir='ltr'><strong>risui</strong></span> <span class='ocrx_word' id='word_1_114' title='bbox 380 2278 451 2346; x_wconf 87' lang='lat' dir='ltr'><strong>lore</strong></span> <span class='ocrx_word' id='word_1_115' title='bbox 467 2277 724 2371; x_wconf 87' lang='lat' dir='ltr'><strong>perdolucruut,</strong></span> <span class='ocrx_word' id='word_1_116' title='bbox 740 2278 850 2372; x_wconf 90' lang='lat' dir='ltr'><strong>quod,</strong></span> <span class='ocrx_word' id='word_1_117' title='bbox 866 2278 954 2347; x_wconf 92' lang='lat' dir='ltr'><strong>unde</strong></span> <span class='ocrx_word' id='word_1_118' title='bbox 972 2304 1075 2373; x_wconf 88' lang='lat' dir='ltr'><strong>agger</strong></span> <span class='ocrx_word' id='word_1_119' title='bbox 1084 2281 1220 2348; x_wconf 90' lang='lat' dir='ltr'><strong>omnino</strong></span> <span class='ocrx_word' id='word_1_120' title='bbox 1231 2305 1321 2348; x_wconf 89' lang='lat' dir='ltr'><strong>oom-</strong></span> 
     </span>
     <span class='ocr_line' id='line_1_18' title="bbox 285 2397 1321 2492; baseline 0.004 -26"><span class='ocrx_word' id='word_1_121' title='bbox 285 2399 409 2492; x_wconf 83' lang='lat' dir='ltr'><strong>portari</strong></span> <span class='ocrx_word' id='word_1_122' title='bbox 429 2412 553 2492; x_wconf 88' lang='lat' dir='ltr'><strong>posset,</strong></span> <span class='ocrx_word' id='word_1_123' title='bbox 572 2397 654 2467; x_wconf 91' lang='lat' dir='ltr'><strong>nihil</strong></span> <span class='ocrx_word' id='word_1_124' title='bbox 673 2415 744 2467; x_wconf 90' lang='lat' dir='ltr'><strong>erat</strong></span> <span class='ocrx_word' id='word_1_125' title='bbox 770 2397 949 2492; x_wconf 88' lang='lat' dir='ltr'><strong>reliquum,</strong></span> <span class='ocrx_word' id='word_1_126' title='bbox 976 2398 1131 2468; x_wconf 90' lang='lat' dir='ltr'><strong>omnibus</strong></span> <span class='ocrx_word' id='word_1_127' title='bbox 1148 2399 1321 2470; x_wconf 85' lang='lat' dir='ltr'><strong>arboribus</strong></span> 
     </span>
     <span class='ocr_line' id='line_1_19' title="bbox 284 2517 1321 2612; baseline 0.002 -26"><span class='ocrx_word' id='word_1_128' title='bbox 284 2517 382 2612; x_wconf 89' lang='lat' dir='ltr'><strong>longe</strong></span> <span class='ocrx_word' id='word_1_129' title='bbox 397 2517 524 2612; x_wconf 86' lang='lat' dir='ltr'><strong>lateque</strong></span> <span class='ocrx_word' id='word_1_130' title='bbox 544 2519 717 2588; x_wconf 87' lang='lat' dir='ltr'><strong>infinibus</strong></span> <span class='ocrx_word' id='word_1_131' title='bbox 736 2517 993 2588; x_wconf 87' lang='lat' dir='ltr'><strong>Massiliensium</strong></span> <span class='ocrx_word' id='word_1_132' title='bbox 1011 2519 1128 2588; x_wconf 80' lang='lat' dir='ltr'><strong>excisis</strong></span> <span class='ocrx_word' id='word_1_133' title='bbox 1148 2534 1182 2586; x_wconf 89' lang='lat' dir='ltr'><strong>et</strong></span> <span class='ocrx_word' id='word_1_134' title='bbox 1201 2545 1321 2588; x_wconf 88' lang='lat' dir='ltr'><strong>conve·</strong></span> 
     </span>
     <span class='ocr_line' id='line_1_20' title="bbox 283 2637 1319 2733; baseline 0.001 -27"><span class='ocrx_word' id='word_1_135' title='bbox 283 2639 359 2725; x_wconf 90' lang='lat' dir='ltr'><strong>ctis,</strong></span> <span class='ocrx_word' id='word_1_136' title='bbox 374 2663 528 2732; x_wconf 81' lang='lat' dir='ltr'><strong>aggerem</strong></span> <span class='ocrx_word' id='word_1_137' title='bbox 544 2639 623 2706; x_wconf 88' lang='lat' dir='ltr'><strong>novi</strong></span> <span class='ocrx_word' id='word_1_138' title='bbox 641 2639 769 2733; x_wconf 84' lang='lat' dir='ltr'><strong>generis</strong></span> <span class='ocrx_word' id='word_1_139' title='bbox 787 2653 888 2732; x_wconf 87' lang='lat' dir='ltr'><strong>atque</strong></span> <span class='ocrx_word' id='word_1_140' title='bbox 904 2637 1091 2708; x_wconf 88' lang='lat' dir='ltr'><strong>inauditum</strong></span> <span class='ocrx_word' id='word_1_141' title='bbox 1110 2663 1147 2706; x_wconf 84' lang='lat' dir='ltr'><strong>ex</strong></span> <span class='ocrx_word' id='word_1_142' title='bbox 1165 2637 1319 2708; x_wconf 88' lang='lat' dir='ltr'><strong>lateritiis</strong></span> 
     </span>
     <span class='ocr_line' id='line_1_21' title="bbox 284 2757 1320 2852; baseline 0.002 -28"><span class='ocrx_word' id='word_1_143' title='bbox 284 2757 413 2827; x_wconf 89' lang='lat' dir='ltr'><strong>duobus</strong></span> <span class='ocrx_word' id='word_1_144' title='bbox 427 2759 550 2845; x_wconf 89' lang='lat' dir='ltr'><strong>muris,</strong></span> <span class='ocrx_word' id='word_1_145' title='bbox 566 2782 682 2827; x_wconf 89' lang='lat' dir='ltr'><strong>senum</strong></span> <span class='ocrx_word' id='word_1_146' title='bbox 699 2757 822 2852; x_wconf 90' lang='lat' dir='ltr'><strong>pedum</strong></span> <span class='ocrx_word' id='word_1_147' title='bbox 843 2759 1073 2847; x_wconf 87' lang='lat' dir='ltr'><strong>crassitudine,</strong></span> <span class='ocrx_word' id='word_1_148' title='bbox 1090 2772 1189 2852; x_wconf 87' lang='lat' dir='ltr'><strong>atquc</strong></span> <span class='ocrx_word' id='word_1_149' title='bbox 1205 2782 1320 2826; x_wconf 86' lang='lat' dir='ltr'><strong>eorum</strong></span> 
     </span>
     <span class='ocr_line' id='line_1_22' title="bbox 283 2877 1320 2972; baseline -0.001 -26"><span class='ocrx_word' id='word_1_150' title='bbox 283 2901 455 2948; x_wconf 82' lang='lat' dir='ltr'><strong>murorum</strong></span> <span class='ocrx_word' id='word_1_151' title='bbox 469 2877 751 2972; x_wconf 83' lang='lat' dir='ltr'><strong>contignationem</strong></span> <span class='ocrx_word' id='word_1_152' title='bbox 767 2877 875 2948; x_wconf 87' lang='lat' dir='ltr'><strong>facere</strong></span> <span class='ocrx_word' id='word_1_153' title='bbox 895 2881 1124 2965; x_wconf 89' lang='lat' dir='ltr'><strong>instituerunt,</strong></span> <span class='ocrx_word' id='word_1_154' title='bbox 1141 2903 1232 2971; x_wconf 78' lang='lat' dir='ltr'><strong>aequa</strong></span> <span class='ocrx_word' id='word_1_155' title='bbox 1252 2877 1320 2946; x_wconf 84' lang='lat' dir='ltr'><strong>fere</strong></span> 
     </span>
     <span class='ocr_line' id='line_1_23' title="bbox 233 2994 1317 3093; baseline 0.003 -30"><span class='ocrx_word' id='word_1_156' title='bbox 233 3031 236 3038; x_wconf 62' lang='lat'>=</span> <span class='ocrx_word' id='word_1_157' title='bbox 282 2995 587 3091; x_wconf 87' lang='lat' dir='ltr'><strong>latitudine,atque</strong></span> <span class='ocrx_word' id='word_1_158' title='bbox 599 2994 652 3065; x_wconf 89' lang='lat' dir='ltr'><strong>ille</strong></span> <span class='ocrx_word' id='word_1_159' title='bbox 661 2998 874 3091; x_wconf 86' lang='lat' dir='ltr'><strong>congestitius</strong></span> <span class='ocrx_word' id='word_1_160' title='bbox 885 3023 926 3066; x_wconf 82' lang='lat' dir='ltr'><strong>ex</strong></span> <span class='ocrx_word' id='word_1_161' title='bbox 938 2999 1075 3066; x_wconf 87' lang='lat' dir='ltr'><strong>materia</strong></span> <span class='ocrx_word' id='word_1_162' title='bbox 1087 2996 1317 3093; x_wconf 85' lang='lat' dir='ltr'><strong>fucratagger.</strong></span> 
     </span>
     <span class='ocr_line' id='line_1_24' title="bbox 283 3114 1318 3210; baseline 0.003 -26"><span class='ocrx_word' id='word_1_163' title='bbox 283 3114 349 3184; x_wconf 92' lang='lat' dir='ltr'><strong>Ubi</strong></span> <span class='ocrx_word' id='word_1_164' title='bbox 369 3129 426 3184; x_wconf 90' lang='lat' dir='ltr'><strong>aut</strong></span> <span class='ocrx_word' id='word_1_165' title='bbox 443 3118 587 3210; x_wconf 87' lang='lat' dir='ltr'><strong>spatium</strong></span> <span class='ocrx_word' id='word_1_166' title='bbox 612 3117 699 3184; x_wconf 87' lang='lat' dir='ltr'><strong>inter</strong></span> <span class='ocrx_word' id='word_1_167' title='bbox 719 3142 852 3204; x_wconf 90' lang='lat' dir='ltr'><strong>muros,</strong></span> <span class='ocrx_word' id='word_1_168' title='bbox 872 3131 929 3184; x_wconf 89' lang='lat' dir='ltr'><strong>aut</strong></span> <span class='ocrx_word' id='word_1_169' title='bbox 949 3116 1154 3187; x_wconf 87' lang='lat' dir='ltr'><strong>imbecillitas</strong></span> <span class='ocrx_word' id='word_1_170' title='bbox 1174 3119 1318 3188; x_wconf 85' lang='lat' dir='ltr'><strong>materiae</strong></span> 
     </span>
    </p>
   </div>
   <div class='ocr_carea' id='block_1_3' title="bbox 283 3232 1316 3330">
    <p class='ocr_par' dir='ltr' id='par_1_4' title="bbox 283 3232 1316 3330">
     <span class='ocr_line' id='line_1_25' title="bbox 283 3232 1316 3330; baseline 0.005 -29"><span class='ocrx_word' id='word_1_171' title='bbox 283 3232 450 3328; x_wconf 89' lang='lat' dir='ltr'><strong>postulare</strong></span> <span class='ocrx_word' id='word_1_172' title='bbox 468 3233 650 3323; x_wconf 85' lang='lat' dir='ltr'><strong>videretur,</strong></span> <span class='ocrx_word' id='word_1_173' title='bbox 675 3235 749 3330; x_wconf 84' lang='lat' dir='ltr'><strong>pilae</strong></span> <span class='ocrx_word' id='word_1_174' title='bbox 780 3239 1058 3330; x_wconf 87' lang='lat' dir='ltr'><strong>interponuntur,</strong></span> <span class='ocrx_word' id='word_1_175' title='bbox 1080 3241 1316 3308; x_wconf 86' lang='lat' dir='ltr'><strong>transversaria</strong></span> 
     </span>
    </p>
   </div>
   <div class='ocr_carea' id='block_1_4' title="bbox 282 3354 1320 4028">
    <p class='ocr_par' dir='ltr' id='par_1_5' title="bbox 282 3354 1320 4028">
     <span class='ocr_line' id='line_1_26' title="bbox 283 3354 1320 3450; baseline 0 -26"><span class='ocrx_word' id='word_1_176' title='bbox 283 3354 374 3446; x_wconf 89' lang='lat' dir='ltr'><strong>tigna</strong></span> <span class='ocrx_word' id='word_1_177' title='bbox 389 3355 595 3447; x_wconf 88' lang='lat' dir='ltr'><strong>injiciuntur,</strong></span> <span class='ocrx_word' id='word_1_178' title='bbox 612 3379 685 3448; x_wconf 78' lang='lat' dir='ltr'><strong>quae</strong></span> <span class='ocrx_word' id='word_1_179' title='bbox 705 3355 912 3425; x_wconf 85' lang='lat' dir='ltr'><strong>firmamento</strong></span> <span class='ocrx_word' id='word_1_180' title='bbox 922 3379 992 3424; x_wconf 84' lang='lat' dir='ltr'><strong>esse</strong></span> <span class='ocrx_word' id='word_1_181' title='bbox 1005 3357 1133 3449; x_wconf 91' lang='lat' dir='ltr'><strong>possint</strong></span> <span class='ocrx_word' id='word_1_182' title='bbox 1146 3383 1153 3424; x_wconf 93' lang='lat'><strong>:</strong></span> <span class='ocrx_word' id='word_1_183' title='bbox 1165 3371 1213 3441; x_wconf 88' lang='lat' dir='ltr'><strong>et,</strong></span> <span class='ocrx_word' id='word_1_184' title='bbox 1224 3357 1320 3450; x_wconf 94' lang='lat' dir='ltr'><strong>quid·</strong></span> 
     </span>
     <span class='ocr_line' id='line_1_27' title="bbox 283 3474 1319 3568; baseline -0.002 -26"><span class='ocrx_word' id='word_1_185' title='bbox 283 3474 432 3566; x_wconf 90' lang='lat' dir='ltr'><strong>quidest</strong></span> <span class='ocrx_word' id='word_1_186' title='bbox 455 3475 704 3568; x_wconf 89' lang='lat' dir='ltr'><strong>contignatum,</strong></span> <span class='ocrx_word' id='word_1_187' title='bbox 725 3476 869 3544; x_wconf 88' lang='lat' dir='ltr'><strong>cratibus</strong></span> <span class='ocrx_word' id='word_1_188' title='bbox 890 3477 1129 3558; x_wconf 91' lang='lat' dir='ltr'><strong>consternitur,</strong></span> <span class='ocrx_word' id='word_1_189' title='bbox 1147 3487 1319 3566; x_wconf 89' lang='lat' dir='ltr'><strong>cratesque</strong></span> 
     </span>
     <span class='ocr_line' id='line_1_28' title="bbox 282 3592 1318 3689; baseline 0.001 -28"><span class='ocrx_word' id='word_1_190' title='bbox 282 3592 353 3663; x_wconf 89' lang='lat' dir='ltr'><strong>luto</strong></span> <span class='ocrx_word' id='word_1_191' title='bbox 383 3595 587 3689; x_wconf 87' lang='lat' dir='ltr'><strong>integuntur.</strong></span> <span class='ocrx_word' id='word_1_192' title='bbox 618 3595 687 3664; x_wconf 90' lang='lat' dir='ltr'><strong>Sub</strong></span> <span class='ocrx_word' id='word_1_193' title='bbox 715 3609 801 3664; x_wconf 90' lang='lat' dir='ltr'><strong>tecto</strong></span> <span class='ocrx_word' id='word_1_194' title='bbox 820 3592 932 3681; x_wconf 88' lang='lat' dir='ltr'><strong>miles,</strong></span> <span class='ocrx_word' id='word_1_195' title='bbox 963 3594 1099 3662; x_wconf 85' lang='lat' dir='ltr'><strong>dextera</strong></span> <span class='ocrx_word' id='word_1_196' title='bbox 1121 3617 1159 3660; x_wconf 92' lang='lat' dir='ltr'><strong>ac</strong></span> <span class='ocrx_word' id='word_1_197' title='bbox 1184 3593 1318 3662; x_wconf 84' lang='lat' dir='ltr'><strong>sinistra</strong></span> 
     </span>
     <span class='ocr_line' id='line_1_29' title="bbox 282 3711 1318 3807; baseline 0.003 -26"><span class='ocrx_word' id='word_1_198' title='bbox 282 3739 378 3783; x_wconf 90' lang='lat' dir='ltr'><strong>muro</strong></span> <span class='ocrx_word' id='word_1_199' title='bbox 396 3730 518 3801; x_wconf 87' lang='lat' dir='ltr'><strong>tectus,</strong></span> <span class='ocrx_word' id='word_1_200' title='bbox 539 3714 694 3785; x_wconf 83' lang='lat' dir='ltr'><strong>adversus</strong></span> <span class='ocrx_word' id='word_1_201' title='bbox 713 3711 815 3806; x_wconf 87' lang='lat' dir='ltr'><strong>plutei</strong></span> <span class='ocrx_word' id='word_1_202' title='bbox 835 3712 981 3806; x_wconf 88' lang='lat' dir='ltr'><strong>objectu,</strong></span> <span class='ocrx_word' id='word_1_203' title='bbox 1002 3715 1094 3806; x_wconf 87' lang='lat' dir='ltr'><strong>operi</strong></span> <span class='ocrx_word' id='word_1_204' title='bbox 1112 3737 1318 3807; x_wconf 86' lang='lat' dir='ltr'><strong>quaecunque</strong></span> 
     </span>
     <span class='ocr_line' id='line_1_30' title="bbox 283 3831 1319 3928; baseline -0.002 -24"><span class='ocrx_word' id='word_1_205' title='bbox 283 3835 357 3904; x_wconf 90' lang='lat' dir='ltr'><strong>usui</strong></span> <span class='ocrx_word' id='word_1_206' title='bbox 376 3849 469 3920; x_wconf 86' lang='lat' dir='ltr'><strong>suut,</strong></span> <span class='ocrx_word' id='word_1_207' title='bbox 489 3837 559 3903; x_wconf 91' lang='lat' dir='ltr'><strong>siue</strong></span> <span class='ocrx_word' id='word_1_208' title='bbox 577 3831 724 3928; x_wconf 89' lang='lat' dir='ltr'><strong>periculo</strong></span> <span class='ocrx_word' id='word_1_209' title='bbox 749 3847 932 3925; x_wconf 90' lang='lat' dir='ltr'><strong>supportat.</strong></span> <span class='ocrx_word' id='word_1_210' title='bbox 952 3832 1114 3902; x_wconf 88' lang='lat' dir='ltr'><strong>Celeriter</strong></span> <span class='ocrx_word' id='word_1_211' title='bbox 1136 3859 1187 3902; x_wconf 85' lang='lat' dir='ltr'><strong>res</strong></span> <span class='ocrx_word' id='word_1_212' title='bbox 1212 3833 1319 3902; x_wconf 90' lang='lat' dir='ltr'><strong>admi·</strong></span> 
     </span>
     <span class='ocr_line' id='line_1_31' title="bbox 282 3949 1320 4028; baseline 0.001 -7"><span class='ocrx_word' id='word_1_213' title='bbox 282 3953 443 4024; x_wconf 82' lang='lat' dir='ltr'><strong>nistratur</strong></span> <span class='ocrx_word' id='word_1_214' title='bbox 460 3979 468 4021; x_wconf 90' lang='lat'>:</span> <span class='ocrx_word' id='word_1_215' title='bbox 488 3955 637 4024; x_wconf 90' lang='lat' dir='ltr'><strong>diuturni</strong></span> <span class='ocrx_word' id='word_1_216' title='bbox 655 3949 777 4028; x_wconf 88' lang='lat' dir='ltr'><strong>laboris</strong></span> <span class='ocrx_word' id='word_1_217' title='bbox 794 3953 1028 4024; x_wconf 86' lang='lat' dir='ltr'><strong>detrimentum</strong></span> <span class='ocrx_word' id='word_1_218' title='bbox 1053 3951 1185 4024; x_wconf 90' lang='lat' dir='ltr'><strong>solertia</strong></span> <span class='ocrx_word' id='word_1_219' title='bbox 1204 3971 1237 4022; x_wconf 88' lang='lat' dir='ltr'><strong>et</strong></span> <span class='ocrx_word' id='word_1_220' title='bbox 1257 3956 1320 4022; x_wconf 86' lang='lat' dir='ltr'><strong>vir-</strong></span> 
     </span>
    </p>
   </div>
   <div class='ocr_carea' id='block_1_5' title="bbox 0 0 1524 4766">
    <p class='ocr_par' dir='ltr' id='par_1_6' title="bbox 0 0 1524 4766">
     <span class='ocr_line' id='line_1_32' title="bbox 0 0 1524 4766; baseline 0 0"><span class='ocrx_word' id='word_1_221' title='bbox 0 0 1524 4766; x_wconf 95' lang='lat' dir='ltr'><strong> </strong></span> 
     </span>
    </p>
   </div>
  </div>
 </body>
</html>
