3026 4768
245 366 283 424 68
402 370 433 427 C.
456 369 552 426 JtJLn
573 371 736 428 CAESARIS
758 370 1120 428 COMMENTABJORUM

244 509 360 564 tenuas
385 493 427 562 ad
451 491 556 563 malos
579 479 802 580 destinabant,
828 495 1057 588 comprehensi
1084 495 1287 585 adductique

244 629 356 701 orant,
380 615 514 707 navigio
536 616 638 683 remis
661 614 799 682 incitato
815 615 1136 708 praerumpebantur.
1153 616 1284 704 Quibus

243 733 390 818 abscisis,
407 747 559 802 anteunae
576 732 759 801 necessario
773 731 1005 819 concidebant,
1021 747 1074 821 ut,
1094 757 1197 827 quum
1218 757 1285 800 om-

243 853 294 920 nis
310 851 447 922 Gallicis
463 852 603 924 navibus
619 877 692 946 spes
712 853 747 920 in
765 851 846 922 velis
863 855 1142 947 armamentisque
1159 855 1284 924 consis-

241 986 327 1041 teret
337 1024 347 1060 ,
364 972 416 1040 his
437 973 575 1066 ereptis,
593 973 701 1041 omnis
718 997 794 1042 usus
810 975 945 1040 navium
962 997 1030 1040 uno
1051 988 1202 1068 tempore
1217 975 1283 1050 eri·

244 1104 388 1184 peretur.
400 1089 580 1184 Reliquum
592 1105 663 1160 erat
677 1105 843 1186 certamen
856 1093 1001 1184 positum
1017 1093 1049 1158 in
1066 1094 1204 1178 virtuto,
1217 1117 1283 1185 qua

244 1210 349 1278 nostri
367 1209 488 1280 milites
509 1209 603 1279 facile
626 1211 840 1304 superabant,
866 1226 966 1304 utque
989 1235 1029 1279 eo
1048 1211 1173 1304 magis,
1190 1212 1281 1305 quod

243 1331 278 1398 in
296 1342 476 1423 conspectu
496 1331 633 1400 Cesaris
652 1345 751 1424 atque
767 1331 875 1399 omnis
892 1331 1054 1400 exercitus
1071 1355 1124 1399 rcs
1145 1331 1280 1424 gereba-

242 1464 311 1535 tur,
335 1462 373 1516 ut
386 1446 515 1518 nullum
532 1448 631 1543 paulo
650 1448 767 1520 fortius
787 1448 911 1519 fuctum
930 1448 1032 1520 latere
1050 1466 1163 1544 posset
1182 1477 1190 1518 ε
1206 1476 1278 1519 om-

242 1593 301 1637 nes
318 1569 407 1636 euim
421 1565 521 1638 colles
537 1593 575 1637 ac
590 1567 663 1639 loca
679 1571 864 1665 superiora,
881 1569 970 1648 unde
987 1585 1057 1639 erat
1072 1571 1281 1664 propinquus

242 1688 415 1784 despectus
431 1689 465 1756 in
481 1713 587 1778 mare,
608 1690 649 1758 ab
666 1692 813 1759 exercitu
831 1691 1039 1760 tenebantur.
1105 1779 1107 1784 Ι

290 1812 364 1880 XV.
385 1809 552 1903 Dejectis,
573 1825 612 1878 ut
631 1809 791 1898 diximus,
816 1813 990 1897 antennis,
1012 1835 1117 1904 quum
1135 1811 1280 1907 singulas

244 1930 328 1998 bine
344 1953 382 1998 ac
401 1942 503 1998 ternae
520 1953 619 1998 naves
639 1930 943 2018 circumsteterant,
962 1929 1084 2000 milites
1100 1957 1228 2001 summa
1248 1933 1280 2001 vi

244 2047 476 2118 transcendere
490 2049 526 2116 in
539 2048 685 2144 hostium
695 2073 794 2118 naves
811 2049 1065 2118 contendebant.
1079 2051 1179 2140 Quod
1192 2067 1282 2146 post·

242 2190 343 2261 quam
358 2166 490 2236 barbari
503 2167 574 2236 fieri
586 2167 906 2270 animadverterunt,
924 2171 1118 2264 expugnatis
1132 2169 1280 2264 complu-

242 2285 499 2387 ribusnavibus,
515 2311 619 2379 quum
632 2289 662 2354 ei
674 2288 722 2362 rei
739 2285 868 2356 nullum
885 2288 1085 2382 reperiretur
1101 2287 1278 2374 auxilium,

243 2407 319 2502 fuga
339 2405 479 2477 salutem
494 2421 606 2500 petere
622 2405 865 2474 contenderunt
883 2432 890 2474 :
905 2431 960 2494 ac,
972 2407 1042 2501 jam
1061 2409 1226 2476 conversis
1244 2409 1277 2476 in

242 2551 314 2596 eam
341 2540 469 2620 partem
493 2525 648 2611 navibus,
669 2549 737 2619 quo
756 2539 875 2595 ventus
893 2525 1032 2615 ferebat,
1055 2539 1149 2594 tanta
1169 2527 1279 2597 subito

242 2645 380 2716 malacia
400 2671 438 2715 ac
464 2643 686 2738 tranquillitas
706 2646 848 2733 exstitit,
871 2659 910 2713 ut
931 2671 965 2715 se
989 2671 1030 2714 ex
1049 2644 1122 2714 loco
1145 2671 1278 2717 movere

241 2741 308 2835 non
320 2779 465 2859 possent.
483 2767 568 2855 Quae
584 2762 717 2858 quidem
733 2763 836 2833 resad
853 2768 1023 2860 negotium
1037 2765 1277 2836 conficiendum

240 2884 383 2952 maxime
400 2884 463 2985 fuit
480 2898 670 2978 opportuna
691 2909 698 2951 ε
716 2907 793 2951 num
810 2883 955 2978 singulas
975 2887 1081 2954 nostri
1098 2890 1277 2956 consectati

236 3018 530 3096 expugnaverunt,
555 3017 593 3072 ut
618 3026 790 3096 perpaucae
813 3025 853 3072 ex
878 3006 970 3072 omni
990 3029 1149 3088 numero,
1172 3008 1278 3076 noctis

241 3123 446 3209 interventu,
468 3121 512 3190 ad
531 3133 653 3190 terram
676 3123 902 3214 pervenerint,
926 3145 1030 3214 quum
1050 3124 1091 3190 ab
1111 3124 1194 3194 hora
1210 3127 1277 3196 sere

240 3254 358 3335 quarta
376 3240 538 3334 usquead
556 3240 633 3310 solis
652 3265 804 3311 occasum
825 3255 1039 3334 pugnaretur.

287 3363 378 3430 XVI.
406 3362 483 3450 Quo
507 3359 625 3456 proelio
650 3359 774 3430 bellum
795 3364 1001 3430 Venetorum
1027 3361 1194 3455 totiusque
1213 3388 1278 3432 orae

239 3482 412 3550 maritimae
438 3481 625 3550 confectum
650 3494 709 3548 est.
738 3483 823 3552 Nam
850 3504 955 3573 quum
978 3481 1086 3548 omnis
1105 3481 1277 3574 juventus,

239 3624 353 3670 omnes
366 3601 469 3682 ,etium
487 3600 647 3695 gravioris
664 3601 784 3685 aetatis,
804 3600 976 3692 inquibus
1002 3599 1128 3693 aliquid
1148 3599 1276 3670 consilii

238 3736 297 3790 aut
312 3721 482 3816 dignitatis
498 3718 581 3802 fuit,
602 3741 641 3786 eo
661 3730 903 3802 convenerant3
922 3731 1016 3803 tum,
1033 3720 1167 3787 navium
1187 3721 1276 3815 quod

240 3841 362 3934 ubique
376 3839 497 3922 trent,
511 3861 615 3905 uuum
629 3837 664 3904 in
676 3834 788 3905 locum
800 3850 994 3932 coegerant:
1006 3837 1276 3931 quibusamissis,

240 3957 378 4052 reliqui,
396 3980 503 4049 neque
520 3980 586 4048 quo
601 3980 635 4024 se
651 3957 855 4049 reciperent,
872 3935 980 4050 neque
996 3957 1277 4051 quemadmodum
