3042 4772
298 389 352 446 ado
468 389 498 443 C.
518 388 615 446 tutu
635 387 801 443 CAESARIS
823 387 1020 442 COMMENT.
1041 387 1151 444 LIBER

294 512 463 582 influebat:
482 512 595 580 aberat
612 524 721 580 autem
742 508 784 578 ab
806 511 892 603 regis
915 511 1029 580 castris
1046 509 1147 580 millia
1166 535 1327 604 passuum

293 633 423 701 circiter
443 645 576 724 septem.
598 631 669 697 Rex
690 651 792 720 quum
812 628 876 696 hcc
901 627 1019 696 itinere
1034 630 1146 697 venire
1161 632 1328 699 Cassam

292 751 521 844 comperisset,
544 747 727 840 equitatum
754 769 885 814 omnem
918 745 1154 840 expeditosque
1178 744 1325 816 delectos

292 865 417 960 pedites
434 864 476 934 ad
492 865 525 933 id
541 863 661 934 flumen
685 861 794 951 misit,
809 863 865 956 qui
881 865 1021 933 transitu
1038 867 1198 942 cesarem
1214 864 1330 959 probi·

292 986 431 1071 berent,
457 998 489 1052 et
517 983 644 1053 eminus
670 1005 711 1050 ex
743 981 823 1076 ripis
852 979 1004 1075 proelium
1032 983 1139 1075 impar
1167 984 1324 1054 inirent:

293 1100 420 1172 nullum
439 1103 527 1171 enim
546 1123 735 1196 processum
758 1099 863 1168 virtus
881 1095 1037 1180 habebat,
1060 1115 1118 1170 aut
1137 1100 1320 1194 periculum

293 1222 421 1314 ignavia
439 1221 579 1292 subibat.
591 1219 675 1307 Quae
689 1243 741 1288 res
755 1216 902 1288 incendit
918 1216 1032 1287 dolore
1049 1217 1166 1289 milites
1185 1221 1324 1313 equites·

292 1361 357 1430 que
374 1353 517 1424 nostros,
530 1335 621 1430 quod
640 1335 764 1405 tamdiu
781 1337 852 1429 pari
869 1332 983 1428 proelio
997 1361 1073 1404 cum
1090 1335 1321 1406 Alexandrinis

293 1469 482 1525 certaretur.
501 1459 616 1548 ltaque
637 1451 751 1523 ecdem
771 1467 918 1548 tempore
941 1455 1066 1545 equites
1086 1457 1251 1548 germani,
1276 1456 1322 1525 di·

292 1576 393 1668 spersi
419 1572 503 1642 vada
536 1571 680 1642 fluminis
709 1586 908 1664 querentes,
933 1574 1053 1664 partim
1079 1571 1321 1643 demissioribus

292 1695 372 1786 ripis
394 1691 515 1760 ilumen
531 1703 766 1774 transnarunt3
784 1701 817 1756 et
834 1687 1021 1784 legionarii,
1047 1692 1175 1784 magnis
1199 1691 1322 1761 arbori·

291 1812 353 1880 bus
366 1811 496 1898 excisis,
512 1835 585 1903 quae
603 1805 807 1902 longitudine
829 1821 1002 1900 utramque
1023 1808 1129 1900 ripam
1155 1810 1322 1906 continge·

291 1942 378 2015 rent,
395 1942 429 1997 et
448 1928 617 2021 projectis,
646 1926 885 2020 repentinoque
905 1948 1024 2019 aggere
1042 1926 1179 2020 injecto,
1198 1928 1320 1998 flumen

290 2047 499 2114 transierunt.
513 2044 665 2131 Quorum
676 2044 837 2136 impetum
848 2041 931 2111 adeo
939 2045 1182 2138 pertimuerunt
1194 2047 1319 2136 hostes,

291 2177 328 2232 ut
344 2164 378 2230 in
396 2162 474 2256 fuga
487 2187 577 2256 spem
590 2160 703 2230 salutis
720 2158 942 2231 collocarent:
959 2162 1016 2232 sed
1033 2163 1067 2232 id
1081 2163 1218 2254 frustra3
1233 2193 1321 2238 nam·

290 2305 355 2374 que
373 2304 412 2348 ex
430 2279 507 2374 fuga
526 2281 621 2372 pauci
635 2278 679 2348 ad
698 2302 809 2373 regern
828 2280 1036 2375 refugerunt,
1054 2307 1145 2378 paene
1163 2288 1255 2355 omni
1274 2309 1320 2355 re·

291 2399 379 2494 liqua
398 2398 609 2470 multitudine
624 2399 806 2494 interfecta.

337 2521 445 2589 XXX.
468 2521 595 2606 Cesar,
616 2543 652 2587 re
669 2517 912 2612 praeclarissime
928 2535 1036 2616 gesta,
1056 2545 1157 2616 quum
1171 2523 1315 2593 subitum

288 2637 467 2708 adventum
496 2661 591 2706 suum
614 2636 777 2731 judicaret
808 2661 963 2733 magnum
989 2655 1146 2711 terrorem
1174 2640 1317 2718 Alexan·

289 2756 393 2840 drinis
417 2757 632 2851 injecturum,
653 2757 805 2849 protinus
824 2759 931 2829 victor
956 2760 998 2828 ad
1018 2775 1125 2830 castra
1145 2763 1232 2857 regis
1250 2785 1320 2856 per·

288 2876 403 2945 tendit.
421 2879 498 2946 Haec
510 2899 614 2968 quum
631 2889 664 2943 et
676 2899 775 2968 opere
791 2901 911 2971 magno
928 2876 1061 2966 vallata,
1078 2891 1112 2948 et
1123 2877 1188 2950 loci
1202 2894 1319 2949 natura

287 2997 416 3064 munita
440 2993 645 3080 adverteret,
672 2993 921 3089 confertamque
945 3020 1113 3067 armorum
1141 2997 1321 3069 multitudi-

287 3136 362 3180 nem
383 3110 576 3180 collocatam
594 3113 627 3180 in
648 3110 735 3181 vallo
754 3114 894 3199 rideret,
915 3113 1016 3186 lassos
1037 3117 1155 3186 itinere
1180 3142 1220 3186 ac
1238 3143 1321 3213 proe·

287 3229 398 3298 liando
422 3228 540 3299 milites
562 3229 604 3298 ad
627 3231 851 3326 oppugnanda
872 3247 980 3303 castra
1004 3234 1177 3303 succedere
1200 3234 1316 3304 noluit.

286 3352 415 3443 Itaque,
444 3373 511 3416 non
533 3373 654 3442 magno
682 3349 854 3420 intervallo
880 3349 992 3419 relicto
1014 3350 1056 3418 ab
1073 3351 1185 3437 hoste,
1209 3364 1315 3419 castra

285 3469 405 3564 posuit.
441 3470 577 3537 Postero
596 3468 663 3536 ‘die
687 3467 874 3553 castellum,
907 3465 996 3560 quod
1019 3491 1074 3535 rex
1103 3469 1137 3535 in
1162 3467 1314 3560 proximo

284 3588 357 3655 vico
377 3611 443 3656 non
460 3585 662 3681 longeasuis
680 3587 795 3655 castris
806 3586 1004 3671 muniverat,
1022 3585 1313 3678 brachiisquecum

284 3730 383 3800 opere
401 3721 583 3776 castrorum
600 3705 831 3797 conjunxerat,
850 3702 914 3771 vici
931 3702 1104 3772 obtinendi
1121 3727 1233 3792 causa,
1247 3705 1316 3773 Cas·

284 3847 338 3892 sar
350 3849 522 3918 aggressus
539 3826 693 3894 omnibus
712 3823 814 3917 copiis
832 3835 1016 3916 expugnat,
1032 3847 1099 3893 ncn
1117 3849 1185 3918 quo
1200 3823 1236 3893 id
1259 3825 1318 3892 mi·

285 3942 358 4013 nori
385 3967 525 4012 numero
553 3943 694 4012 militum
720 3941 876 4034 consequi
904 3938 1037 4009 difficile
1056 3941 1145 4012 factu
1168 3955 1315 4036 putaret,
