3050 4772
253 327 307 402 iss
403 349 433 402 e.
456 349 552 405 Junn
573 346 736 402 cesnnts
757 341 1124 401 commnrfflonum

247 500 266 541 a
284 474 459 567 proximis,
475 487 575 565 atque
588 473 623 539 in
638 487 735 565 porte
747 470 910 539 consistit.
925 472 1187 560 Consequuutur
1200 468 1290 536 bunc

249 595 460 661 centuriones
478 592 549 684 ejus
567 591 713 659 cohortis
733 615 806 683 quae
824 591 858 657 in
881 589 1023 658 statione
1041 602 1112 656 erat
1136 612 1143 655 :
1170 588 1290 682 paulis-

248 739 308 806 per
329 739 395 782 una
410 711 563 808 proelium
586 714 760 782 sustinent.
777 711 950 803 Relinquit
975 693 1106 779 animus
1126 711 1289 796 Sextium,

249 835 405 927 gravibus
430 835 571 928 acceptis
602 830 795 901 vulneribus
823 857 831 898 τ
860 855 961 926 tegre,
982 855 1042 924 per
1059 854 1178 900 munus
1204 846 1291 900 trac·

251 969 317 1040 tus,
335 969 493 1022 servatur.
509 957 582 1022 Hoc
600 955 707 1046 sputio
724 953 933 1046 interposito,
951 949 1070 1044 reliqui
1088 975 1156 1019 sese
1173 951 1291 1019 confir·

252 1088 345 1141 mant
366 1088 517 1158 tantum,
540 1088 576 1140 ut
600 1075 638 1139 in·
664 1072 906 1141 munitionibus
925 1071 1108 1138 consistere
1133 1070 1292 1155 audeant,

252 1197 459 1288 speciemque
476 1181 693 1263 defensorum⁵
707 1192 883 1286 praebeunt.

301 1313 458 1383 XXXIX.
475 1315 615 1383 Interim
631 1313 781 1410 confecto
796 1312 1069 1400 frumentatione,
1083 1310 1204 1379 milites
1218 1337 1295 1380 nos·

254 1437 296 1503 tri
324 1431 501 1502 clamorem
524 1431 706 1502 exaudiunt
729 1459 736 1500 :
761 1446 969 1526 preecurrunt
995 1433 1141 1524 equites,
1167 1445 1295 1524 quanto

254 1581 306 1624 res
327 1557 369 1622 sit
391 1557 423 1646 ip
441 1553 605 1649 periculo,
621 1553 833 1646 cognoscunt.
851 1553 914 1621 Hic
933 1575 1012 1620 vero
1037 1549 1129 1620 nulla
1152 1553 1296 1622 munitio

255 1691 322 1763 est,
339 1701 411 1769 quae
435 1678 626 1769 perterritos
655 1676 790 1767 recipiat
815 1700 822 1741 :
848 1673 948 1742 modo
974 1676 1172 1768 conscripti,
1197 1689 1297 1768 utque

258 1821 336 1864 usus
356 1794 508 1864 militaris
526 1795 689 1888 imperiti,
707 1794 748 1861 ad
768 1793 939 1862 tribunum
965 1792 1109 1863 militum
1130 1795 1298 1863 centurio·

260 1937 382 2006 nesque
399 1937 457 1981 ora
471 1927 670 1982 convertunt
687 1912 789 2005 :quid
802 1914 843 1980 ab
859 1913 910 1982 his
924 1915 1154 2007 praecipietur,
1168 1937 1300 2007 exspon-

259 2047 340 2100 tant.
355 2033 461 2102 Nemo
475 2047 523 2100 est
539 2049 605 2101 tam
623 2032 732 2117 fortis,
747 2035 827 2125 quin
846 2035 892 2101 rei
909 2034 1057 2101 novitate
1072 2034 1297 2127 perturbetur.

260 2152 416 2240 barbari,
441 2155 532 2246 signa
559 2151 675 2246 procul
703 2153 901 2246 conspicati,
923 2153 1171 2246 oppugnatione
1201 2152 1301 2220 desis·

261 2286 359 2341 tunt:
378 2272 500 2341 redisse
519 2274 628 2368 primo
648 2270 793 2366 legiones
808 2271 963 2358 credunt,
983 2295 1064 2365 quas
1083 2269 1214 2364 longius
1234 2271 1300 2339 dis-

261 2393 393 2462 cessisse
411 2418 450 2462 ex
466 2395 605 2487 captivis
624 2407 848 2486 cognoverant
866 2417 874 2460 :
896 2406 1023 2486 postea,
1046 2390 1200 2484 despecta
1218 2415 1301 2484 pau·

261 2515 378 2601 citato,
394 2537 432 2582 ex
452 2513 605 2581 omnibus
622 2514 772 2606 partibus
792 2513 952 2605 impetum
971 2511 1105 2579 faciunt.

309 2637 381 2704 XL.
398 2633 541 2703 Calones
553 2634 587 2700 in
601 2633 791 2726 proximum
803 2630 969 2700 tumulum
985 2645 1199 2724 procurrunt.
1215 2633 1303 2700 Hinc

263 2755 413 2826 celeriter
425 2753 562 2846 dejecti,
577 2777 611 2820 se
626 2753 660 2819 in
678 2753 771 2846 signa
782 2749 1034 2845 manipulosque
1046 2751 1249 2844 conjiciunt:
1263 2777 1303 2820 eo

262 2877 366 2968 magis
393 2874 527 2944 timidos
552 2887 738 2968 perterrent
764 2870 893 2940 milites.
921 2871 1005 2958 Alii,
1030 2897 1137 2942 cuneo
1161 2871 1248 2940 facto
1267 2887 1305 2940 ut

265 2993 415 3061 celeriter
428 3007 662 3087 perrumpant,
680 3006 832 3078 censent,
848 2992 1006 3084 quoniam
1025 3007 1092 3060 tam
1116 2995 1305 3087 propinqua

264 3113 330 3181 sint
348 3125 477 3202 castra3
497 3129 529 3183 et
552 3117 580 3183 si
603 3138 679 3207 pers
704 3111 814 3205 eliqua
832 3112 1059 3180 circumventa
1076 3111 1233 3181 ceciderit
1243 3164 1253 3200 ,
1272 3127 1306 3182 at

264 3233 408 3326 reliquos
425 3236 546 3302 servari
561 3259 656 3329 posse
675 3233 872 3303 confidunt:
892 3230 961 3319 alii,
980 3246 1019 3300 ut
1039 3233 1072 3299 in
1088 3234 1168 3328 jugo
1188 3237 1306 3303 consis-

265 3369 357 3441 tunt,
378 3368 477 3446 atque
502 3353 655 3422 cumdem
678 3378 791 3422 omncs
812 3353 920 3421 ferant
940 3375 1064 3420 casum.
1086 3357 1158 3422 Hoc
1182 3370 1307 3424 veteres

265 3499 333 3543 non
346 3474 489 3569 probant
502 3471 642 3557 milites,
659 3497 741 3567 quos
758 3475 818 3542 sub
840 3471 961 3543 vexillo
978 3497 1046 3540 una
1064 3473 1230 3568 profectos
1247 3473 1311 3544 do·

266 3596 404 3663 culmus.
425 3597 541 3688 Itaque
572 3596 659 3663 inter
687 3619 721 3663 se
743 3594 921 3679 cohortati,
950 3583 1038 3663 duce
1059 3598 1097 3664 C.
1121 3595 1307 3680 Trebonio,

266 3717 376 3807 equite
391 3739 548 3802 romano,
566 3717 625 3808 qui
641 3717 687 3785 eis
704 3729 775 3784 erut
790 3716 1002 3808 praepositus,
1017 3739 1076 3808 per
1094 3713 1218 3783 medios
1234 3716 1310 3783 bos·

268 3851 316 3903 tes
334 3851 570 3930 perrumpunt,
588 3835 835 3928 incolumesque
853 3835 896 3904 ud
919 3859 1024 3903 unum
1048 3859 1164 3904 omncs
1182 3837 1217 3904 in
1239 3862 1310 3906 cas-

268 3970 319 4022 tra
333 3957 538 4048 perveniunt.
563 3959 632 4024 Hos
653 3956 818 4023 subsecuti
834 3953 964 4023 calones
986 3956 1178 4047 equitesque
1194 3956 1310 4025 codem
