3062 4766
252 368 306 443 196
404 369 435 423 C.
459 371 557 426 JULII
577 368 739 425 GAESARIS
762 367 1128 427 COMMENTARIORUM

249 509 415 581 creverat,
435 511 473 564 ut
490 497 628 564 omnino
645 494 730 563 vado
751 519 818 562 nou
840 519 935 589 posse
956 496 1090 564 transiri
1111 494 1288 564 videratur.

297 619 383 686 LVI.
404 615 536 705 Quibus
555 615 653 682 rebus
670 615 825 708 cognitis,
846 618 957 683 Caesar
973 615 1210 683 maturandum
1229 615 1290 684 sibi

249 737 391 822 censuit,
409 738 435 802 si
459 749 542 803 esset
560 737 594 802 in
615 733 822 827 perficiendis
841 734 999 827 pontibus
1019 733 1290 828 periclitandum,

143 852 145 854 ’
249 871 288 924 ut
310 856 405 948 prius
430 877 527 950 quam
555 869 663 922 essent
687 855 828 948 majores
853 880 893 923 eo
920 869 1041 923 coactae
1060 856 1163 949 copiae
1193 854 1291 922 dimi-

252 989 352 1042 caret.
371 977 459 1044 Nam
483 989 533 1068 ut,
556 989 758 1044 commutato
774 973 926 1060 consilio,
947 976 1010 1042 iter
1025 975 1059 1041 in
1080 975 1290 1042 Provinciam

251 1108 481 1180 converteret,¹
512 1093 547 1163 id
577 1117 619 1162 ne
655 1107 746 1164 metu
783 1092 918 1187 quidem
951 1095 1135 1160 necessario
1170 1093 1292 1162 sacien-

253 1212 331 1281 dum
353 1214 594 1282 existimabat:
622 1234 727 1307 quum
749 1211 883 1281 infamia
901 1217 1002 1304 'atque
1024 1212 1202 1306 indignitas
1227 1214 1291 1300 rei,

252 1347 286 1400 et
302 1334 475 1425 oppositus
490 1358 588 1401 mons
599 1335 772 1419 Cevenna,
788 1334 984 1425 viarumque
999 1327 1175 1400 difficultas
1189 1333 1292 1425 impe·

252 1451 380 1537 diebat,
405 1465 476 1520 tum
497 1429 642 1521 maxime
660 1451 751 1546 quod
771 1452 927 1545 abjuncto
947 1451 1111 1537 Labieno,
1131 1465 1231 1544 atque
1252 1453 1292 1520 iis

252 1570 438 1666 legionibus
458 1595 543 1664 *quas
563 1595 631 1639 una
649 1572 798 1655 miserat,
821 1571 1034 1639 vehementer
1053 1570 1200 1639 timebat.
1223 1575 1310 1640 Ita-'

252 1715 331 1783 que,
350 1689 530 1759 admodum
552 1691 679 1784 magnis
700 1671 826 1757 diurnis
849 1703 950 1783 atque
975 1691 1147 1759 nocturnis
1169 1690 1293 1758 itineri·

251 1811 314 1878 bus
338 1810 519 1896 confectis,
544 1823 660 1878 contra
682 1810 835 1877 ‘omnium
861 1811 1051 1903 opinionem
1080 1809 1122 1879 ad
1146 1809 1292 1904 Ligerim

162 2001 165 2006 Δ
255 1933 426 2022 pervenit;
443 1929 594 2023 vadoque
614 1911 817 2021 perequites
838 1930 990 2016 invento,
1008 1907 1069 2022 pro
1089 1929 1137 1996 rei
1151 1929 1294 1997 ¹necessi·

255 2063 322 2117 tate
338 2062 548 2142 opportuno,
567 2064 605 2116 ut
624 2049 759 2117 brachia
777 2047 877 2116 modo
901 2063 1000 2142 atque
1018 2047 1148 2116 humeri
1163 2045 1204 2114 ad
1222 2071 1294 2115 sus·

255 2167 392 2235 tinenda
405 2191 497 2235 arma
511 2167 606 2235 liberi
620 2168 660 2235 ab
676 2151 763 2260 aqua
780 2191 849 2236 esse
862 2181 1014 2262 possent,
1030 2166 1189 2258 disposito
1203 2167 1295 2259 equi-

256 2299 325 2354 tatu
341 2287 400 2378 qui
418 2287 487 2353 vim
506 2285 652 2354 fluminis
668 2286 880 2380 refringeret,
903 2291 1001 2378 atque
1016 2285 1167 2354 hostibus
1185 2287 1294 2378 primo

254 2419 389 2499 aspectu
416 2405 633 2498 perturbatis,
659 2405 858 2476 incolumem
883 2407 1062 2474 exercitum
1085 2405 1294 2492 transduxit;

255 2525 527 2616 frumentumque
553 2525 587 2592 in
612 2526 700 2619 agris
725 2540 760 2594 et
780 2525 910 2618 copiam
934 2524 1063 2618 pecoris
1089 2539 1222 2611 nactus,
1243 2549 1294 2593 re·

255 2643 347 2740 pleto
364 2645 404 2713 iis
419 2644 517 2712 rebus
534 2647 698 2732 exercitu,
716 2646 779 2712 iter
797 2646 831 2711 iu
847 2647 992 2712 Senones
1009 2643 1117 2714 facere
1137 2623 1292 2714 instituit.

262 2795 266 2804 ·
303 2768 407 2834 LVII.
428 2767 518 2834 Dum
542 2764 613 2831 haec
630 2763 719 2857 apud
733 2747 894 2832 Caesarem
915 2777 1093 2858 geruntur,
1108 2764 1293 2853 Labienus,

257 2909 296 2952 eo
324 2883 556 2978 supplemento
579 2883 670 2976 quod
700 2906 806 2975 nuper
831 2907 872 2950 ex
899 2881 994 2952 ltalia
1016 2886 1152 2953 venerat
1179 2884 1294 2954 relicto

257 3002 431 3094 Agendici,
449 3015 486 3069 ut
503 3018 586 3071 esset
602 3000 846 3095 impedimentis
860 3003 1028 3094 praesidio,
1049 3028 1126 3071 cum
1141 3027 1176 3074 tv
1193 3002 1295 3098 legio·

258 3121 354 3188 nibus
377 3123 544 3189 Lutetiam
570 3119 800 3214 proficiscitur.
829 3120 868 3188 Id
888 3103 941 3190 ⁸est
965 3121 1126 3215 oppidum
1153 3125 1296 3192 Parisio-

258 3263 348 3326 rum,
362 3242 506 3334 positum
524 3242 558 3308 iu
576 3235 684 3308 insula
698 3239 844 3308 lluminis
853 3243 1022 3333 Sequanae.
1033 3243 1138 3334 Cujus
1151 3241 1295 3313 adventu

256 3359 298 3427 ab
317 3359 466 3428 hostibus
477 3360 643 3454 *cognito‚
661 3384 788 3455 magnae
808 3384 847 3428 ex
867 3358 1017 3428 finitimis
1035 3341 1224 3432 civitatibus
1241 3388 1296 3431 co·

257 3480 318 3572 piae
338 3491 577 3547 convenerunt.
596 3481 732 3547 Summa
754 3479 883 3572 imperii
909 3479 1053 3550 traditur
1069 3481 1296 3576 Camulogeno

256 3597 413 3684 Aulerco,
424 3599 499 3691 qui,
517 3622 620 3691 prope
633 3598 803 3667 confectus
819 3613 928 3683 atate,
947 3613 1058 3668 tamen
1075 3615 1213 3693 propter
1227 3603 1295 3670 siu·

257 3717 407 3813 gulanam
423 3718 593 3786 scientIam
609 3719 657 3786 rei
671 3715 822 3786 militaris
835 3715 876 3784 ad
890 3741 966 3784 eum
981 3705 1029 3784 est
1041 3718 1204 3788 honorem
1219 3745 1296 3788 evo-

256 3851 359 3905 catus.
383 3841 415 3904 Is
445 3861 548 3928 quum
574 3836 858 3906 animadvertisset
881 3851 1075 3930 perpetuam
1103 3861 1173 3907 esse
1200 3838 1296 3932 palu·

255 3953 331 4021 dem
352 3976 425 4046 quae
448 3955 603 4024 inllueret
627 3957 661 4024 in
685 3959 887 4050 Sequanam,
914 3972 1013 4051 atque
1043 3955 1138 4025 illum
1164 3967 1300 4028 omnem
