3060 4768
265 407 322 464 228
441 405 472 460 C.
492 405 591 460 JULII
611 405 779 461 CAESARIS
801 405 1001 461 COMMENT.
1022 407 1134 463 LIBER

265 557 369 626 regno
389 530 535 600 subsidio
554 532 622 616 ire,
641 555 758 624 quam,
774 529 853 598 dum
873 528 955 599 alios
975 530 1148 624 adjuturus
1167 530 1313 624 proficis·

265 667 417 739 seretur,
433 655 501 744 ipse
515 674 575 719 suo
592 675 695 744 regno
709 649 881 744 expulsus,
897 650 1034 719 forsitan
1049 665 1190 744 utraque
1205 675 1241 718 re
1257 675 1313 720 ex·

265 771 452 868 pelleretur.
469 774 586 862 Itaque
599 794 714 838 rursus
731 793 765 838 se
780 771 943 862 recipere,
957 783 1057 862 atque
1071 769 1191 838 auxilia
1209 771 1311 838 etiam

255 895 283 961 'a
302 893 456 985 Scipione
476 889 630 976 abduxit,
649 890 710 956 sibi
728 890 861 981 suisque
880 889 979 956 rebus
1000 890 1133 974 timeus3
1150 886 1310 982 elephan-

268 1015 373 1105 tisque
404 1035 473 1080 xxx
505 1009 646 1094 relictis,
675 1009 742 1076 suis
769 1007 889 1076 finibus
920 1007 1116 1101 oppidisque
1143 1009 1311 1102 suppetias

265 1131 434 1227 profectus
452 1144 511 1200 est.

315 1253 440 1321 XXVI.
459 1251 569 1318 Caesar
586 1250 739 1337 iuterim,
758 1273 861 1342 quum
879 1248 920 1316 de
937 1273 998 1316 suo
1017 1248 1162 1318 adventu
1180 1248 1311 1318 dubita·

266 1373 313 1440 tio
330 1371 363 1438 in
378 1371 549 1464 provincia
564 1385 668 1453 esset,
684 1394 792 1464 neque
805 1371 980 1464 quisquam
996 1371 1163 1459 crederet,
1180 1372 1310 1465 ipsum,

243 1490 321 1590 ⁴sed
351 1489 493 1581 aliquem
522 1489 667 1584 legatum
696 1513 772 1558 cum
802 1491 906 1584 copiis
925 1490 958 1558 iu
990 1489 1136 1560 Africam
1162 1491 1309 1578 uenisse,

215 1657 218 1664 -
265 1611 458 1703 conscriptis
478 1608 595 1678 litteris
617 1611 742 1678 circum
770 1611 995 1703 provinciam,
1021 1635 1136 1678 omnes
1160 1611 1309 1678 civitates

265 1731 342 1800 facit
361 1731 402 1800 de
419 1756 483 1806 suo
501 1730 645 1799 adventu
665 1730 831 1799 certiores.
851 1732 988 1799 Interim
1007 1730 1133 1800 nobiles
1156 1730 1307 1798 homines

265 1877 304 1922 ex
319 1853 386 1921 suis
401 1850 532 1944 oppidis
546 1851 743 1945 profugere,
762 1865 794 1918 et
812 1839 845 1917 in
864 1865 972 1920 castra
986 1851 1125 1918 Caesaris
1138 1848 1308 1935 devenire,

266 1987 300 2040 et
315 1970 357 2040 de
374 1971 637 2040 adversariorum
655 1971 727 2062 ejus
744 1971 921 2039 acerbitate
938 1969 1199 2063 crudelitateque
1216 1994 1306 2038 conr·

265 2115 446 2159 memorare
464 2104 646 2184 coeperunt.
666 2091 820 2176 Quorum
839 2087 991 2182 lacrymis
1011 2088 1218 2182 querelisque
1236 2091 1309 2158 Cae·

266 2237 319 2280 sar
343 2225 546 2296 commotus,
567 2235 670 2303 quum
701 2223 798 2278 autea
818 2210 1018 2278 constitisset
1038 2211 1074 2276 in
1099 2211 1227 2278 stativis
1252 2233 1307 2277 ca·

268 2333 359 2417 stris,
389 2345 500 2400 testate
532 2332 636 2414 inita,
666 2331 792 2399 cunctis
812 2331 915 2424 copiis
945 2329 1140 2422 auxiliisque
1165 2330 1306 2415 coactis,

266 2451 389 2522 bellum
405 2476 481 2519 cum
494 2451 689 2519 adversariis
702 2451 769 2519 suis
782 2473 894 2544 gerere
907 2450 1071 2534 instituit,
1085 2447 1208 2528 litteris¹
1224 2446 1308 2518 cele·

266 2573 347 2640 riter
366 2571 400 2639 in
420 2569 564 2640 Siciliam
585 2569 625 2637 ad
653 2567 821 2638 Allienum
848 2583 881 2638 et
911 2568 1085 2637 Rabirium
1115 2571 1308 2636 Postumum

266 2690 482 2784 conscriptis,
504 2704 536 2758 et
555 2713 614 2782 per
630 2704 842 2784 catascopum
859 2688 965 2756 missis
983 2713 991 2755 :
1014 2689 1091 2756 «Ut
1112 2687 1183 2755 sine
1200 2710 1308 2771 mora,

267 2824 325 2879 aut
340 2808 408 2878 ulla
424 2811 637 2878 excusatione
654 2809 770 2878 hiemis
789 2823 1050 2900 ventorumque,
1068 2808 1231 2876 exercitus
1246 2806 1309 2874 sibi

267 2954 366 3023 quam
393 2928 564 2997 celerrime
589 2941 870 3021 transportaretur
897 2951 905 2994 ε
938 2926 1080 2996 Africam
1104 2926 1308 3020 provinciam
1363 2979 1372 2996 .

267 3051 388 3144 perire,
405 3046 620 3141 funditusque
640 3049 743 3116 everti
763 3047 804 3115 ab
830 3047 897 3116 suis
923 3047 1065 3116 inimicis
1092 3071 1100 3114 ε
1127 3045 1217 3139 quod
1244 3044 1308 3114 nisi

266 3169 417 3239 celeriter
435 3169 530 3236 sociis
551 3166 638 3235 foret
655 3167 879 3256 subventum,
899 3179 1019 3261 praeter
1038 3168 1143 3260 ipsam
1163 3154 1309 3236 Africam

267 3302 389 3358 terrum
408 3284 509 3374 nihil,
530 3310 571 3354 ne
592 3300 715 3354 tectum
733 3285 883 3380 quidem,
903 3311 970 3379 quo
997 3309 1032 3354 se
1058 3287 1242 3380 reciperent
1266 3285 1309 3354 ab

267 3406 400 3476 illorum
425 3402 546 3474 scelere
565 3404 757 3498 insidiisque
783 3404 945 3498 reliquum
972 3405 1132 3474 futurum.
1160 3407 1310 3496 »Atque

268 3527 338 3619 ipse
367 3528 400 3594 in
420 3539 512 3594 tanta
533 3538 604 3594 erat
623 3524 833 3594 festinatione
853 3539 887 3592 et
905 3525 1169 3617 exspectatione,
1190 3538 1229 3592 ut
1249 3547 1310 3618 po·

267 3662 355 3716 stero
368 3646 437 3736 die,
449 3671 548 3741 quam
566 3649 708 3716 misisset
722 3645 848 3716 litteras
862 3646 1085 3738 nuntiumque
1096 3645 1129 3712 in
1143 3643 1311 3726 Siciliam,

266 3765 403 3838 classem
431 3746 679 3859 exercitumque
708 3767 830 3834 morari
859 3763 1000 3850 diceret,
1032 3777 1144 3833 noctes
1175 3762 1314 3856 diesque

267 3884 380 3956 oculos
397 3901 607 3979 mentemque
623 3882 664 3953 ad
686 3909 775 3953 mare
793 3883 970 3977 dispositos
987 3884 1196 3976 directosque
1211 3882 1314 3952 habe·

268 4020 328 4074 ret.
355 4007 426 4074 Nec
452 4007 573 4074 mirum
602 4031 610 4072 ι
637 4002 922 4074 animadvertebat
948 4004 1055 4092 enim,
1083 3999 1176 4072 villas
1204 4004 1314 4088 exuri,
