3050 4772
480 363 532 419 1)ss
552 364 670 420 BELLO
690 365 852 420 GALLICO
872 367 939 422 LIB.
962 369 1025 423 v11.
1212 390 1264 449 197

232 482 342 554 looum
365 513 566 583 magnopere
585 491 778 584 impediret,
806 493 860 560 hic
885 493 1053 578 consedit,
1078 506 1273 586 nostrosque

229 609 374 676 transitu
392 611 569 702 prohibere
583 611 737 680 instituit.

277 729 399 796 LVIII.
427 731 594 800 Labienus
609 736 718 825 primo
737 735 849 802 vineas
872 757 985 827 agere,
1008 731 1154 800 cratibus
1173 744 1273 823 atque

228 869 350 940 aggere
374 846 527 941 paludem
548 849 698 944 explere,
719 868 819 946 atque
841 855 905 921 iter
923 852 1055 920 munire
1077 850 1271 920 conabatur.

228 967 409 1061 Postquam
430 968 464 1037 id
483 969 653 1041 difficilius
673 974 811 1043 confieri
833 973 1081 1056 animadvertit,
1102 970 1233 1040 silentio
1255 998 1272 1040 e

229 1089 345 1156 castris
367 1090 463 1158 tertia
490 1090 603 1186 vigilia
625 1117 790 1188 egressus,
815 1093 931 1163 eodem
957 1118 1025 1186 quo
1052 1107 1190 1164 venerat
1217 1093 1272 1176 iti·

229 1230 307 1274 nere
319 1207 540 1280 Melodunum
557 1216 719 1306 pervenit.
737 1214 777 1283 Id
791 1230 841 1284 est
856 1213 1016 1308 oppidum
1033 1216 1219 1300 Senonum,
1237 1213 1272 1280 in

229 1325 336 1396 insula
359 1331 521 1423 Seqrianae
542 1335 703 1426 positum,
726 1351 763 1403 ut
783 1333 883 1429 paulo
902 1347 979 1401 ante
998 1333 1166 1400 Lutetiam
1186 1331 1272 1400 dixi·

226 1469 311 1515 mus.
332 1451 556 1542 Deprehensis
578 1455 717 1522 navibus
741 1454 872 1522 circiter
897 1477 932 1540 c,
956 1450 1171 1544 celeriterque
1192 1477 1273 1520 con·

223 1568 365 1661 junctis‚
380 1585 480 1664 atque
494 1596 535 1641 eo
548 1573 709 1656 militibus
725 1571 906 1666 impositis,
919 1587 951 1641 et
964 1573 1012 1640 rei
1029 1572 1178 1641 novitate
1194 1597 1271 1664 per-

228 1689 351 1758 territis
369 1691 565 1784 oppidanis,
584 1716 728 1785 quorum
750 1717 870 1787 magna
890 1707 1057 1786 parserat
1079 1691 1122 1760 ad
1144 1685 1270 1760 bellum

225 1825 377 1898 evocata,
394 1812 465 1880 sine
482 1814 695 1882 contentione
711 1812 836 1907 oppido
847 1815 983 1906 potitur.
1001 1811 1136 1882 Refecto
1151 1825 1270 1904 ponte,

225 1907 325 2024 quem
346 1933 575 2026 superioribus
591 1932 708 2002 diebus
725 1933 836 2004 hostes
850 1933 1069 2018 resciderunt,
1085 1933 1269 2002 exercitum

225 2053 430 2138 transducit,
448 2069 482 2122 et
502 2054 649 2124 secundo
667 2055 805 2124 flumine
825 2053 868 2122 ad
891 2056 1059 2134 Lutetiam
1080 2055 1143 2123 iter
1160 2052 1273 2122 lacere

224 2174 334 2266 coepit.
357 2177 492 2264 Hostes,
514 2201 549 2254 re
569 2177 704 2269 cognita
720 2177 762 2244 ab
778 2177 818 2244 iis
837 2178 894 2271 qui
914 2201 934 2244 a
951 2173 1133 2252 Meloduno
1153 2173 1233 2268 pros
1253 2213 1267 2227 -

224 2309 354 2386 gerant,
378 2296 546 2372 Lutetiam
577 2293 730 2383 incendi,
756 2312 945 2391 pontesque
969 2297 1039 2389 ejus
1069 2293 1184 2389 oppidi
1215 2321 1272 2363 r·e·.

223 2412 329 2481 scindi
343 2415 461 2507 jubent
479 2443 487 2484 ε
506 2417 568 2510 ipsi
586 2414 726 2511 profecti
745 2441 765 2485 a
784 2416 920 2510 palude,
937 2416 1072 2509 Incipis
1089 2419 1272 2508 Sequanae,¹

222 2557 240 2600 e
258 2535 393 2628 regione
409 2538 565 2624 Lutetiae,
583 2551 699 2605 contra
716 2537 855 2606 Labieni
870 2551 978 2606 castra
996 2536 1183 2606 considunt.

272 2655 358 2721 LIX.
385 2657 458 2722 Iam
477 2657 587 2724 Caesar
609 2682 628 2725 a
651 2658 819 2751 Gergovia
845 2656 1027 2726 discessisse
1052 2656 1265 2740 audiebatur;

222 2776 288 2869 jam
315 2774 357 2842 de
382 2773 565 2844 AEduorum
593 2775 777 2846 defectione
801 2792 835 2845 et
861 2776 1008 2846 secundo
1029 2774 1146 2852 Galliae
1171 2791 1265 2846 motu

223 2919 372 2964 rumores
395 2893 639 2981 afferebantur3
659 2895 815 2990 Gallique
840 2899 874 2964 in
895 2887 1090 2990 colloquiis,
1108 2894 1265 2972 interclu-

222 3039 295 3083 sum
319 3016 437 3084 itinere
461 3030 494 3084 et
512 3016 622 3110 Ligeri
647 3019 827 3104 Caesarem,
849 3015 963 3110 inopia
985 3015 1143 3094 frumenti
1168 3041 1264 3086 coac-

223 3149 307 3218 tum,
326 3137 359 3204 in
379 3137 588 3204 Provinciam
605 3135 813 3207 contendisse
827 3136 1079 3214 confirmabant.
1099 3135 1263 3216 Bellovaci

223 3270 354 3342 autern,
380 3255 565 3326 desectione
590 3257 774 3327 AEduorum
803 3259 956 3353 cognita,
979 3260 1037 3352 qui
1063 3273 1139 3327 ante
1167 3275 1264 3326 erant

222 3402 281 3471 per
296 3403 331 3446 se
350 3377 516 3466 infideles,
534 3404 653 3448 manus
670 3404 787 3474 cogere
807 3394 907 3473 atque
925 3393 1038 3473 aperte
1057 3376 1184 3447 bellurn
1203 3403 1262 3472 pa·

221 3521 294 3565 rare
313 3513 494 3592 coeperunt.
516 3501 601 3568 Turn
625 3500 809 3588 Labienus,
832 3515 922 3570 tanta
943 3525 1054 3569 rerum
1076 3513 1261 3568 commuta-

221 3619 326 3706 tione,
344 3617 442 3714 longe
458 3618 548 3688 aliud
568 3620 629 3688 sibi
655 3620 854 3715 capiendum
875 3619 1065 3706 consilium,
1082 3634 1182 3713 atquc
1199 3643 1259 3687 an-

222 3752 275 3806 tea
295 3753 455 3826 senserat,
477 3738 702 3836 intelligebat3
722 3766 830 3835 neque
846 3743 915 3835 jam
940 3756 978 3810 ut
1002 3739 1128 3833 aliquid
1147 3741 1261 3832 acqui-

221 3873 307 3927 reret
336 3859 517 3953 proelioque
544 3863 655 3931 hostes
683 3861 876 3951 lacesseret,
904 3849 960 3930 sed
992 3877 1030 3932 ut
1058 3857 1260 3931 incolumem

221 3979 402 4047 exercitum
421 3981 626 4074 Agendicum
644 3981 833 4070 reduceret,
851 3982 1025 4077 cogitabat.
1044 3985 1197 4076 Namque
1214 3980 1259 4050 al·
