3042 4772
305 407 359 465 sta
478 409 509 466 C.
528 409 625 468 sunu
645 409 808 466 CAESARIS
829 409 1024 468 COMMENT-
1046 413 1155 470 LIBER

303 530 401 618 fecta,
421 555 524 602 xxxvi
544 533 629 628 legio
657 535 688 602 in
724 533 795 604 loca
824 561 858 606 se
884 538 1054 630 superiora
1080 535 1232 620 contulit,
1260 553 1362 608 non·

300 649 440 744 amplius
459 674 522 724 con
538 652 737 722 desideratis.
757 653 956 724 Ceciderunt
975 677 1015 725 eo
1030 653 1146 750 proelio
1164 653 1327 749 splendidi

300 781 398 861 atque
412 767 554 840 illustres
571 773 632 839 viri
647 770 815 859 nonnulli,
829 775 954 867 equites
967 775 1106 844 romoni.
1123 774 1200 862 Quo
1216 789 1327 844 tamen

301 887 510 958 incommodo
526 890 693 960 Domitius
710 903 864 984 accepto,
885 889 1039 984 reliquias
1057 893 1220 964 exercitus
1236 892 1327 962 ‹lissi-

299 1007 369 1099 pati
386 1005 536 1102 collegit,
557 1009 792 1102 itineribusque
808 1011 887 1079 tutis
904 1034 963 1104 per
977 1009 1219 1104 Cappadociam
1235 1035 1270 1082 se
1286 1015 1322 1081 in

301 1128 410 1196 Asiam
428 1130 559 1222 recepit.

345 1247 433 1314 XLI.
450 1247 652 1336 Pharnaces,
668 1248 765 1316 rebus
782 1248 930 1319 oecundis
944 1247 1066 1338 elatus,
1081 1271 1183 1342 quum
1197 1249 1238 1320 de
1252 1253 1325 1320 Ce-

299 1387 370 1432 sare
387 1387 446 1451 ea,
462 1389 534 1458 que
549 1367 700 1460 optabat,
714 1381 879 1461 speraret,
893 1371 1034 1437 Pontum
1049 1369 1201 1438 omnibus
1218 1369 1323 1462 copiis

250 1553 252 1558 ,
297 1484 468 1576 occupavit
487 1509 495 1552 ε
516 1483 625 1578 ibique
642 1500 675 1554 et
693 1488 798 1556 victor
814 1501 849 1555 et
866 1484 1110 1558 crudelissimus
1120 1459 1200 1572 bes,
1215 1510 1319 1580 quum

298 1597 361 1690 sthi,
370 1601 716 1718 fortunasqpaternam
728 1603 870 1674 feliciore
883 1620 1001 1676 eventu
1012 1606 1206 1692 destinaret,
1217 1603 1321 1674 multa

298 1720 418 1815 oppida
437 1725 652 1816 expugnavit,
675 1724 762 1792 bona
790 1725 912 1793 civium
935 1747 1147 1794 romanorum
1169 1725 1320 1818 pontico·

298 1863 436 1932 rumque
447 1839 603 1934 diripuit,
617 1841 776 1936 supplicia
787 1843 959 1914 constituit
972 1844 1006 1910 in
1020 1866 1095 1929 eos,
1111 1844 1168 1935 qui
1177 1840 1319 1936 aliquant

296 1955 407 2026 fornae
421 1971 519 2054 atque
539 1962 640 2030 etatis
656 1958 972 2030 commendationem
990 1960 1234 2048 habebant,ea,
1248 1983 1321 2054 quae

296 2089 402 2144 morte
421 2093 528 2146 essent
551 2079 734 2164 miseriora;
758 2083 964 2173 Pontumque
990 2077 1082 2149 nullo
1110 2077 1320 2166 defendente,

295 2208 468 2287 paternum
486 2220 624 2291 regnum
644 2222 678 2266 se
695 2199 853 2291 recepisse
870 2196 1028 2293 glorians,
1046 2198 1224 2268 obtinebat.

341 2315 445 2383 XLII.
467 2314 534 2384 Sub
553 2315 638 2384 idem
660 2330 786 2410 tempus
806 2318 839 2384 in
856 2315 987 2411 Illyrico
1004 2330 1056 2388 est
1074 2316 1315 2387 incommodum

294 2445 488 2526 acceptum:
511 2458 582 2527 quac
598 2437 767 2530 provincia
776 2435 996 2530 superioribus
1008 2436 1173 2506 mensibus
1190 2449 1317 2506 retenta

295 2575 361 2620 non
379 2567 505 2622 tanturn
529 2556 599 2624 aine
616 2555 810 2649 ignominia,
835 2554 1005 2624 sedetiam
1026 2579 1103 2624 cum
1124 2553 1222 2624 laude
1234 2569 1312 2624 erat.

293 2649 493 2765 Namqueeo
511 2675 627 2744 missus
639 2689 835 2744 esutecum
852 2673 979 2744 duabus
989 2671 1170 2768 legionibus
1183 2674 1226 2762 Q.
1236 2676 1317 2744 Cor·

294 2789 435 2876 nilieius,
451 2794 587 2862 Cesaris
606 2808 763 2888 quaestor,
783 2808 1018 2888 propraetore,
1036 2815 1225 2887 quanquam
1244 2807 1316 2860 erat

289 2911 461 3002 provincia
478 2913 612 2980 minime
627 2915 760 3007 copiosa
779 2911 820 2981 ad
837 2913 999 2982 exercitus
1018 2909 1170 2996 alendos,
1188 2924 1219 2980 et
1234 2909 1311 2978 lini·

291 3029 371 3096 timo
390 3027 476 3097 bello
497 3053 536 3099 ac
554 3030 808 3102 dissensionibus
825 3045 948 3100 vastata
969 3045 1003 3100 et
1018 3031 1185 3118 confecta,
1206 3043 1315 3098 tamen

289 3145 463 3239 prudentia
481 3172 520 3217 ac
535 3147 702 3243 diligentia
728 3175 804 3239 sua,
829 3147 917 3243 qnod
934 3173 1087 3244 magnam
1109 3173 1224 3220 curorn
1246 3173 1314 3220 sus·

289 3264 448 3357 cipiebat,
464 3290 506 3334 ne
522 3291 589 3360 quo
603 3283 724 3339 temere
739 3269 1007 3364 progrederetur,
1026 3283 1059 3338 et
1074 3269 1198 3363 recepit
1214 3283 1247 3336 et
1259 3267 1315 3336 de·

287 3380 402 3451 fendit.
422 3385 574 3478 Namque
590 3401 623 3455 et
640 3387 769 3458 castella
783 3387 970 3482 complura,
984 3385 1064 3456 locis
1076 3385 1170 3454 editis
1185 3386 1312 3478 posita,

288 3524 429 3594 quorum
448 3507 676 3598 opportunitas
700 3507 893 3577 castellanos
917 3503 1106 3600 impellebat
1129 3501 1170 3572 ad
1191 3500 1310 3570 decur-

287 3621 393 3691 siones
412 3623 576 3694 faciendas
590 3638 624 3694 et
639 3625 760 3696 bellum
779 3624 999 3708 inferendum,
1018 3622 1237 3716 expugnavit,
1255 3645 1311 3690 ea·

286 3764 350 3835 que
367 3741 476 3838 preda
495 3743 613 3816 milites
634 3744 766 3816 donavit
785 3745 877 3838 (quae
896 3743 954 3812 etsi
970 3757 1040 3812 erat
1058 3741 1182 3822 tenuis,
1201 3755 1312 3810 tamen

287 3863 319 3930 in
339 3875 429 3932 tanta
451 3866 628 3958 provincia
645 3863 872 3957 desperatione
895 3876 966 3931 erat
993 3875 1104 3956 grata,
1133 3861 1310 3955 presertim

286 3982 405 4052 virtute
423 3982 550 4077 portal:
568 3999 600 4054 et
609 4005 709 4078 quum
724 3983 882 4064 Octavius
895 4007 933 4052 ex
950 3981 1028 4077 luga
1042 3978 1213 4077 pharsalici
1226 4001 1311 4074 proa-
