3088 4766
278 392 314 450 52
436 393 466 450 C.
486 396 582 450 JULll
603 395 768 450 cAEsnffls
790 392 1155 450 COMMENTautouUM

278 519 404 612 generis
429 519 564 612 imperia
584 520 758 606 constitui,
783 533 820 587 ut
854 516 939 586 idem
968 517 1009 585 ad
1039 533 1151 610 portas
1178 520 1313 590 urbanis

276 637 427 730 praesidia
453 639 566 727 rebus,
591 653 624 707 et
649 637 730 707 ditas
760 635 1021 707 bellicosissimas
1044 639 1232 731 provincias
1255 641 1313 710 ab·

259 779 349 824 ‚sens
369 770 421 825 tot
438 781 542 825 annos
558 757 709 825 obtineat
726 782 734 825 :
755 759 789 825 in
806 781 840 826 se
856 758 934 850 jura
955 758 1205 850 magistratuum
1222 783 1313 828 com-

276 876 414 959 mutari,
431 901 473 944 ne
487 900 527 943 ex
542 891 687 970 praetura
708 891 742 944 et
754 875 942 963 consulatu,
965 888 1003 945 ut
1020 900 1165 970 semper,
1182 877 1239 947 sed
1256 903 1314 972 per

276 1017 399 1087 paucos
421 995 551 1089 probati
572 1009 605 1062 et
625 993 721 1064 electi
741 995 775 1062 in
795 995 982 1089 provincias
1010 996 1187 1065 mittantur
1231 999 1264 1065 in
1280 1023 1313 1066 se

276 1115 379 1182 etatis
392 1115 635 1183 excusationem
651 1111 733 1182 nihil
752 1113 877 1200 valere,
893 1112 983 1208 quod
1001 1115 1228 1207 superioribus
1246 1117 1314 1186 bel-

278 1231 317 1301 lis
329 1233 460 1326 probati
478 1234 520 1302 ad
537 1232 733 1302 obtinendos
747 1235 908 1303 exercitus
924 1246 1105 1303 evocentur
1121 1260 1129 1303 τ
1148 1237 1229 1306 inse
1246 1263 1313 1307 uno

279 1377 346 1422 nou
363 1355 502 1438 servari,
521 1353 611 1446 quod
628 1355 670 1421 sit
688 1353 841 1421 omnibus
859 1352 973 1422 datum
994 1377 1122 1447 semper
1140 1356 1315 1450 imperato-

279 1471 386 1556 ribus,
401 1486 453 1558 ut,
467 1473 565 1542 rebus
580 1471 720 1541 feliciter
737 1475 853 1568 gestis,
870 1487 928 1541 aut
942 1497 1018 1576 cum
1034 1474 1163 1543 honore
1182 1474 1313 1571 aliquo,

278 1605 335 1660 aut
348 1605 437 1660 certe
451 1593 522 1670 sine
536 1593 717 1686 ignominia
730 1593 866 1663 domum
884 1606 1105 1680 revertantur,
1119 1597 1314 1664 exercitum·

279 1735 343 1805 que
356 1711 534 1780 dimittant.
555 1713 638 1800 Quae
655 1727 765 1781 tamen
782 1713 893 1780 omnia
912 1726 945 1780 et
961 1735 995 1780 se
1011 1709 1122 1784 tulisse
1135 1715 1314 1808 patienter,

279 1845 312 1900 et
331 1856 401 1900 esse
418 1829 579 1918 laturum3
598 1855 706 1924 neque
722 1856 812 1900 nunc
834 1831 868 1900 id
884 1855 996 1926 agere,
1015 1846 1053 1902 nt
1076 1834 1118 1902 ab
1136 1832 1200 1902 illis
1214 1832 1315 1903 abdu-

281 1965 372 2020 ctum
382 1953 563 2020 exercitum
578 1965 687 2020 teneat
696 1951 781 2045 ipse,
797 1949 886 2045 quod
899 1965 1007 2021 tamen
1023 1953 1086 2022 sibi
1100 1952 1233 2022 difficile
1247 1977 1314 2020 non

279 2071 323 2138 sit
332 2122 342 2155 ,
352 2069 411 2138 sed
422 2093 464 2138 ne
473 2068 520 2138 illi
531 2069 894 2163 habeant,quocontra
904 2095 939 2140 se
953 2073 1002 2140 uti
1013 2074 1149 2165 possint.
1156 2071 1314 2159 Proinde,

281 2204 317 2258 ut
333 2203 418 2258 esset
435 2188 578 2274 dictum,
588 2189 767 2282 provinciis
782 2187 994 2278 excederent,
1012 2192 1258 2284 exercitumque
1270 2190 1316 2259 di·

281 2310 452 2378 mitterent
470 2333 478 2377 :
499 2310 526 2377 si
538 2308 572 2376 id
592 2310 633 2377 sit
650 2309 792 2394 lactum,
805 2309 994 2378 nociturum
1007 2333 1040 2378 se
1061 2311 1185 2378 nemini
1203 2336 1211 2378 :
1230 2311 1316 2380 hanc

282 2453 381 2498 unam
398 2445 498 2523 atque
515 2443 696 2497 extremam
709 2428 798 2520 pacis
815 2451 883 2496 esse
902 2428 1134 2497 conditionem.
1152 2458 1170 2493 r

329 2551 515 2619 LXXXVI.
534 2549 573 2616 ld
589 2572 666 2618 vero
688 2546 845 2617 militibus
863 2545 925 2616 tuit
940 2561 1129 2642 pergratum
1152 2563 1186 2617 et
1198 2549 1318 2642 jucun·

281 2667 383 2754 dum,
400 2683 436 2738 ut
457 2693 497 2738 ex
516 2670 585 2764 ipsa
604 2666 844 2763 significatione
865 2668 974 2760 potuit
990 2668 1160 2760 cognosci,
1190 2683 1242 2758 ut,
1261 2671 1317 2763 qui

281 2787 408 2881 aliquid
418 2789 499 2883 justi
516 2787 717 2858 incommodi
736 2788 1028 2881 exspectavissent,
1042 2785 1131 2856 ultro
1146 2791 1316 2882 praemium

281 2909 445 2978 missionis
463 2910 598 2978 ferrent.
624 2910 711 2980 Nam
735 2931 839 3001 quum
864 2906 905 2976 de
925 2905 1000 2977 loco
1018 2924 1051 2978 et
1076 2924 1223 3004 tempore
1248 2910 1318 3002 ejus

282 3030 329 3098 rei
348 3029 572 3098 controversia
590 3027 784 3116 inferretur,
800 3043 832 3098 et
850 3053 932 3097 voce
951 3043 985 3097 et
1003 3029 1156 3098 manibus
1175 3030 1318 3099 universi

283 3173 323 3218 ex
342 3148 443 3234 vallo,
463 3148 519 3216 ubi
536 3151 771 3236 constiterant,
793 3147 976 3242 significare
993 3164 1181 3243 caeperunt,
1200 3163 1238 3218 ut
1255 3163 1320 3218 sta·

284 3271 344 3338 tim
362 3267 628 3356 dimitterentur,
644 3291 752 3362 neque
770 3269 861 3338 omni
882 3269 1077 3363 interposita
1096 3268 1163 3337 fide
1185 3269 1317 3338 firmum

283 3411 479 3482 esseposse,
498 3389 525 3456 si
545 3389 580 3456 in
600 3386 691 3456 aliud
705 3401 834 3483 tempus
853 3387 1052 3458 differretur.
1079 3389 1195 3455 Paucis
1216 3411 1319 3479 quum

282 3521 367 3576 esset
391 3509 426 3576 in
453 3521 627 3603 utramque
653 3524 782 3603 partem
812 3510 921 3577 verbis
946 3506 1165 3600 disputatum,
1187 3529 1239 3573 res
1254 3505 1322 3574 huc

284 3626 475 3717 deducitur,
492 3643 530 3700 ut
549 3629 587 3717 ii,
607 3629 664 3722 qui
683 3628 828 3698 habeant
845 3623 1049 3694 domicilium
1072 3635 1129 3690 aut
1147 3625 1322 3716 possessio·

284 3771 342 3817 nes
354 3749 388 3816 in
398 3750 574 3844 Hispania,
589 3751 717 3838 statim,
727 3747 843 3840 reliqui
860 3745 902 3830 ad
915 3749 1041 3814 Varum
1057 3742 1195 3832 flumen,
1211 3743 1322 3813 dimit-

287 3881 431 3936 tantur:
455 3890 497 3936 ue
520 3867 601 3960 quid
624 3869 671 3937 eis
689 3881 865 3951 noceatur,
891 3889 956 3934 neu
981 3865 1056 3956 quis
1076 3863 1199 3933 invitus
1218 3887 1322 3933 sacra·

219 4011 222 4020 ·
285 4001 433 4057 mentum
453 3987 562 4058 dicere
581 4003 754 4084 rogatura
771 3993 914 4076 Caesare,
934 4001 1079 4057 cavetur.
