3038 4766
284 351 322 424 96
442 355 473 408 C.
491 354 590 410 tutu
610 353 773 434 cAEStttts
793 353 1153 410 COMMENTARIORUM

183 487 185 494 ’
287 478 463 571 liberisque
480 479 634 550 omnibus
653 477 695 547 ad
718 480 904 575 impuberes
925 475 1125 573 'supplicium
1145 475 1262 561 sumit,
1281 489 1314 543 ct

207 607 208 610 ’
284 596 327 664 ad
343 621 446 667 unum
466 597 630 667 interficit.
646 601 698 667 lta
713 599 832 692 exiguo
852 615 1018 692 tempore,
1033 616 1312 690 magnoquecasu

285 716 386 786 totius
401 718 565 786 exercitus
578 719 665 786 salus
687 719 844 787 constitit.

332 836 406 905 XV.
428 834 581 924 Bibulus,
603 851 639 906 ut
659 861 761 930 supra
779 835 1040 908 demonstratum
1061 850 1126 924 est,
1148 849 1220 904 erat
1238 859 1312 904 cum

284 952 386 1026 classe
404 954 446 1024 ad
461 959 598 1026 Oricum
616 982 624 1025 :
644 972 677 1026 et
694 957 790 1026 sicuti
812 958 895 1028 mari
916 957 1131 1052 portibusque
1152 957 1311 1024 Caesarem

285 1065 500 1170 prohibebat,
519 1078 564 1146 ita
581 1079 650 1171 ipse
665 1081 754 1180 omni
776 1093 863 1148 terra
880 1101 994 1148 earum
1011 1077 1183 1171 regionum
1202 1074 1314 1169 probi-

285 1193 424 1264 bebatur
444 1222 452 1263 :
472 1197 632 1288 praesidiis
648 1199 737 1266 enim
755 1196 940 1292 dispositis,
960 1196 1073 1266 omnia
1088 1194 1186 1264 litora
1203 1219 1223 1263 a
1242 1196 1313 1263 Cre·

246 1297 251 1313 ’
284 1335 357 1382 sare
379 1313 584 1400 tenebantur,
607 1341 712 1410 neque
734 1314 883 1411 lignandi
903 1330 1003 1409 atquc
1026 1315 1188 1410 aquandi,
1206 1337 1313 1406 neque

285 1452 384 1502 naves
406 1431 448 1500 ad
473 1449 594 1505 terram
617 1433 777 1531 religandi
799 1447 942 1530 potestas
964 1433 1072 1504 fiebat.
1099 1438 1179 1504 Erat
1202 1457 1253 1502 res
1277 1435 1313 1501 in

284 1574 404 1646 magna
416 1552 626 1644 difficultate,
645 1557 846 1649 summisque
863 1556 1028 1649 angustiis
1041 1577 1152 1624 rernm
1170 1577 1314 1625 necessa·

284 1674 410 1744 riarum
436 1675 687 1768 premebantur,
711 1675 793 1745 adeo
815 1689 852 1744 ut
878 1687 1091 1769 cogerentur,
1114 1675 1210 1743 sicuti
1236 1672 1312 1744 reli·

285 1805 390 1887 quum
405 1805 644 1879 commeatum,
663 1796 707 1864 ita
726 1793 814 1888 ligna
834 1808 935 1887 atque
953 1817 1071 1886 aquam
1092 1795 1235 1886 Corcyra
1255 1817 1312 1862 na-

286 1911 380 1981 vibus
404 1915 563 1982 onerariis
587 1929 783 2008 supportare
803 1940 811 1981 :
830 1928 930 2008 atque
955 1938 1023 1983 uno
1047 1913 1145 1982 etiam
1165 1927 1312 2006 tempore

284 2029 420 2118 accidit,
435 2046 491 2116 ut,
501 2029 741 2100 difficilioribus
755 2033 805 2100 usi
821 2032 1083 2127 tempestatibus,
1098 2056 1139 2101 ex
1156 2029 1311 2126 pellibus,

283 2148 404 2242 quibus
430 2166 526 2220 erant
545 2166 637 2220 tectae
662 2175 780 2238 naves,
802 2167 1005 2220 nocturnum
1028 2153 1177 2246 excipere
1203 2176 1311 2221 rorem

284 2282 512 2363 cogerentur:
538 2295 619 2364 quas
646 2285 753 2340 tamen
782 2266 992 2340 difficultates
1022 2273 1183 2365 patienter
1212 2287 1312 2366 atque

283 2411 377 2482 aequo
394 2390 505 2458 animo
524 2388 687 2478 ferebant,
706 2413 812 2483 neque
832 2391 893 2459 sibi
913 2391 1068 2460 nudanda
1087 2389 1184 2462 litora
1203 2407 1239 2461 et
1257 2417 1310 2460 re·

283 2506 479 2601 linquendus
506 2525 622 2604 portus
648 2511 891 2580 existimabant.
917 2509 982 2582 Sed
1004 2535 1107 2606 quum
1137 2527 1244 2582 essent
1274 2513 1311 2581 in

282 2627 402 2722 quibus
426 2628 646 2700 demonstravi
673 2631 854 2724 angustiis,
876 2655 915 2700 ac
937 2654 971 2700 se
992 2631 1077 2700 Libo
1094 2655 1170 2701 cum
1190 2628 1310 2700 Bibulo
1348 2675 1353 2686 ·

283 2748 519 2842 conjunxisset,
535 2746 718 2843 loquuntur
730 2748 827 2820 ambo
843 2775 883 2820 ex
899 2751 1038 2821 navibus
1050 2775 1126 2820 cum
1140 2753 1189 2820 M.
1206 2748 1310 2820 tcitio

282 2882 316 2937 et
341 2869 447 2938 Statio
473 2872 608 2956 Murco,
628 2867 758 2965 legatis,
778 2894 920 2962 quorum
945 2868 1027 2938 alter
1049 2867 1163 2964 oppidi
1186 2871 1310 2955 muris,

282 2985 365 3056 alter
384 2987 543 3082 praesidiis
559 2979 767 3068 terrestribus
783 3004 936 3085 praeerat,
952 2987 1035 3058 velle
1051 3014 1085 3058 se
1104 2990 1145 3058 de
1161 2989 1310 3057 maximis

281 3105 379 3175 rebus
393 3131 468 3174 cum
485 3110 613 3176 Caesare
630 3107 737 3201 loqui,
755 3111 782 3177 si
798 3108 860 3176 sibi
875 3109 945 3202 ejus
959 3106 1097 3178 facultas
1112 3108 1218 3178 detur.
1235 3111 1310 3177 Huc

162 3262 166 3271 ·
282 3222 409 3294 addunt
422 3248 528 3318 pauca
542 3227 589 3295 rei
601 3225 959 3313 confirmrmdaecausa,
975 3239 1012 3296 ut
1021 3225 1062 3295 de
1070 3228 1309 3321 compositione

280 3345 387 3414 acturi
407 3344 606 3416 viderentur.
630 3347 767 3416 Interim
789 3345 977 3441 postulant,
999 3361 1037 3416 ut
1061 3349 1127 3416 sint
1150 3346 1308 3435 inducie,

280 3479 379 3560 atque
393 3465 434 3533 ab
451 3465 491 3534 iis
505 3467 703 3559 impetrant:
718 3490 873 3562 magnum
890 3468 997 3554 enim,
1010 3466 1100 3560 quod
1113 3466 1308 3551 afferebant,
1426 3495 1429 3501 ¹

280 3583 463 3673 videbatur,
473 3598 506 3654 et
518 3585 678 3655 Cesarem
693 3585 727 3656 id
740 3609 867 3657 summe
877 3585 1021 3655 sciebant
1031 3610 1167 3680 cupere,
1181 3600 1216 3656 et
1228 3609 1307 3680 pro-

280 3705 402 3774 fectum
419 3703 544 3799 aliquid
560 3703 697 3777 Vibullii
718 3703 881 3774 mandatis
898 3705 1166 3775 existimabatur:

328 3826 417 3896 XVI.
441 3829 560 3914 Caesar,
575 3849 616 3894 eo
634 3839 782 3919 tempore
805 3848 881 3893 cum
908 3823 1035 3918 legione
1054 3851 1120 3895 une
1141 3826 1307 3921 prolectas

279 3942 322 4012 ad
340 3942 542 4037 recipiendas
557 3942 728 4015 ulteriores
744 3944 910 4036 civitates,
922 3959 955 4014 et
972 3969 1041 4015 rem
1058 3945 1311 4058 frumentariam
