3014 4780
490 429 539 484 nn
562 428 682 485 nunno
702 429 908 520 anmcauo.
1153 421 1206 492 ²57

178 561 283 628 versis
298 557 405 649 equis,
421 579 456 622 sc
472 550 687 647 colligebant,
708 567 806 644 atque
833 553 866 620 in
896 551 1003 645 spatio
1027 574 1208 643 conseque·

178 680 320 762 bantur,
338 689 370 743 et
388 671 496 769 jacula
510 671 545 740 ln
560 671 755 765 legionarios
768 669 996 764 conjiciebant.
1013 671 1064 738 Ita
1085 673 1208 756 Caesar,

178 795 279 864 modo
294 791 519 888 procedendo,
531 789 631 860 modo
643 789 843 877 resistendo,
859 789 985 858 tardius
1002 789 1119 858 itinere
1135 813 1210 858 con·

178 913 282 998 secto,
300 913 405 982 noctis
422 911 504 981 hora
521 911 626 1005 prima
639 933 753 979 omnes
770 932 845 977 suos
862 908 904 978 ad
921 931 1023 976 uuum
1039 909 1074 976 in
1094 910 1209 979 eastris

178 1031 378 1118 incolumes,
400 1031 518 1100 sauciis
537 1053 561 1098 x
579 1029 690 1114 factis,
707 1027 846 1098 reduxit
869 1027 1051 1116 Labienus,
1077 1027 1209 1098 circiter

180 1173 243 1222 coc
258 1151 399 1237 amissis,
418 1147 530 1218 multis
548 1135 738 1233 vulnemtis,
758 1171 796 1216 ac
817 1145 950 1216 defessis
969 1144 1123 1216 instando
1143 1169 1211 1214 om·

181 1272 294 1356 nibus,
314 1269 356 1340 ad
374 1293 450 1339 suos
467 1293 502 1338 se
520 1269 651 1362 recepit.
672 1268 781 1360 Scipio
806 1265 939 1334 interim
962 1263 1105 1360 legiones
1129 1289 1208 1359 pro·

181 1389 296 1460 ductas
310 1414 387 1459 cum
406 1386 607 1483 elephantis,
626 1409 708 1481 qnos
728 1402 805 1456 ante
821 1403 930 1458 castra
947 1387 982 1454 in
999 1387 1084 1470 acie,
1103 1399 1209 1455 terro·

181 1511 227 1578 ris
244 1510 364 1604 gratia,
383 1510 419 1577 iu
435 1523 611 1602 conspectu
629 1508 764 1578 Caesaris
782 1505 1014 1593 collocaverat,
1032 1505 1159 1576 reducit
1174 1507 1208 1574 in

183 1643 301 1698 castra.

230 1751 350 1818 Lxxt.
371 1751 479 1819 Cesar
502 1761 617 1818 contra
648 1747 808 1841 ejusmodi
839 1747 981 1818 hostium
1011 1769 1130 1841 genera
1156 1771 1210 1816 co·

182 1869 254 1962 pias
274 1891 365 1948 suas,
386 1892 452 1937 non
470 1882 506 1937 ut
530 1869 707 1960 imperator
730 1869 909 1936 exercitum
928 1881 1120 1935 veteranum
1146 1866 1212 1934 vic·

183 2003 354 2080 tenentque
374 1989 523 2056 maximis
546 1990 642 2084 rebus¹
665 1989 782 2082 gestis,
802 1987 859 2056 sed
883 2002 922 2056 ut
946 1985 1062 2056 lanista
1087 1987 1209 2054 tirones

164 2105 376 2200 'gladiatores
396 2107 673 2178 condocelaccre:
706 2128 772 2200 quo
796 2105 878 2201 pede
899 2130 933 2176 se
961 2105 1144 2199 reciperent
1167 2103 1210 2173 ab

183 2225 294 2310 horte,
309 2241 339 2294 et
357 2225 635 2319 quemadmodum
648 2226 776 2296 obversi
792 2226 1001 2312 adversariis,
1016 2227 1097 2316 etin
1110 2247 1210 2318 quan·

182 2343 252 2413 tuln
273 2347 377 2439 spatio
395 2347 599 2428 resisterent;
627 2346 725 2416 modo
744 2359 988 2438 procurrerent,
1006 2344 1104 2414 modo
1121 2367 1210 2413 rece-

182 2461 311 2552 derent,
325 2467 666 2558 comminarenturque
677 2468 850 2556 impetum3
867 2489 905 2533 ac
917 2489 1036 2559 prope,
1052 2489 1120 2558 quo
1138 2463 1211 2534 loco

181 2597 214 2651 et
224 2583 500 2676 quemadmodum
515 2583 577 2652 tela
593 2586 776 2669 mitterent,
793 2584 948 2675 praecipit.
964 2583 1106 2652 Mirilice
1122 2583 1211 2651 enim

182 2701 325 2771 hostium
339 2701 417 2771 levis
429 2715 595 2770 armatura
605 2701 739 2771 anxium
752 2704 927 2770 exercitum
945 2715 1091 2770 nostrum
1113 2714 1211 2793 atque
1226 2701 1232 2720 ⁶

183 2819 358 2888 sollicitum
374 2820 515 2894 habebat
533 2843 542 2886 ε
561 2821 638 2914 quia
656 2833 688 2888 et
706 2821 830 2913 equites
849 2820 1033 2890 deterrebat
1059 2819 1211 2914 proellum

186 2939 268 3007 inire
279 2953 416 3033 propter
423 2963 583 3032 equorum
601 2940 788 3028 interitum,
803 2940 894 3033 quod
910 2965 966 3009 ens
981 2938 1098 3033 jaculis
1115 2943 1211 3012 iuter·

186 3055 355 3145 liciebant;
379 3071 412 3126 et
433 3057 650 3153 legionarium
669 3057 805 3128 militem
831 3059 1053 3154 defatigabant
1077 3075 1211 3154 propter

188 3171 419 3246 velocitatem:
442 3180 549 3272 gravis
572 3181 660 3247 enim
686 3195 859 3249 annaturae
879 3178 971 3248 miles
996 3178 1216 3273 simulatque

188 3297 228 3367 ab
247 3299 297 3368 his
314 3300 489 3368 insectatus
513 3301 721 3386 constiterat,
742 3301 775 3367 in
799 3323 919 3392 cosque
945 3302 1102 3395 impeturn
1128 3300 1213 3369 sece-

189 3432 258 3504 rat,
279 3415 326 3486 illi
349 3417 452 3490 veloci
470 3403 568 3489 cursu
586 3417 678 3488 facile
695 3415 879 3513 periculum
895 3419 1052 3488 vitabant.

235 3539 373 3608 LXXII.
400 3538 531 3627 Quibus
548 3563 589 3608 ex
605 3537 704 3606 rebus
720 3541 830 3608 Caesar
842 3537 1054 3607 vehementer
1066 3561 1213 3610 commo·

189 3657 345 3746 vcbntur3
361 3660 460 3751 quia,
477 3658 697 3752 quodcunque
715 3657 867 3751 proelium
882 3659 1010 3751 quoties
1031 3673 1101 3727 erat
1125 3683 1213 3728 com·

190 3778 343 3864 missum,
371 3777 517 3870 equitatu
545 3801 605 3846 suo
635 3779 706 3846 sinc
734 3776 914 3870 legionario
938 3775 1043 3848 milite
1068 3777 1214 3848 hostium

191 3896 348 3986 equitatui
367 3895 499 3990 levique
516 3911 688 3968 armaturae
705 3921 819 3970 eorum
839 3897 931 3968 nullo
951 3897 1049 3969 modo
1067 3921 1127 3992 pur
1144 3923 1214 3969 esse

183 4026 328 4107 poterat.
347 4012 590 4086 Solliciubatur
606 4031 715 4088 autem
736 4019 786 4088 his
811 4019 928 4106 rebus,
954 4018 1044 4113 quod
1065 4017 1214 4088 nondum

334 4157 371 4201 ιι.
1030 4165 1071 4237 ¹7
