<?xml version="1.0" encoding="UTF-8"?>
<!DOCTYPE html PUBLIC "-//W3C//DTD XHTML 1.0 Transitional//EN"
    "http://www.w3.org/TR/xhtml1/DTD/xhtml1-transitional.dtd">
<html xmlns="http://www.w3.org/1999/xhtml" xml:lang="en" lang="en">
 <head>
  <title>
</title>
<meta http-equiv="Content-Type" content="text/html;charset=utf-8" />
  <meta name='ocr-system' content='tesseract 3.04.00' />
  <meta name='ocr-capabilities' content='ocr_page ocr_carea ocr_par ocr_line ocrx_word'/>
</head>
<body>
  <div class='ocr_page' id='page_1' title='image "./cjcaesarisopera00caesgoog_0066.png"; bbox 0 0 3048 4770; ppageno 0'>
   <div class='ocr_carea' id='block_1_1' title="bbox 317 435 1203 503">
    <p class='ocr_par' dir='ltr' id='par_1_1' title="bbox 317 435 1203 503">
     <span class='ocr_line' id='line_1_1' title="bbox 317 435 1203 503; baseline 0.006 -14"><span class='ocrx_word' id='word_1_1' title='bbox 317 443 353 503; x_wconf 64' lang='lat' dir='ltr'><strong>at</strong></span> <span class='ocrx_word' id='word_1_2' title='bbox 477 435 507 489; x_wconf 89' lang='lat' dir='ltr'><strong>C.</strong></span> <span class='ocrx_word' id='word_1_3' title='bbox 531 435 626 490; x_wconf 86' lang='lat' dir='ltr'>JULII</span> <span class='ocrx_word' id='word_1_4' title='bbox 649 435 811 491; x_wconf 78' lang='lat' dir='ltr'>CAESARIS</span> <span class='ocrx_word' id='word_1_5' title='bbox 834 435 1203 494; x_wconf 78' lang='lat' dir='ltr'>COMMENTARIORUM</span> 
     </span>
    </p>
   </div>
   <div class='ocr_carea' id='block_1_2' title="bbox 318 557 1365 2447">
    <p class='ocr_par' dir='ltr' id='par_1_2' title="bbox 318 557 1363 1702">
     <span class='ocr_line' id='line_1_2' title="bbox 318 557 1357 653; baseline 0.001 -24"><span class='ocrx_word' id='word_1_6' title='bbox 318 577 461 653; x_wconf 88' lang='lat' dir='ltr'><strong>utroque</strong></span> <span class='ocrx_word' id='word_1_7' title='bbox 483 558 584 627; x_wconf 89' lang='lat' dir='ltr'><strong>latere</strong></span> <span class='ocrx_word' id='word_1_8' title='bbox 604 560 674 652; x_wconf 90' lang='lat' dir='ltr'><strong>ejus</strong></span> <span class='ocrx_word' id='word_1_9' title='bbox 700 557 794 627; x_wconf 89' lang='lat' dir='ltr'><strong>collis</strong></span> <span class='ocrx_word' id='word_1_10' title='bbox 825 574 1046 630; x_wconf 87' lang='lat' dir='ltr'><strong>transversam</strong></span> <span class='ocrx_word' id='word_1_11' title='bbox 1075 561 1197 630; x_wconf 87' lang='lat' dir='ltr'><strong>fossam</strong></span> <span class='ocrx_word' id='word_1_12' title='bbox 1224 561 1357 630; x_wconf 89' lang='lat' dir='ltr'><strong>obduxit</strong></span> 
     </span>
     <span class='ocr_line' id='line_1_3' title="bbox 318 678 1362 773; baseline 0.003 -25"><span class='ocrx_word' id='word_1_13' title='bbox 318 681 451 748; x_wconf 84' lang='lat' dir='ltr'><strong>circiter</strong></span> <span class='ocrx_word' id='word_1_14' title='bbox 462 703 620 773; x_wconf 84' lang='lat' dir='ltr'><strong>passuum</strong></span> <span class='ocrx_word' id='word_1_15' title='bbox 631 704 688 766; x_wconf 89' lang='lat' dir='ltr'><strong>cc,</strong></span> <span class='ocrx_word' id='word_1_16' title='bbox 701 694 734 748; x_wconf 90' lang='lat' dir='ltr'><strong>et</strong></span> <span class='ocrx_word' id='word_1_17' title='bbox 750 679 790 748; x_wconf 95' lang='lat' dir='ltr'><strong>ad</strong></span> <span class='ocrx_word' id='word_1_18' title='bbox 804 695 972 748; x_wconf 88' lang='lat' dir='ltr'><strong>extremas</strong></span> <span class='ocrx_word' id='word_1_19' title='bbox 981 678 1083 749; x_wconf 80' lang='lat' dir='ltr'><strong>fossas</strong></span> <span class='ocrx_word' id='word_1_20' title='bbox 1096 680 1231 751; x_wconf 91' lang='lat' dir='ltr'><strong>castella</strong></span> <span class='ocrx_word' id='word_1_21' title='bbox 1244 685 1362 751; x_wconf 89' lang='lat' dir='ltr'><strong>consti·</strong></span> 
     </span>
     <span class='ocr_line' id='line_1_4' title="bbox 318 797 1361 894; baseline 0.002 -28"><span class='ocrx_word' id='word_1_22' title='bbox 318 802 397 885; x_wconf 92' lang='lat' dir='ltr'><strong>tuit,</strong></span> <span class='ocrx_word' id='word_1_23' title='bbox 423 799 534 892; x_wconf 88' lang='lat' dir='ltr'>ibique</span> <span class='ocrx_word' id='word_1_24' title='bbox 560 813 726 868; x_wconf 90' lang='lat' dir='ltr'><strong>tormenta</strong></span> <span class='ocrx_word' id='word_1_25' title='bbox 750 797 944 886; x_wconf 89' lang='lat' dir='ltr'><strong>collocavit,</strong></span> <span class='ocrx_word' id='word_1_26' title='bbox 970 825 1027 886; x_wconf 89' lang='lat' dir='ltr'><strong>ne,</strong></span> <span class='ocrx_word' id='word_1_27' title='bbox 1051 826 1157 894; x_wconf 93' lang='lat' dir='ltr'><strong>quum</strong></span> <span class='ocrx_word' id='word_1_28' title='bbox 1182 802 1285 870; x_wconf 87' lang='lat' dir='ltr'><strong>aciem</strong></span> <span class='ocrx_word' id='word_1_29' title='bbox 1311 804 1361 869; x_wconf 90' lang='lat' dir='ltr'><strong>in-</strong></span> 
     </span>
     <span class='ocr_line' id='line_1_5' title="bbox 318 917 1361 1015; baseline 0.002 -29"><span class='ocrx_word' id='word_1_30' title='bbox 318 919 505 1000; x_wconf 81' lang='lat' dir='ltr'><strong>struxisset,</strong></span> <span class='ocrx_word' id='word_1_31' title='bbox 526 917 650 1003; x_wconf 89' lang='lat' dir='ltr'><strong>hostes,</strong></span> <span class='ocrx_word' id='word_1_32' title='bbox 679 918 770 1011; x_wconf 89' lang='lat' dir='ltr'><strong>quod</strong></span> <span class='ocrx_word' id='word_1_33' title='bbox 797 933 925 987; x_wconf 85' lang='lat' dir='ltr'><strong>tantum</strong></span> <span class='ocrx_word' id='word_1_34' title='bbox 952 919 1165 990; x_wconf 89' lang='lat' dir='ltr'><strong>multitudine</strong></span> <span class='ocrx_word' id='word_1_35' title='bbox 1193 935 1361 1015; x_wconf 89' lang='lat' dir='ltr'><strong>poterant,</strong></span> 
     </span>
     <span class='ocr_line' id='line_1_6' title="bbox 319 1036 1363 1133; baseline 0.003 -28"><span class='ocrx_word' id='word_1_36' title='bbox 319 1037 361 1105; x_wconf 84' lang='lat' dir='ltr'><strong>ab</strong></span> <span class='ocrx_word' id='word_1_37' title='bbox 380 1036 539 1105; x_wconf 90' lang='lat' dir='ltr'><strong>lateribus</strong></span> <span class='ocrx_word' id='word_1_38' title='bbox 563 1052 748 1130; x_wconf 85' lang='lat' dir='ltr'><strong>pugnantes</strong></span> <span class='ocrx_word' id='word_1_39' title='bbox 768 1063 844 1107; x_wconf 88' lang='lat' dir='ltr'><strong>suos</strong></span> <span class='ocrx_word' id='word_1_40' title='bbox 866 1039 1107 1108; x_wconf 89' lang='lat' dir='ltr'><strong>circumvenire</strong></span> <span class='ocrx_word' id='word_1_41' title='bbox 1128 1055 1271 1133; x_wconf 88' lang='lat' dir='ltr'><strong>possent.</strong></span> <span class='ocrx_word' id='word_1_42' title='bbox 1292 1045 1363 1108; x_wconf 89' lang='lat' dir='ltr'><strong>Hoc</strong></span> 
     </span>
     <span class='ocr_line' id='line_1_7' title="bbox 319 1153 1358 1253; baseline 0.003 -29"><span class='ocrx_word' id='word_1_43' title='bbox 319 1156 421 1243; x_wconf 90' lang='lat' dir='ltr'><strong>facto,</strong></span> <span class='ocrx_word' id='word_1_44' title='bbox 447 1156 575 1225; x_wconf 90' lang='lat' dir='ltr'><strong>duabus</strong></span> <span class='ocrx_word' id='word_1_45' title='bbox 597 1153 803 1251; x_wconf 85' lang='lat' dir='ltr'><strong>legionibus,</strong></span> <span class='ocrx_word' id='word_1_46' title='bbox 828 1183 909 1252; x_wconf 88' lang='lat' dir='ltr'><strong>quas</strong></span> <span class='ocrx_word' id='word_1_47' title='bbox 930 1160 1080 1250; x_wconf 79' lang='lat' dir='ltr'><strong>proxime</strong></span> <span class='ocrx_word' id='word_1_48' title='bbox 1104 1161 1358 1253; x_wconf 84' lang='lat' dir='ltr'><strong>conscripserat,</strong></span> 
     </span>
     <span class='ocr_line' id='line_1_8' title="bbox 319 1265 1362 1370; baseline 0.001 -27"><span class='ocrx_word' id='word_1_49' title='bbox 319 1275 484 1344; x_wconf 87' lang='lat' dir='ltr'><strong>incastris</strong></span> <span class='ocrx_word' id='word_1_50' title='bbox 508 1275 647 1363; x_wconf 91' lang='lat' dir='ltr'><strong>relictis,</strong></span> <span class='ocrx_word' id='word_1_51' title='bbox 671 1291 723 1362; x_wconf 91' lang='lat' dir='ltr'><strong>ut,</strong></span> <span class='ocrx_word' id='word_1_52' title='bbox 744 1278 771 1345; x_wconf 93' lang='lat' dir='ltr'><strong>si</strong></span> <span class='ocrx_word' id='word_1_53' title='bbox 789 1301 855 1370; x_wconf 89' lang='lat' dir='ltr'><strong>qua</strong></span> <span class='ocrx_word' id='word_1_54' title='bbox 878 1301 962 1370; x_wconf 91' lang='lat' dir='ltr'><strong>opus</strong></span> <span class='ocrx_word' id='word_1_55' title='bbox 989 1291 1088 1365; x_wconf 89' lang='lat' dir='ltr'><strong>essct,</strong></span> <span class='ocrx_word' id='word_1_56' title='bbox 1108 1278 1256 1346; x_wconf 91' lang='lat' dir='ltr'><strong>subsidio</strong></span> <span class='ocrx_word' id='word_1_57' title='bbox 1285 1265 1362 1345; x_wconf 80' lang='lat' dir='ltr'><strong>duci</strong></span> 
     </span>
     <span class='ocr_line' id='line_1_9' title="bbox 319 1394 1362 1491; baseline -0.002 -27"><span class='ocrx_word' id='word_1_58' title='bbox 319 1409 453 1488; x_wconf 86' lang='lat' dir='ltr'><strong>possent</strong></span> <span class='ocrx_word' id='word_1_59' title='bbox 471 1447 483 1484; x_wconf 92' lang='lat'><strong>,</strong></span> <span class='ocrx_word' id='word_1_60' title='bbox 500 1394 645 1488; x_wconf 86' lang='lat' dir='ltr'><strong>reliquas</strong></span> <span class='ocrx_word' id='word_1_61' title='bbox 672 1420 728 1464; x_wconf 85' lang='lat' dir='ltr'><strong>sex</strong></span> <span class='ocrx_word' id='word_1_62' title='bbox 754 1394 899 1491; x_wconf 84' lang='lat' dir='ltr'><strong>legiones</strong></span> <span class='ocrx_word' id='word_1_63' title='bbox 919 1420 981 1488; x_wconf 93' lang='lat' dir='ltr'><strong>pro</strong></span> <span class='ocrx_word' id='word_1_64' title='bbox 1005 1396 1120 1464; x_wconf 91' lang='lat' dir='ltr'><strong>castris</strong></span> <span class='ocrx_word' id='word_1_65' title='bbox 1135 1397 1170 1464; x_wconf 93' lang='lat' dir='ltr'><strong>in</strong></span> <span class='ocrx_word' id='word_1_66' title='bbox 1191 1399 1262 1465; x_wconf 89' lang='lat' dir='ltr'><strong>acie</strong></span> <span class='ocrx_word' id='word_1_67' title='bbox 1282 1421 1362 1464; x_wconf 92' lang='lat' dir='ltr'><strong>con-</strong></span> 
     </span>
     <span class='ocr_line' id='line_1_10' title="bbox 320 1515 1363 1608; baseline -0.001 -26"><span class='ocrx_word' id='word_1_68' title='bbox 320 1515 438 1583; x_wconf 86' lang='lat' dir='ltr'><strong>stituit.</strong></span> <span class='ocrx_word' id='word_1_69' title='bbox 463 1519 582 1584; x_wconf 86' lang='lat' dir='ltr'><strong>Hostes</strong></span> <span class='ocrx_word' id='word_1_70' title='bbox 609 1515 689 1583; x_wconf 91' lang='lat' dir='ltr'><strong>item</strong></span> <span class='ocrx_word' id='word_1_71' title='bbox 718 1540 793 1584; x_wconf 91' lang='lat' dir='ltr'><strong>suas</strong></span> <span class='ocrx_word' id='word_1_72' title='bbox 819 1517 931 1608; x_wconf 86' lang='lat' dir='ltr'><strong>copias</strong></span> <span class='ocrx_word' id='word_1_73' title='bbox 957 1540 997 1584; x_wconf 90' lang='lat' dir='ltr'><strong>ex</strong></span> <span class='ocrx_word' id='word_1_74' title='bbox 1021 1519 1135 1585; x_wconf 87' lang='lat' dir='ltr'><strong>castris</strong></span> <span class='ocrx_word' id='word_1_75' title='bbox 1160 1517 1294 1585; x_wconf 90' lang='lat' dir='ltr'><strong>eductas</strong></span> <span class='ocrx_word' id='word_1_76' title='bbox 1316 1516 1363 1582; x_wconf 89' lang='lat' dir='ltr'><strong>in-</strong></span> 
     </span>
     <span class='ocr_line' id='line_1_11' title="bbox 320 1648 520 1702; baseline 0 0"><span class='ocrx_word' id='word_1_77' title='bbox 320 1648 520 1702; x_wconf 83' lang='lat' dir='ltr'><strong>struxerant.</strong></span> 
     </span>
    </p>

    <p class='ocr_par' dir='ltr' id='par_1_3' title="bbox 322 1753 1365 2447">
     <span class='ocr_line' id='line_1_12' title="bbox 369 1753 1362 1851; baseline 0.004 -29"><span class='ocrx_word' id='word_1_78' title='bbox 369 1757 427 1822; x_wconf 87' lang='lat' dir='ltr'><strong>IX.</strong></span> <span class='ocrx_word' id='word_1_79' title='bbox 451 1753 548 1824; x_wconf 88' lang='lat' dir='ltr'><strong>Palus</strong></span> <span class='ocrx_word' id='word_1_80' title='bbox 569 1773 640 1825; x_wconf 84' lang='lat' dir='ltr'><strong>erat</strong></span> <span class='ocrx_word' id='word_1_81' title='bbox 656 1782 724 1826; x_wconf 85' lang='lat' dir='ltr'><strong>non</strong></span> <span class='ocrx_word' id='word_1_82' title='bbox 748 1781 868 1851; x_wconf 90' lang='lat' dir='ltr'><strong>magna</strong></span> <span class='ocrx_word' id='word_1_83' title='bbox 887 1756 975 1825; x_wconf 91' lang='lat' dir='ltr'><strong>inter</strong></span> <span class='ocrx_word' id='word_1_84' title='bbox 994 1772 1145 1826; x_wconf 88' lang='lat' dir='ltr'><strong>nostrum</strong></span> <span class='ocrx_word' id='word_1_85' title='bbox 1166 1773 1266 1851; x_wconf 89' lang='lat' dir='ltr'><strong>atque</strong></span> <span class='ocrx_word' id='word_1_86' title='bbox 1285 1758 1362 1826; x_wconf 91' lang='lat' dir='ltr'><strong>hos·</strong></span> 
     </span>
     <span class='ocr_line' id='line_1_13' title="bbox 323 1877 1365 1970; baseline 0.003 -28"><span class='ocrx_word' id='word_1_87' title='bbox 323 1877 405 1942; x_wconf 91' lang='lat' dir='ltr'><strong>tium</strong></span> <span class='ocrx_word' id='word_1_88' title='bbox 420 1877 609 1944; x_wconf 91' lang='lat' dir='ltr'><strong>exercitum.</strong></span> <span class='ocrx_word' id='word_1_89' title='bbox 629 1880 724 1944; x_wconf 88' lang='lat' dir='ltr'><strong>Hanc</strong></span> <span class='ocrx_word' id='word_1_90' title='bbox 740 1879 767 1945; x_wconf 91' lang='lat' dir='ltr'><strong>si</strong></span> <span class='ocrx_word' id='word_1_91' title='bbox 782 1879 886 1946; x_wconf 84' lang='lat' dir='ltr'><strong>nostri</strong></span> <span class='ocrx_word' id='word_1_92' title='bbox 904 1879 1097 1962; x_wconf 84' lang='lat' dir='ltr'><strong>transirent,</strong></span> <span class='ocrx_word' id='word_1_93' title='bbox 1110 1877 1222 1946; x_wconf 88' lang='lat' dir='ltr'><strong>hostes</strong></span> <span class='ocrx_word' id='word_1_94' title='bbox 1236 1901 1365 1970; x_wconf 82' lang='lat' dir='ltr'><strong>exspec-</strong></span> 
     </span>
     <span class='ocr_line' id='line_1_14' title="bbox 323 1994 1364 2083; baseline 0.002 -21"><span class='ocrx_word' id='word_1_95' title='bbox 323 1995 461 2063; x_wconf 83' lang='lat' dir='ltr'><strong>tabant:</strong></span> <span class='ocrx_word' id='word_1_96' title='bbox 482 1998 586 2063; x_wconf 88' lang='lat' dir='ltr'><strong>nostri</strong></span> <span class='ocrx_word' id='word_1_97' title='bbox 606 2010 731 2083; x_wconf 88' lang='lat' dir='ltr'><strong>autem,</strong></span> <span class='ocrx_word' id='word_1_98' title='bbox 754 1999 781 2064; x_wconf 92' lang='lat' dir='ltr'><strong>si</strong></span> <span class='ocrx_word' id='word_1_99' title='bbox 800 1996 842 2064; x_wconf 91' lang='lat' dir='ltr'><strong>ab</strong></span> <span class='ocrx_word' id='word_1_100' title='bbox 861 1994 926 2064; x_wconf 93' lang='lat' dir='ltr'><strong>illis</strong></span> <span class='ocrx_word' id='word_1_101' title='bbox 946 1998 1079 2064; x_wconf 92' lang='lat' dir='ltr'><strong>initium</strong></span> <span class='ocrx_word' id='word_1_102' title='bbox 1100 1996 1292 2065; x_wconf 83' lang='lat' dir='ltr'><strong>transeundi</strong></span> <span class='ocrx_word' id='word_1_103' title='bbox 1310 1996 1364 2064; x_wconf 87' lang='lat' dir='ltr'><strong>fie-</strong></span> 
     </span>
     <span class='ocr_line' id='line_1_15' title="bbox 322 2111 1362 2210; baseline 0.001 -29"><span class='ocrx_word' id='word_1_104' title='bbox 322 2129 392 2203; x_wconf 90' lang='lat' dir='ltr'><strong>ret,</strong></span> <span class='ocrx_word' id='word_1_105' title='bbox 413 2130 451 2183; x_wconf 92' lang='lat' dir='ltr'><strong>ut</strong></span> <span class='ocrx_word' id='word_1_106' title='bbox 469 2114 645 2209; x_wconf 86' lang='lat' dir='ltr'><strong>impeditos</strong></span> <span class='ocrx_word' id='word_1_107' title='bbox 665 2115 937 2210; x_wconf 90' lang='lat' dir='ltr'><strong>aggrederentur,</strong></span> <span class='ocrx_word' id='word_1_108' title='bbox 959 2111 1118 2208; x_wconf 58' lang='lat' dir='ltr'><strong>parati&#39;in</strong></span> <span class='ocrx_word' id='word_1_109' title='bbox 1138 2118 1238 2184; x_wconf 89' lang='lat' dir='ltr'><strong>armis</strong></span> <span class='ocrx_word' id='word_1_110' title='bbox 1258 2131 1362 2184; x_wconf 90' lang='lat' dir='ltr'><strong>erant.</strong></span> 
     </span>
     <span class='ocr_line' id='line_1_16' title="bbox 322 2232 1364 2329; baseline 0.003 -27"><span class='ocrx_word' id='word_1_111' title='bbox 322 2235 460 2303; x_wconf 88' lang='lat' dir='ltr'><strong>Interim</strong></span> <span class='ocrx_word' id='word_1_112' title='bbox 477 2232 595 2329; x_wconf 83' lang='lat' dir='ltr'><strong>proelio</strong></span> <span class='ocrx_word' id='word_1_113' title='bbox 613 2236 755 2329; x_wconf 91' lang='lat' dir='ltr'><strong>equestri</strong></span> <span class='ocrx_word' id='word_1_114' title='bbox 777 2235 863 2303; x_wconf 88' lang='lat' dir='ltr'><strong>inter</strong></span> <span class='ocrx_word' id='word_1_115' title='bbox 879 2235 961 2302; x_wconf 90' lang='lat' dir='ltr'><strong>duas</strong></span> <span class='ocrx_word' id='word_1_116' title='bbox 978 2236 1063 2302; x_wconf 90' lang='lat' dir='ltr'><strong>acies</strong></span> <span class='ocrx_word' id='word_1_117' title='bbox 1087 2233 1364 2304; x_wconf 85' lang='lat' dir='ltr'><strong>contendebatur.</strong></span> 
     </span>
     <span class='ocr_line' id='line_1_17' title="bbox 323 2351 1363 2447; baseline -0.001 -25"><span class='ocrx_word' id='word_1_118' title='bbox 323 2351 389 2422; x_wconf 88' lang='lat' dir='ltr'><strong>Ubi</strong></span> <span class='ocrx_word' id='word_1_119' title='bbox 399 2356 509 2422; x_wconf 90' lang='lat' dir='ltr'><strong>neutri</strong></span> <span class='ocrx_word' id='word_1_120' title='bbox 520 2354 711 2423; x_wconf 90' lang='lat' dir='ltr'><strong>transeundi</strong></span> <span class='ocrx_word' id='word_1_121' title='bbox 721 2355 851 2423; x_wconf 90' lang='lat' dir='ltr'><strong>initium</strong></span> <span class='ocrx_word' id='word_1_122' title='bbox 860 2354 1363 2447; x_wconf 88' lang='lat' dir='ltr'><strong>saciunt,seeundi0rcequitum</strong></span> 
     </span>
    </p>
   </div>
   <div class='ocr_carea' id='block_1_3' title="bbox 323 2471 1367 2929">
    <p class='ocr_par' dir='ltr' id='par_1_4' title="bbox 323 2471 1367 2929">
     <span class='ocr_line' id='line_1_18' title="bbox 323 2471 1365 2568; baseline 0.003 -28"><span class='ocrx_word' id='word_1_123' title='bbox 323 2471 440 2566; x_wconf 88' lang='lat' dir='ltr'><strong>proelio</strong></span> <span class='ocrx_word' id='word_1_124' title='bbox 456 2475 594 2560; x_wconf 90' lang='lat' dir='ltr'><strong>nostris,</strong></span> <span class='ocrx_word' id='word_1_125' title='bbox 610 2477 720 2544; x_wconf 87' lang='lat' dir='ltr'><strong>Caesar</strong></span> <span class='ocrx_word' id='word_1_126' title='bbox 733 2499 809 2542; x_wconf 92' lang='lat' dir='ltr'><strong>suos</strong></span> <span class='ocrx_word' id='word_1_127' title='bbox 822 2477 856 2541; x_wconf 95' lang='lat' dir='ltr'><strong>in</strong></span> <span class='ocrx_word' id='word_1_128' title='bbox 870 2489 976 2542; x_wconf 89' lang='lat' dir='ltr'><strong>castra</strong></span> <span class='ocrx_word' id='word_1_129' title='bbox 992 2473 1133 2544; x_wconf 88' lang='lat' dir='ltr'><strong>reduxit.</strong></span> <span class='ocrx_word' id='word_1_130' title='bbox 1148 2479 1269 2543; x_wconf 88' lang='lat' dir='ltr'><strong>Hostes</strong></span> <span class='ocrx_word' id='word_1_131' title='bbox 1289 2499 1365 2568; x_wconf 89' lang='lat' dir='ltr'><strong>pro·</strong></span> 
     </span>
     <span class='ocr_line' id='line_1_19' title="bbox 324 2592 1365 2688; baseline 0 -26"><span class='ocrx_word' id='word_1_132' title='bbox 324 2595 413 2662; x_wconf 91' lang='lat' dir='ltr'><strong>tinus</strong></span> <span class='ocrx_word' id='word_1_133' title='bbox 430 2619 471 2662; x_wconf 92' lang='lat' dir='ltr'><strong>ex</strong></span> <span class='ocrx_word' id='word_1_134' title='bbox 487 2619 527 2663; x_wconf 86' lang='lat' dir='ltr'><strong>eo</strong></span> <span class='ocrx_word' id='word_1_135' title='bbox 545 2594 617 2663; x_wconf 90' lang='lat' dir='ltr'><strong>loeo</strong></span> <span class='ocrx_word' id='word_1_136' title='bbox 635 2592 677 2662; x_wconf 91' lang='lat' dir='ltr'><strong>ad</strong></span> <span class='ocrx_word' id='word_1_137' title='bbox 691 2595 814 2662; x_wconf 89' lang='lat' dir='ltr'><strong>flumen</strong></span> <span class='ocrx_word' id='word_1_138' title='bbox 833 2599 982 2664; x_wconf 77' lang='lat' dir='ltr'><strong>Axonam</strong></span> <span class='ocrx_word' id='word_1_139' title='bbox 997 2593 1255 2681; x_wconf 88' lang='lat' dir='ltr'><strong>contenderunt,</strong></span> <span class='ocrx_word' id='word_1_140' title='bbox 1274 2594 1365 2688; x_wconf 90' lang='lat' dir='ltr'><strong>quod</strong></span> 
     </span>
     <span class='ocr_line' id='line_1_20' title="bbox 323 2713 1366 2808; baseline 0 -25"><span class='ocrx_word' id='word_1_141' title='bbox 323 2739 393 2786; x_wconf 91' lang='lat' dir='ltr'><strong>esse</strong></span> <span class='ocrx_word' id='word_1_142' title='bbox 415 2729 489 2808; x_wconf 93' lang='lat' dir='ltr'><strong>post</strong></span> <span class='ocrx_word' id='word_1_143' title='bbox 510 2730 622 2783; x_wconf 90' lang='lat' dir='ltr'><strong>nostra</strong></span> <span class='ocrx_word' id='word_1_144' title='bbox 645 2728 751 2783; x_wconf 90' lang='lat' dir='ltr'><strong>castra</strong></span> <span class='ocrx_word' id='word_1_145' title='bbox 773 2713 1034 2783; x_wconf 88' lang='lat' dir='ltr'><strong>demonstratum</strong></span> <span class='ocrx_word' id='word_1_146' title='bbox 1057 2729 1116 2784; x_wconf 87' lang='lat' dir='ltr'><strong>est.</strong></span> <span class='ocrx_word' id='word_1_147' title='bbox 1132 2716 1185 2784; x_wconf 92' lang='lat' dir='ltr'><strong>Ibi</strong></span> <span class='ocrx_word' id='word_1_148' title='bbox 1204 2715 1298 2784; x_wconf 90' lang='lat' dir='ltr'><strong>vadis</strong></span> <span class='ocrx_word' id='word_1_149' title='bbox 1314 2740 1366 2783; x_wconf 91' lang='lat' dir='ltr'><strong>re-</strong></span> 
     </span>
     <span class='ocr_line' id='line_1_21' title="bbox 324 2834 1367 2929; baseline -0.001 -26"><span class='ocrx_word' id='word_1_150' title='bbox 324 2837 442 2926; x_wconf 90' lang='lat' dir='ltr'><strong>pertis,</strong></span> <span class='ocrx_word' id='word_1_151' title='bbox 456 2850 585 2929; x_wconf 90' lang='lat' dir='ltr'><strong>partem</strong></span> <span class='ocrx_word' id='word_1_152' title='bbox 597 2859 731 2903; x_wconf 89' lang='lat' dir='ltr'><strong>suarum</strong></span> <span class='ocrx_word' id='word_1_153' title='bbox 744 2835 915 2926; x_wconf 83' lang='lat' dir='ltr'><strong>copiarum</strong></span> <span class='ocrx_word' id='word_1_154' title='bbox 926 2834 1140 2904; x_wconf 77' lang='lat' dir='ltr'><strong>transducere</strong></span> <span class='ocrx_word' id='word_1_155' title='bbox 1150 2835 1261 2902; x_wconf 87' lang='lat' dir='ltr'><strong>eonati</strong></span> <span class='ocrx_word' id='word_1_156' title='bbox 1273 2849 1367 2922; x_wconf 88' lang='lat' dir='ltr'><strong>suut,</strong></span> 
     </span>
    </p>
   </div>
   <div class='ocr_carea' id='block_1_4' title="bbox 324 2953 1372 4135">
    <p class='ocr_par' dir='ltr' id='par_1_5' title="bbox 324 2953 1368 3535">
     <span class='ocr_line' id='line_1_22' title="bbox 324 2953 1368 3049; baseline -0.001 -27"><span class='ocrx_word' id='word_1_157' title='bbox 324 2979 364 3022; x_wconf 89' lang='lat' dir='ltr'><strong>eo</strong></span> <span class='ocrx_word' id='word_1_158' title='bbox 381 2955 537 3043; x_wconf 91' lang='lat' dir='ltr'><strong>consilio,</strong></span> <span class='ocrx_word' id='word_1_159' title='bbox 550 2970 603 3042; x_wconf 89' lang='lat' dir='ltr'><strong>ut,</strong></span> <span class='ocrx_word' id='word_1_160' title='bbox 618 2956 645 3022; x_wconf 93' lang='lat' dir='ltr'><strong>si</strong></span> <span class='ocrx_word' id='word_1_161' title='bbox 662 2967 813 3047; x_wconf 86' lang='lat' dir='ltr'><strong>possent,</strong></span> <span class='ocrx_word' id='word_1_162' title='bbox 830 2953 1020 3040; x_wconf 88' lang='lat' dir='ltr'><strong>castellum,</strong></span> <span class='ocrx_word' id='word_1_163' title='bbox 1036 2956 1090 3024; x_wconf 92' lang='lat' dir='ltr'><strong>cui</strong></span> <span class='ocrx_word' id='word_1_164' title='bbox 1105 2970 1244 3049; x_wconf 77' lang='lat' dir='ltr'><strong>praeerat</strong></span> <span class='ocrx_word' id='word_1_165' title='bbox 1258 2957 1303 3044; x_wconf 89' lang='lat' dir='ltr'><strong>Q</strong></span> <span class='ocrx_word' id='word_1_166' title='bbox 1314 2957 1368 3024; x_wconf 92' lang='lat' dir='ltr'><strong>Ti-</strong></span> 
     </span>
     <span class='ocr_line' id='line_1_23' title="bbox 325 3073 1367 3169; baseline 0 -27"><span class='ocrx_word' id='word_1_167' title='bbox 325 3075 432 3143; x_wconf 90' lang='lat' dir='ltr'><strong>turius</strong></span> <span class='ocrx_word' id='word_1_168' title='bbox 447 3073 590 3168; x_wconf 91' lang='lat' dir='ltr'><strong>legatus,</strong></span> <span class='ocrx_word' id='word_1_169' title='bbox 600 3090 842 3169; x_wconf 88' lang='lat' dir='ltr'><strong>expugnarent,</strong></span> <span class='ocrx_word' id='word_1_170' title='bbox 857 3092 1058 3169; x_wconf 89' lang='lat' dir='ltr'><strong>pontemque</strong></span> <span class='ocrx_word' id='word_1_171' title='bbox 1071 3073 1367 3160; x_wconf 80' lang='lat' dir='ltr'><strong>interscinderent3</strong></span> 
     </span>
     <span class='ocr_line' id='line_1_24' title="bbox 324 3192 1367 3290; baseline -0.003 -26"><span class='ocrx_word' id='word_1_172' title='bbox 324 3196 476 3264; x_wconf 91' lang='lat' dir='ltr'><strong>siminus</strong></span> <span class='ocrx_word' id='word_1_173' title='bbox 497 3198 696 3288; x_wconf 89' lang='lat' dir='ltr'><strong>potuissent,</strong></span> <span class='ocrx_word' id='word_1_174' title='bbox 716 3220 812 3290; x_wconf 89' lang='lat' dir='ltr'><strong>agros</strong></span> <span class='ocrx_word' id='word_1_175' title='bbox 829 3199 1010 3264; x_wconf 88' lang='lat' dir='ltr'><strong>Remorum</strong></span> <span class='ocrx_word' id='word_1_176' title='bbox 1030 3192 1288 3288; x_wconf 87' lang='lat' dir='ltr'><strong>popularentur,</strong></span> <span class='ocrx_word' id='word_1_177' title='bbox 1309 3196 1367 3287; x_wconf 90' lang='lat' dir='ltr'><strong>qui</strong></span> 
     </span>
     <span class='ocr_line' id='line_1_25' title="bbox 326 3313 1368 3414; baseline -0.008 -25"><span class='ocrx_word' id='word_1_178' title='bbox 326 3344 447 3414; x_wconf 90' lang='lat' dir='ltr'><strong>magno</strong></span> <span class='ocrx_word' id='word_1_179' title='bbox 464 3319 561 3387; x_wconf 92' lang='lat' dir='ltr'><strong>nobis</strong></span> <span class='ocrx_word' id='word_1_180' title='bbox 582 3318 654 3386; x_wconf 93' lang='lat' dir='ltr'><strong>usui</strong></span> <span class='ocrx_word' id='word_1_181' title='bbox 675 3316 718 3386; x_wconf 91' lang='lat' dir='ltr'><strong>ad</strong></span> <span class='ocrx_word' id='word_1_182' title='bbox 733 3315 858 3384; x_wconf 90' lang='lat' dir='ltr'><strong>bellum</strong></span> <span class='ocrx_word' id='word_1_183' title='bbox 877 3313 1059 3410; x_wconf 89' lang='lat' dir='ltr'><strong>gerendum</strong></span> <span class='ocrx_word' id='word_1_184' title='bbox 1076 3327 1186 3398; x_wconf 88' lang='lat' dir='ltr'><strong>crant,</strong></span> <span class='ocrx_word' id='word_1_185' title='bbox 1201 3336 1368 3382; x_wconf 62' lang='lat' dir='ltr'><strong>commeav</strong></span> 
     </span>
     <span class='ocr_line' id='line_1_26' title="bbox 327 3437 814 3535; baseline -0.01 -26"><span class='ocrx_word' id='word_1_186' title='bbox 327 3455 428 3535; x_wconf 91' lang='lat' dir='ltr'><strong>tuque</strong></span> <span class='ocrx_word' id='word_1_187' title='bbox 444 3453 573 3509; x_wconf 91' lang='lat' dir='ltr'><strong>nostros</strong></span> <span class='ocrx_word' id='word_1_188' title='bbox 589 3437 814 3533; x_wconf 89' lang='lat' dir='ltr'><strong>prohiberent.</strong></span> 
     </span>
    </p>

    <p class='ocr_par' dir='ltr' id='par_1_6' title="bbox 327 3555 1372 4135">
     <span class='ocr_line' id='line_1_27' title="bbox 373 3555 1368 3648; baseline -0.009 -20"><span class='ocrx_word' id='word_1_189' title='bbox 373 3564 415 3628; x_wconf 88' lang='lat' dir='ltr'><strong>X.</strong></span> <span class='ocrx_word' id='word_1_190' title='bbox 430 3563 553 3646; x_wconf 87' lang='lat' dir='ltr'><strong>Caesar,</strong></span> <span class='ocrx_word' id='word_1_191' title='bbox 568 3561 690 3628; x_wconf 89' lang='lat' dir='ltr'><strong>certior</strong></span> <span class='ocrx_word' id='word_1_192' title='bbox 703 3558 809 3627; x_wconf 91' lang='lat' dir='ltr'><strong>factus</strong></span> <span class='ocrx_word' id='word_1_193' title='bbox 823 3583 842 3626; x_wconf 94' lang='lat' dir='ltr'><strong>a</strong></span> <span class='ocrx_word' id='word_1_194' title='bbox 857 3560 1003 3648; x_wconf 91' lang='lat' dir='ltr'><strong>Titurio,</strong></span> <span class='ocrx_word' id='word_1_195' title='bbox 1018 3579 1149 3626; x_wconf 91' lang='lat' dir='ltr'><strong>omnem</strong></span> <span class='ocrx_word' id='word_1_196' title='bbox 1167 3555 1368 3648; x_wconf 89' lang='lat' dir='ltr'><strong>equitatum,</strong></span> 
     </span>
     <span class='ocr_line' id='line_1_28' title="bbox 327 3674 1370 3770; baseline -0.011 -20"><span class='ocrx_word' id='word_1_197' title='bbox 327 3697 360 3750; x_wconf 89' lang='lat' dir='ltr'><strong>et</strong></span> <span class='ocrx_word' id='word_1_198' title='bbox 387 3680 467 3749; x_wconf 86' lang='lat' dir='ltr'><strong>levis</strong></span> <span class='ocrx_word' id='word_1_199' title='bbox 491 3696 666 3750; x_wconf 67' lang='lat' dir='ltr'><strong>armaturae</strong></span> <span class='ocrx_word' id='word_1_200' title='bbox 689 3679 872 3765; x_wconf 89' lang='lat' dir='ltr'><strong>Numidas,</strong></span> <span class='ocrx_word' id='word_1_201' title='bbox 893 3679 1097 3762; x_wconf 86' lang='lat' dir='ltr'><strong>limditores,</strong></span> <span class='ocrx_word' id='word_1_202' title='bbox 1118 3674 1370 3770; x_wconf 85' lang='lat' dir='ltr'><strong>sagittariosque</strong></span> 
     </span>
     <span class='ocr_line' id='line_1_29' title="bbox 327 3791 1371 3895; baseline -0.008 -25"><span class='ocrx_word' id='word_1_203' title='bbox 327 3815 461 3895; x_wconf 89' lang='lat' dir='ltr'><strong>pontem</strong></span> <span class='ocrx_word' id='word_1_204' title='bbox 472 3799 630 3884; x_wconf 90' lang='lat' dir='ltr'><strong>traducit,</strong></span> <span class='ocrx_word' id='word_1_205' title='bbox 642 3813 740 3892; x_wconf 88' lang='lat' dir='ltr'><strong>atque</strong></span> <span class='ocrx_word' id='word_1_206' title='bbox 750 3797 792 3866; x_wconf 86' lang='lat' dir='ltr'><strong>ad</strong></span> <span class='ocrx_word' id='word_1_207' title='bbox 803 3823 858 3866; x_wconf 91' lang='lat' dir='ltr'><strong>eos</strong></span> <span class='ocrx_word' id='word_1_208' title='bbox 868 3797 1048 3867; x_wconf 90' lang='lat' dir='ltr'><strong>contendit.</strong></span> <span class='ocrx_word' id='word_1_209' title='bbox 1063 3797 1192 3866; x_wconf 82' lang='lat' dir='ltr'><strong>Acriter</strong></span> <span class='ocrx_word' id='word_1_210' title='bbox 1202 3797 1236 3864; x_wconf 93' lang='lat' dir='ltr'><strong>in</strong></span> <span class='ocrx_word' id='word_1_211' title='bbox 1246 3791 1371 3864; x_wconf 88' lang='lat' dir='ltr'><strong>eoloco</strong></span> 
     </span>
     <span class='ocr_line' id='line_1_30' title="bbox 329 3916 1370 4016; baseline -0.005 -28"><span class='ocrx_word' id='word_1_212' title='bbox 329 3936 512 4016; x_wconf 90' lang='lat' dir='ltr'><strong>pugnatum</strong></span> <span class='ocrx_word' id='word_1_213' title='bbox 523 3936 581 3990; x_wconf 91' lang='lat' dir='ltr'><strong>est.</strong></span> <span class='ocrx_word' id='word_1_214' title='bbox 590 3927 708 3991; x_wconf 85' lang='lat' dir='ltr'><strong>Hostes</strong></span> <span class='ocrx_word' id='word_1_215' title='bbox 717 3919 892 4014; x_wconf 89' lang='lat' dir='ltr'><strong>impeditos</strong></span> <span class='ocrx_word' id='word_1_216' title='bbox 904 3921 1051 3990; x_wconf 83' lang='lat' dir='ltr'><strong>nostriin</strong></span> <span class='ocrx_word' id='word_1_217' title='bbox 1061 3918 1198 3986; x_wconf 86' lang='lat' dir='ltr'><strong>flumine</strong></span> <span class='ocrx_word' id='word_1_218' title='bbox 1209 3916 1370 4010; x_wconf 76' lang='lat' dir='ltr'><strong>adgressi,</strong></span> 
     </span>
     <span class='ocr_line' id='line_1_31' title="bbox 329 4043 1372 4135; baseline -0.007 -25"><span class='ocrx_word' id='word_1_219' title='bbox 329 4067 485 4135; x_wconf 85' lang='lat' dir='ltr'><strong>magnum</strong></span> <span class='ocrx_word' id='word_1_220' title='bbox 511 4068 626 4112; x_wconf 89' lang='lat' dir='ltr'><strong>eorum</strong></span> <span class='ocrx_word' id='word_1_221' title='bbox 649 4067 824 4110; x_wconf 84' lang='lat' dir='ltr'><strong>numerum</strong></span> <span class='ocrx_word' id='word_1_222' title='bbox 848 4043 1051 4112; x_wconf 87' lang='lat' dir='ltr'><strong>occiderunt.</strong></span> <span class='ocrx_word' id='word_1_223' title='bbox 1073 4043 1137 4109; x_wconf 86' lang='lat' dir='ltr'><strong>Per</strong></span> <span class='ocrx_word' id='word_1_224' title='bbox 1163 4061 1278 4107; x_wconf 90' lang='lat' dir='ltr'><strong>corum</strong></span> <span class='ocrx_word' id='word_1_225' title='bbox 1296 4061 1372 4104; x_wconf 79' lang='lat' dir='ltr'><strong>cor-</strong></span> 
     </span>
    </p>
   </div>
   <div class='ocr_carea' id='block_1_5' title="bbox 0 0 1541 4770">
    <p class='ocr_par' dir='ltr' id='par_1_7' title="bbox 0 0 1541 4770">
     <span class='ocr_line' id='line_1_32' title="bbox 0 0 1541 4770; baseline 0 0"><span class='ocrx_word' id='word_1_226' title='bbox 0 0 1541 4770; x_wconf 95' lang='lat' dir='ltr'><strong> </strong></span> 
     </span>
    </p>
   </div>
  </div>
 </body>
</html>
