3026 4768
487 379 538 434 DE
560 377 682 432 BELLO
704 377 871 432 Gannico
893 379 962 432 ua.
981 379 1031 434 m.
1244 381 1279 448 67

234 523 324 576 tanta
338 531 442 576 onera
460 504 595 572 navium
613 505 685 598 regi
702 499 784 570 velis
801 529 869 572 non
888 505 968 572 sutis
984 505 1176 590 commode,
1195 508 1281 576 arbi-

233 629 420 696 trahantur.
440 629 527 694 Cum
545 625 596 692 liis
614 625 754 692 navibus
773 637 894 692 nostrae
911 621 1006 694 classi
1023 626 1186 719 ejusmodi
1201 654 1280 698 oon·

233 771 366 842 gressus
387 760 479 831 erat,
501 758 539 813 ut
564 769 630 814 una
652 743 822 813 celeritate
838 758 872 812 et
892 743 991 838 pulsu
1009 771 1177 815 remorum
1197 741 1291 841 prte-⁸

234 882 359 954 staret3
380 866 527 960 reliqua,
549 889 612 960 pro
633 864 697 934 loci
716 879 857 952 natura,
875 889 939 959 pro
963 866 998 933 vi
1023 881 1278 960 tempestatum,

235 987 300 1058 illis
328 1000 436 1056 essent
461 987 591 1081 aptiora
615 1001 649 1055 et
679 985 983 1056 accommodatiora
1013 1012 1021 1055 ε
1053 1011 1162 1080 neque
1190 991 1279 1058 enim
1326 975 1329 979 ⁸

234 1109 286 1176 his
303 1121 423 1176 nostrae
442 1122 553 1176 rostro
572 1131 692 1176 nocere
708 1121 863 1200 poterant
880 1109 988 1201 (tanta
1009 1107 1043 1174 in
1065 1109 1111 1176 eis
1130 1124 1203 1178 orat
1221 1110 1288 1179 tir-¹

233 1227 396 1322 mitudo);
417 1252 526 1322 neque
551 1243 690 1322 propter
710 1224 923 1296 altitudinem
947 1226 1044 1296 facile
1068 1227 1171 1297 telum
1195 1229 1279 1324 adji-

232 1348 401 1434 ciebatur-3
417 1364 452 1418 et
469 1348 585 1417 eadem
605 1346 646 1416 de
667 1371 766 1416 causa
787 1348 899 1416 minus
922 1348 1136 1417 incommode
1158 1372 1278 1442 scopu·

231 1468 273 1538 lis
296 1470 566 1538 continebantur.
583 1466 789 1553 Accedebat,
814 1481 866 1552 ut,
889 1490 993 1559 quum
1018 1470 1132 1538 saevire
1157 1486 1277 1541 ventus

232 1593 403 1684 coepisset,
421 1605 457 1658 et
475 1614 509 1658 se
527 1602 627 1657 vento
646 1587 835 1674 dedissent,
850 1601 884 1655 et
899 1585 1132 1681 tempestatem
1150 1589 1276 1658 ferrent

235 1709 380 1799 facilius,
401 1727 434 1780 et
454 1713 487 1779 in
508 1709 599 1778 vadis
618 1710 839 1777 consisterent
857 1707 976 1794 tutius,
994 1722 1044 1793 et,
1062 1707 1104 1774 ab
1118 1723 1200 1776 aestn
1219 1709 1270 1778 de·

233 1825 371 1917 relicte,
394 1828 478 1898 nihil
500 1853 577 1898 saxa
601 1842 637 1895 et
655 1842 768 1896 cautes
790 1828 946 1895 timerent
968 1849 1138 1920 :quarum
1164 1849 1276 1896 rerum

233 1951 384 2018 omnium
406 1950 529 2018 nostris
549 1947 690 2017 navibus
709 1969 806 2015 casus
824 1960 922 2014 erant
938 1946 1187 2015 extimescendi.

283 2073 375 2140 XIV.
402 2067 641 2164 Compluribus
669 2068 866 2162 expugnatis
889 2063 1043 2160 oppidis,
1071 2071 1193 2158 Caesar,
1218 2071 1276 2138 ubi

233 2188 395 2259 intellexit
411 2189 534 2259 frustra
557 2203 689 2259 tantum
701 2186 856 2256 ‘laborem
874 2189 980 2275 sumi,
999 2211 1108 2282 neque
1125 2191 1271 2259 hostium

233 2311 346 2405 fugam
367 2313 472 2404 captis
492 2310 625 2405 oppidis
647 2311 806 2402 reprimi,
827 2331 935 2402 neque
955 2309 1007 2378 his
1027 2312 1140 2378 noceri
1164 2335 1273 2404 posse,

233 2432 350 2499 statuit
361 2431 617 2524 exspectandam
633 2428 875 2519 classemQuae
891 2428 950 2498 uhi
967 2432 1142 2515 convenit,
1156 2455 1194 2499 ac
1210 2432 1277 2526 pris

233 2575 326 2618 mum
343 2551 384 2618 ab
399 2551 552 2620 hostibus
566 2553 635 2621 visa
649 2565 717 2635 est,
731 2550 864 2619 circiter
876 2573 960 2620 ccxx
975 2575 1076 2619 naves
1085 2575 1202 2622 eorum
1218 2575 1275 2644 pa·

234 2671 422 2755 satissime,
433 2684 533 2763 atque
542 2672 634 2738 omni
644 2694 764 2765 genere
773 2693 943 2737 armorum
955 2672 1187 2758 ornatissimae,
1198 2695 1274 2764 pro·

235 2787 329 2856 fectae
342 2813 382 2856 ex
395 2804 513 2883 portu,
524 2792 643 2858 nostris
658 2790 802 2858 adversa
815 2790 1037 2858 constiterunt
1052 2816 1060 2856 :
1076 2813 1184 2882 neque
1197 2793 1274 2859 satis

235 2911 355 2994 Bruto,
369 2910 427 3002 qui
444 2908 540 2978 classi
557 2923 711 3004 praerat,
724 2909 775 2978 vel
793 2910 934 2978 tribunis
950 2908 1093 2978 militum
1109 2912 1274 2980 centurio-

234 3029 416 3123 nibusque,
433 3030 553 3124 quibus
571 3027 708 3124 singulae
724 3053 824 3098 naves
841 3045 937 3098 erant
950 3030 1133 3119 attributa,
1144 3047 1273 3101 consta-

234 3150 292 3218 bat
308 3149 389 3244 quid
406 3163 561 3246 agerent,
575 3164 633 3218 aut
647 3171 747 3243 quam
762 3152 925 3220 rationem
939 3174 1058 3245 pugne
1073 3152 1271 3221 insisterent.

235 3273 356 3339 Rostro
371 3273 461 3340 enim
476 3271 588 3340 noceri
605 3295 673 3339 non
690 3295 786 3364 posse
799 3287 1042 3364 cognoverant3
1056 3273 1204 3341 turribus
1217 3296 1274 3341 au·

235 3403 300 3458 tem
316 3393 485 3478 excitatis,
505 3405 616 3460 tamen
637 3390 698 3459 bas
714 3387 857 3458 altitudo
880 3393 1044 3486 puppium
1064 3415 1103 3459 ex
1124 3392 1272 3487 barbaris

234 3511 372 3578 navibus
389 3510 581 3603 superabat,
595 3524 632 3577 ut
648 3533 756 3603 neque
772 3535 811 3577 ex
829 3509 985 3580 inferiore
1001 3511 1074 3580 loco
1091 3513 1169 3580 satis
1185 3535 1273 3581 com·

233 3628 331 3698 mode
351 3627 416 3698 tela
431 3629 530 3723 adjici
547 3643 701 3723 possent,
720 3642 752 3697 et
771 3629 869 3698 missa
889 3630 930 3698 ab
945 3628 1051 3699 Gallis
1070 3631 1202 3724 gravius
1220 3656 1272 3701 ac·

233 3749 392 3818 siderent.
409 3753 485 3820 Una
503 3764 575 3819 erat
595 3775 717 3845 magno
735 3751 808 3819 usui
830 3774 882 3817 res
900 3762 1082 3844 praeparata
1099 3775 1117 3817 a
1133 3753 1271 3837 nostris,

233 3867 331 3938 falces
351 3884 541 3963 praeacutae,
560 3871 691 3940 insertae
708 3869 878 3963 affixaeque
899 3868 1076 3964 longuriis,
1096 3892 1165 3939 non
1185 3871 1272 3940 absi·

232 3988 302 4057 mili
322 3990 426 4059 forma
445 3991 624 4061 muralium
648 3988 791 4060 falcium.
813 3992 872 4060 llis
889 4014 993 4084 quum
1011 3991 1120 4076 funes,
1138 3991 1196 4085 qui
1214 4015 1270 4060 an·

1094 4108 1125 4178 5.
