3042 4772
247 379 300 446 172,
416 373 447 428 c
466 373 565 430 suun
584 373 751 430 cusanus
772 325 970 432 oommnr.
990 375 1100 434 mann

243 503 333 572 tione
346 499 553 593 prodierant,
568 499 614 566 sie
631 515 751 567 temere
768 497 802 568 in
817 521 915 568 naves
930 498 1081 595 refugere
1093 517 1272 596 ooeperunt.

243 621 396 707 Quorum
422 617 500 712 luga
532 617 660 690 incitati
686 615 900 688 Alexandrini
930 615 1042 712 plures
1065 643 1107 690 ex
1134 623 1274 692 nasibus

244 737 515 833 egrediebantur,
535 750 729 830 nostrosque
753 737 860 806 acrius
887 738 1097 832 perturbatos
1120 741 1271 835 inaequa-

242 857 374 927 bantur.
395 853 522 943 Simul,
538 856 596 949 qni
616 856 651 924 in
670 855 809 926 navibus
825 854 931 954 longis
948 873 1189 945 remanserant,
1207 885 1274 930 sca-

242 975 290 1046 las
315 999 446 1070 rapere,
481 997 647 1068 navesque
671 997 695 1044 a
733 989 818 1044 terra
847 972 1004 1070 repellere
1034 979 1271 1072 properabant,

242 1119 284 1164 ns
317 1095 427 1165 hostes
462 1094 601 1164 naribus
636 1093 829 1188 potirentur.
868 1091 1000 1181 Quibus
1034 1097 1187 1167 omnibus
1220 1121 1272 1166 re·

241 1215 302 1286 bns
322 1215 507 1308 perturbati
527 1212 647 1284 milites
670 1215 775 1283 nostri
793 1213 978 1313 cohortium
1004 1215 1123 1301 trium,
1140 1241 1214 1310 quae
1237 1219 1270 1286 in

241 1347 344 1428 ponte
359 1359 398 1404 ac
414 1335 521 1427 prima
534 1330 621 1402 mole
639 1333 869 1421 constiterant,
888 1355 990 1425 quum
1007 1350 1083 1426 post
1098 1359 1133 1404 se
1149 1335 1272 1406 clamo-

240 1477 311 1522 rem
329 1450 541 1539 exaudirent,
559 1450 672 1544 lugam
689 1475 825 1522 suornm
845 1449 1011 1539 riderent,
1032 1476 1183 1548 magnam
1204 1457 1271 1524 vim

240 1569 386 1641 talorum
396 1570 524 1640 adversi
540 1573 757 1658 sustinerent,
774 1571 889 1658 veriti,
908 1594 950 1640 ne
968 1571 1011 1640 ab
1025 1585 1117 1666 tergo
1131 1575 1270 1644 circum-

240 1691 450 1776 venirentur,
471 1671 661 1760 et'disceasu
682 1689 817 1784 navium
836 1691 972 1760 omnino
987 1690 1093 1760 reditu
1113 1690 1270 1762 interclu-

239 1809 414 1894 derentur,
429 1808 646 1880 munitionem
657 1809 691 1878 in
708 1823 841 1903 pontem
856 1810 1037 1878 institutam
1047 1807 1271 1905 reliquerunt,

242 1943 276 1998 et
291 1953 413 2024 magno
424 1953 522 1999 cursu
538 1929 665 1998 incitati
682 1928 723 1996 ad
740 1952 837 1998 naves
853 1928 1104 1999 contenderunt.
1118 1931 1271 2022 Quorum

239 2071 333 2143 para,
346 2049 511 2141 proximas
525 2061 619 2118 nacta
635 2071 751 2135 naves,
769 2045 980 2120 multitudine
989 2050 1160 2119 hominnm
1173 2066 1272 2144 atque

240 2190 341 2236 onere
357 2165 512 2259 depressa
521 2181 586 2250 est;
599 2189 675 2260 pars
692 2166 845 2236 resistens
861 2166 1171 2262 etdubitans,quid
1187 2184 1271 2238 esset

240 2285 438 2381 capiendum
452 2283 598 2372 consilii,
611 2285 654 2354 ab
667 2283 895 2355 Alexandrinis
906 2287 1078 2356 interserta
1094 2301 1144 2356 est
1161 2315 1170 2356 r
1188 2313 1272 2358 non·

157 2471 162 2489 ,
242 2402 324 2473 nulli
341 2402 482 2474 feliciore
501 2405 607 2491 exitu,
624 2403 789 2498 expeditas
808 2403 851 2473 ad
871 2427 1025 2474 ancoram
1041 2429 1139 2476 nares
1158 2431 1272 2476 conae·

239 2525 329 2612 cuti,
350 2521 530 2594 incolumes
557 2523 791 2610 discesserunt3
819 2525 916 2618 pauci
940 2520 1071 2594 allevati
1101 2525 1216 2608 scutis,
1237 2539 1271 2594 et

239 2643 401 2714 animoad
418 2642 605 2713 conandum
615 2643 696 2730 nixi,
710 2641 751 2712 ad
761 2645 909 2738 proxima
919 2643 1051 2738 navigia
1061 2642 1268 2714 aduaturunt.

285 2765 377 2832 XXI.
395 2766 516 2851 Caesar,
530 2759 640 2856 quoad
656 2764 780 2856 potuit,
805 2761 1010 2832 cohortando
1028 2786 1104 2833 auos
1125 2762 1166 2832 ad
1192 2787 1272 2856 pon-

240 2898 306 2952 tem
323 2897 357 2952 et
372 2882 572 2952 munitiones
592 2882 804 2969 contendere,
822 2880 937 2952 eodem
953 2883 987 2952 in
1003 2881 1149 2976 periculo
1166 2905 1271 2951 versa·

239 3017 291 3070 tus
318 3016 377 3070 est
410 3005 588 3095 Postquam
619 3002 789 3070 universos
817 3001 931 3072 cedere
963 3003 1213 3089 animadvertit,
1236 3002 1270 3070 in

239 3145 336 3196 suum
370 3121 538 3215 navigium
568 3145 602 3190 se
629 3122 760 3214 recepit.
783 3122 861 3210 Quo
887 3120 1067 3191 multitudo
1101 3121 1271 3192 bominum

239 3241 386 3314 insecuta
408 3263 512 3333 quum
541 3241 753 3334 irrumperet,
772 3264 878 3335 neque
898 3240 1147 3310 administrandi
1166 3263 1272 3332 neque

238 3357 417 3455 repellendi
435 3384 454 3428 a
475 3374 562 3429 tarra
578 3358 717 3430 facultas
742 3358 895 3446 daretur,
914 3358 1001 3446 fora,
1025 3357 1114 3452 quod
1133 3358 1271 3443 accidit,

237 3481 441 3576 suspicatus,
469 3503 539 3549 sese
557 3503 596 3548 ex
622 3479 754 3574 navigio
780 3480 895 3571 ejecit,
913 3491 1011 3570 atque
1038 3475 1081 3545 ud
1100 3499 1174 3560 aas,
1197 3496 1271 3567 quae

237 3598 369 3694 longius
397 3601 629 3687 constiterant,
662 3622 760 3668 nares
785 3595 962 3666 adnotavit
984 3596 1070 3665 Hinc
1089 3593 1155 3662 suis
1176 3591 1268 3660 labo·

239 3720 388 3791 rantibus
407 3717 555 3790 subsidio
574 3716 711 3814 scaphas
729 3717 879 3804 mittens,
898 3712 1074 3786 nonnullos
1094 3733 1269 3780 conserva·

240 3841 287 3909 ait
303 3865 312 3908 t
330 3841 498 3934 navigium
517 3837 649 3938 quidem
667 3837 753 3930 ejus,
771 3832 982 3904 multitudine
1000 3833 1189 3926 depressum
1210 3830 1272 3898 nri·

238 3958 352 4047 litum,
367 3983 433 4028 una
445 3981 520 4028 cum
534 3956 724 4026 bominibus
734 3956 869 4026 interiit.
884 3958 956 4026 Hoc
972 3951 1088 4048 prmlio
1096 3949 1271 4024 desiderati

1496 661 1515 841 l
