3050 4772
389 267 394 274 ·
435 315 487 372 DE
506 315 631 372 actuo
653 315 822 372 GALLICO
843 316 913 372 Lm.
931 317 1010 372 vln.
1190 314 1247 372 223

197 463 307 510 secum
316 441 477 526 babebat,
489 441 525 510 in
535 441 684 511 hibernis
695 442 828 510 Genabi
840 439 1026 512 collocavit.
1038 445 1130 536 Ipse,
1144 467 1248 536 quum

198 561 323 630 crebris
342 559 565 656 legationibus
585 565 770 630 Remorum
785 563 909 631 certior
924 561 1018 632 lieret
1037 559 1248 646 Bellovacos,

197 681 256 775 qui
272 679 351 750 belli
368 679 474 776 gloria
488 679 605 751 Gallos
621 705 735 766 omnes
747 679 932 778 Belgasque
946 682 1166 776 praestabant,
1180 683 1250 752 fini·

198 801 364 894 rimasque
387 801 439 869 his
456 801 624 890 civitates,
647 801 733 870 duce
752 805 880 873 Correo
902 800 1077 872 Bellovaco
1100 816 1133 904 et
1153 805 1251 872 Com·

198 921 268 988 mio
289 921 461 1008 Atrebate,
486 923 651 1022 exercitus
668 945 876 1016 comparare,
898 936 1000 1016 atque
1021 923 1055 990 in
1077 946 1181 991 unum
1201 921 1250 991 lo-

200 1063 279 1109 cum
299 1065 437 1136 cogere,
459 1055 498 1110 ut
518 1043 609 1111 omni
630 1041 846 1112 multitudine
859 1043 895 1111 in
913 1043 995 1111 lines
1013 1044 1249 1128 Suessionum,

186 1161 259 1259 'qui
280 1162 396 1229 Remis
414 1176 509 1230 erant
528 1163 696 1250 attributi,
721 1162 867 1233 facerent
885 1163 1157 1257 impressionem3
1179 1185 1252 1256 per·

201 1281 308 1349 tinere
329 1295 441 1351 autem
466 1308 536 1354 non
558 1297 688 1352 tantum
709 1282 752 1351 ad
773 1278 986 1379 dignitatem,
1008 1282 1065 1353 sed
1091 1282 1252 1353 etiamad

201 1396 343 1468 salutem
365 1426 460 1471 suam
477 1398 658 1497 judicaret,
679 1400 803 1472 nullam
823 1401 1045 1473 calamitatem
1066 1405 1173 1474 socios
1191 1428 1252 1498 op·

202 1520 282 1587 time
299 1518 340 1589 de
358 1521 531 1615 republica
550 1524 688 1592 meritos
705 1524 873 1618 accipere;
895 1522 1059 1619 legionem
1080 1548 1121 1592 ex
1138 1521 1252 1593 hiber·

203 1640 254 1707 nis
268 1656 384 1710 evocat
399 1665 516 1712 rursus
532 1665 584 1731 11,
606 1642 732 1712 litteras
753 1658 865 1712 autem
881 1643 924 1712 ad
940 1645 979 1712 C.
994 1644 1135 1714 Fabium
1149 1644 1252 1712 mittit

203 1773 243 1827 ut
267 1761 301 1828 in
323 1759 405 1830 fines
425 1763 639 1832 Suessionum
659 1761 805 1858 legiones
821 1762 903 1832 duas
922 1785 1005 1857 quas
1026 1763 1169 1832 habebat
1196 1762 1254 1831 asl-

204 1874 356 1966 duceret,
376 1879 580 1974 alteramque
604 1906 644 1950 ex
664 1877 794 1951 duabus
815 1882 855 1950 ab
877 1883 915 1951 T.
938 1881 1086 1951 Labieno
1108 1883 1251 1951 arcessit.

202 1998 273 2086 lta,
301 2015 464 2093 qnantum
492 2001 709 2071 hibernorum
735 2002 969 2095 opportunitas
993 1999 1139 2096 bellique
1168 2003 1254 2070 ratio

204 2118 409 2210 postulabat,
427 2136 589 2214 perpetuo
609 2147 669 2190 suo
686 2120 814 2208 labore,
832 2121 972 2190 invicem
993 2117 1179 2216 legionibus
1197 2145 1256 2191 ex·

205 2239 416 2334 peditionum
433 2265 518 2310 onus
535 2241 741 2337 injungebat.

253 2363 329 2432 VII.
355 2363 415 2432 His
442 2363 547 2457 copiis
572 2363 710 2450 coactis,
735 2361 777 2430 ad
799 2361 990 2434 Bellovacos
1014 2363 1255 2457 proficiscitur,

205 2484 385 2577 castrisque
405 2485 440 2551 iu
457 2507 574 2552 eorum
592 2483 715 2552 finibus
733 2483 864 2576 positis,
884 2485 1036 2577 equitum
1054 2497 1182 2552 turmas
1202 2481 1254 2549 di·

206 2603 311 2672 mittit
325 2603 361 2672 iu
377 2627 493 2672 omnes
514 2617 626 2697 partes
643 2602 684 2671 ad
702 2600 830 2696 aliquos
844 2601 1056 2696 excipiendos
1075 2626 1116 2670 ex
1133 2601 1255 2695 quibus

207 2724 354 2793 hostium
370 2721 508 2792 consilia
524 2737 747 2818 cognosceret.
769 2723 921 2815 Equites,
939 2719 1050 2790 officio
1066 2721 1185 2808 functi,
1204 2743 1256 2788 re·

208 2845 367 2912 nuntiant
393 2865 517 2936 paucos
544 2843 578 2910 in
603 2841 750 2911 edificiis
775 2866 844 2911 esse
870 2842 1038 2927 inventos,
1065 2855 1166 2934 atque
1193 2840 1255 2910 bos

211 2987 279 3032 non
295 2963 353 3056 qui
370 2985 527 3056 agrorum
545 2960 761 3032 colendorum
778 2986 876 3032 causa
891 2961 1127 3030 remansissent
1144 2960 1257 3058 (nam-

209 3107 276 3177 que
294 3106 365 3150 esse
386 3081 534 3176 undique
552 3080 729 3176 diligenter
750 3080 1006 3178 demigratum),
1025 3080 1081 3151 sed
1102 3084 1161 3176 qui
1181 3107 1257 3177 spe·

209 3202 343 3272 culandi
364 3205 469 3298 gratia
490 3217 599 3272 essent
619 3203 757 3271 remissi.
777 3207 807 3272 A
825 3204 945 3297 quibus
967 3226 1072 3298 quum
1094 3217 1258 3297 quareret

210 3326 319 3394 Caesar
335 3347 412 3418 quo
432 3323 506 3393 loco
525 3321 706 3394 multitudo
727 3337 812 3393 esset
832 3323 1102 3412 Bellovacorum,
1125 3323 1258 3417 quodve

210 3459 296 3512 esset
329 3441 504 3513 consilium
535 3465 670 3530 eorum,
702 3443 891 3513 inveniebat
921 3443 1114 3514 Bellovacos
1143 3465 1258 3512 omnes

211 3565 269 3658 qui
297 3587 389 3632 arma
422 3564 509 3632 ferre
539 3578 675 3656 possent
707 3565 741 3631 in
774 3588 879 3634 unum
908 3561 1019 3634 locum
1040 3562 1257 3647 convenisse,

212 3685 359 3778 itemque
372 3685 573 3774 Ambianos,
586 3682 762 3772 Aulercos,
777 3683 924 3770 Caletos,
937 3681 1150 3770 Velocasses,
1166 3683 1259 3751 Atre·

213 3805 326 3898 bates3
352 3804 462 3875 locum
480 3806 597 3875 castris
613 3802 796 3893 excelsum,
816 3806 850 3873 in
873 3802 955 3873 silva
974 3801 1178 3872 circumdata
1190 3825 1258 3896 pa·

214 3921 308 4014 lude,
328 3924 500 4020 delegisse3
522 3925 635 3994 omnia
652 3924 889 4020 impedimenta
906 3925 941 3991 in
962 3922 1138 3993 ulteriores
1160 3910 1258 3994 silvas
