3096 4762
502 403 554 458 DE
572 403 696 458 BELLO
715 403 880 458 GALLICO
901 403 969 458 ΠΒ.
987 403 1009 458 1.
1263 397 1279 452 5

240 549 472 620 persuasuros,
489 525 578 617 quod
594 524 744 594 nondum
761 527 850 594 bono
867 526 979 594 animo
997 528 1032 592 in
1049 523 1210 618 populum
1228 551 1280 626 ro·

241 673 379 718 manum
399 645 609 734 viderentur,
630 646 883 730 -existimabant3
903 644 956 714 vel
977 647 1010 713 vi
1032 659 1226 734 coacturos,
1243 660 1282 714 ut

242 794 303 862 per
320 791 397 836 suos
408 767 491 848 fines
505 791 563 836 eos
578 769 626 836 ire
638 782 841 861 paterentur.
853 767 1019 836 Omnibus
1034 766 1190 835 rebusad
1206 791 1283 861 pro-

244 886 421 955 fectionem
439 889 659 981 comparatis,
679 887 767 956 diem
788 887 925 970 dicunt,
946 910 1012 979 qua
1035 885 1089 953 die
1108 885 1151 954 ad
1176 888 1283 979 ripam

244 1003 397 1074 Rhodani
411 1029 528 1074 omnes
541 1009 741 1076 conveniant
758 1033 765 1075 :
784 1009 810 1074 is
826 1007 896 1074 dies
912 1019 985 1073 erat
1000 1031 1029 1073 a.
1049 1005 1081 1071 d.
1100 1031 1131 1072 v.
1153 1003 1281 1074 kalend.

243 1147 332 1218 apn,
348 1127 389 1193 L.
406 1126 525 1195 Pisone
542 1141 575 1196 et
594 1130 633 1196 Α.
649 1127 796 1195 Gabinio
812 1151 894 1196 coss.

292 1247 366 1314 Vll.
386 1247 505 1315 Ctesari
520 1249 624 1338 quum
637 1247 672 1314 id
681 1248 877 1316 nunciatum
891 1263 991 1335 esset,
1005 1271 1061 1314 eos
1075 1271 1136 1338 per
1148 1245 1286 1313 Provin-

243 1368 328 1436 ciam
345 1381 494 1436 nostram
511 1367 575 1434 iter
594 1367 704 1436 facere
720 1368 848 1454 conari,
863 1380 1008 1435 maturat
1023 1365 1064 1432 ab
1086 1365 1170 1432 urbe
1185 1363 1286 1456 proli·

243 1485 342 1572 cisci;
356 1501 389 1555 et
399 1493 526 1579 ,onam
541 1487 694 1556 maximis
703 1500 813 1581 potest
830 1485 1018 1572 itineribus,
1035 1485 1068 1553 in
1083 1481 1227 1554 Galliam
1237 1481 1287 1551 ul·

243 1607 399 1675 teriorem
412 1606 600 1695 contendit,
617 1621 651 1675 et
670 1606 713 1676 ad
727 1610 898 1676 Genevam
913 1606 1064 1698 pervenit
1081 1630 1089 1672 ε
1105 1603 1287 1682 Provincia

244 1727 306 1794 toti
322 1749 424 1818 quam
444 1728 627 1794 maximum
648 1740 757 1819 potest
779 1723 924 1794 militnm
944 1748 1121 1793 numerum
1147 1726 1288 1816 imperat

245 1849 335 1936 (erat
357 1845 497 1914 omnino
519 1847 554 1912 in
582 1842 692 1915 Gallia
717 1843 875 1914 ulteriore
900 1843 987 1938 legio
1012 1843 1115 1938 una);
1136 1856 1288 1936 pontem,

245 1965 395 2057 quierat
419 1963 462 2032 ad
488 1968 673 2047 Genev'am,
696 1964 791 2056 jubet
814 1964 965 2033 rescindi.
993 1963 1062 2032 Ubi
1079 1962 1120 2030 de
1144 1963 1216 2056 ejus
1233 1961 1289 2028 ad-

244 2098 346 2152 ventu
363 2081 507 2153 Helvetii
528 2084 686 2151 certiores
705 2082 785 2152 facti
801 2097 892 2168 sunt,
913 2081 1039 2178 legatos
1056 2083 1098 2152 ad
1115 2106 1192 2152 eum
1211 2084 1288 2150 mit·

245 2215 336 2290 tunt,
358 2201 579 2272 nobilissimos
599 2203 871 2296 civitatispcujus
891 2202 1063 2297 legationis
1077 2204 1236 2274 Nameius
1257 2217 1290 2271 et

248 2321 471 2392 Verudoctins
489 2324 674 2417 principem
694 2321 804 2391 locum
820 2324 1036 2406 obtinebant,
1051 2325 1109 2417 qui
1127 2323 1289 2409 dicerent,

249 2441 310 2509 sibi
329 2465 398 2510 esse
419 2443 453 2510 in
477 2443 605 2528 animo,
630 2442 701 2510 sine
722 2439 791 2511 ullo
812 2440 973 2512 maleficio
989 2445 1051 2511 iter
1070 2467 1131 2537 per
1148 2444 1290 2512 Provin-

249 2562 336 2629 ciam
349 2560 472 2650 facere,
487 2576 663 2656 propterea
675 2560 766 2655 quod
781 2559 873 2631 aliud
887 2565 951 2631 iter
962 2562 1124 2632 haberent
1139 2560 1288 2630 nullum:

249 2702 385 2773 rogare,
396 2695 433 2748 nt
442 2680 514 2774 ejus
522 2679 694 2750 voluntate
708 2681 742 2748 id
758 2681 819 2750 sibi
829 2669 1050 2750 facereliceat.
1063 2683 1189 2767 Caesar,
1201 2679 1291 2772 quod

253 2799 412 2866 memoria
436 2798 584 2885 tenebat,
604 2805 643 2869 L.
665 2802 814 2870 Cassium
835 2798 1003 2870 consulem
1019 2800 1180 2885 occisum,
1198 2823 1292 2867 exer·

250 2918 420 3011 citumque
430 2918 501 3010 ejus
512 2919 553 2986 ab
563 2917 722 2988 Helvetiis
732 2917 865 3012 pulsum
875 2971 885 3006 ,
894 2934 927 2988 et
940 2919 1000 2988 snb
1010 2920 1130 3013 jugum
1141 2920 1291 3006 missum,

249 3037 501 3108 concedendum
510 3063 577 3108 non
586 3039 858 3133 putabattneque
865 3039 1017 3108 homines
1027 3040 1161 3108 inimico
1168 3037 1290 3122 animo,

253 3159 329 3230 dnta
338 3158 493 3229 facultate
503 3185 562 3253 per
570 3160 781 3228 Provinciam
792 3161 920 3229 itineris
929 3143 1294 3253 faciendi,lemperatu·

252 3303 307 3348 ros
318 3279 360 3348 ab
371 3279 534 3373 injuriaret
543 3277 706 3349 maleficio
716 3279 934 3348 existimabat.
946 3282 1088 3363 Tamen,
1102 3293 1138 3347 ut
1149 3278 1292 3372 spatium

253 3399 457 3468 intercedere
474 3413 598 3492 posset,
610 3397 694 3468 dum
704 3396 840 3485 milites,
861 3422 943 3491 quos
958 3399 1196 3491 imperaverat,
1214 3421 1294 3465 con·

253 3520 424 3605 venirent,
454 3515 570 3610 legatis
595 3514 782 3609 respondit,
808 3517 896 3586 diem
923 3542 958 3587 se
980 3517 1022 3586 ad
1045 3514 1293 3585 deliberandum

253 3637 520 3731 sumpturumzsi
530 3634 612 3728 quid
620 3633 759 3724 vellent,
770 3661 800 3704 a.
809 3636 840 3705 d.
851 3636 924 3705 idus
933 3635 1026 3731 april.
1038 3647 1292 3703 reverterentur.

303 3759 395 3828 VIII.
408 3759 539 3825 Interea
554 3778 593 3823 ea
610 3752 753 3848 legione,
766 3779 867 3848 quam
880 3779 991 3824 secum
1007 3752 1164 3842 hatlebat,
1181 3749 1295 3818 militi·
1319 3739 1332 3807 i

255 3879 398 3970 busque,
415 3876 472 3967 qui
488 3899 527 3942 ex
541 3874 716 3942 Provincia
732 3887 968 3958 convenerant,
986 3895 1005 3939 a
1021 3869 1094 3939 lacu
1107 3874 1295 3952 Lemanno,

256 3998 313 4089 qui
327 3997 360 4064 in
373 3995 498 4062 flumen
510 3991 711 4060 Rhodanum
730 3991 855 4076 inllnit,
871 3992 913 4058 ad
931 4004 1077 4056 montem
1094 3990 1223 4074 loram,
1239 3987 1297 4077 qui
