3096 4762
471 381 523 436 DE
544 379 664 436 BELLO
684 381 851 436 GALLICO
875 381 945 438 LlB.
962 382 1011 436 lll.
1227 377 1264 434 65

227 503 346 576 auxilia
366 532 405 576 es
422 506 610 592 Britannia,
628 529 701 597 quae
713 520 893 595 contraeas
906 507 1057 600 regiones
1073 505 1179 598 posita
1196 519 1265 590 est,

225 641 403 696 arcessunt

272 749 316 814 X.
342 749 447 816 Erant
470 747 520 814 hae
552 746 760 818 difficultates
785 745 862 815 belli
886 745 1039 841 gerendi,
1063 771 1144 838 quas
1166 770 1266 842 supra

225 864 451 952 ostendimus;
466 865 524 934 sed
540 864 645 936 multa
661 871 824 938 Gaesarem
841 883 952 936 tamen
967 866 1009 935 ad
1026 865 1060 935 id
1076 865 1199 936 bellum
1215 869 1265 934 in-

225 985 371 1053 citabant
389 1011 398 1054 :
415 987 543 1078 injuriae
564 1001 770 1056 retentorum
788 988 937 1080 equiturn
958 1010 1196 1074 romanorum
1213 1012 1265 1055 re·

225 1103 325 1172 bellio
345 1103 431 1174 facta
454 1120 530 1199 post
549 1105 771 1193 deditionem
796 1106 937 1177 defectio
958 1106 1043 1176 datis
1072 1104 1263 1190 obsidibus;

226 1237 273 1292 tot
297 1225 469 1293 civitatum
491 1226 695 1318 conjuratio;
719 1227 754 1294 in
773 1227 906 1321 primis,
926 1249 985 1314 ne,
1006 1226 1069 1296 lrac
1087 1240 1182 1320 parte
1206 1249 1264 1292 ne-

224 1341 345 1434 glecta,
363 1343 499 1438 reliquae
521 1347 672 1414 nationes
691 1345 781 1414 idem
806 1345 868 1414 sibi
887 1345 986 1415 licere
1007 1345 1260 1415 arbitrarentur.

224 1465 355 1556 Itaque,
371 1488 475 1558 quum
490 1463 690 1560 intelligeret
706 1489 821 1534 omnes
838 1464 906 1534 fere
922 1464 1036 1536 Gallos
1053 1467 1148 1534 novis
1162 1465 1262 1534 rebus

223 1581 371 1670 studere,
397 1585 497 1655 etad
522 1582 648 1654 bellum
673 1584 841 1654 mobiliter
865 1584 1082 1677 celeriterque
1108 1586 1260 1671 excitari,

224 1727 339 1772 omnes
358 1719 470 1774 autem
491 1706 640 1774 homines
655 1720 779 1774 natura
797 1703 943 1774 libertati
960 1703 1110 1790 studere,
1127 1716 1161 1771 et
1180 1727 1261 1776 con-

223 1821 383 1897 ditionem
405 1826 574 1894 servitutis
595 1823 719 1912 odisse,
742 1825 956 1918 priusquam
976 1822 1087 1917 plures
1108 1823 1260 1891 civitates

223 1946 470 2039 conspirarent,
492 1943 704 2040 partiendum
725 1945 786 2012 sibi
810 1967 849 2012 ac
871 1942 970 2012 latius
993 1943 1254 2012 distribuendum

223 2067 404 2136 exercitum
425 2068 565 2161 putarit.

271 2189 331 2255 xl.
357 2191 475 2280 Itaque
499 2190 537 2257 T.
564 2187 749 2257 Labienum
775 2185 920 2281 legatum
945 2187 980 2253 in
1002 2185 1174 2271 Treviros,
1200 2186 1257 2276 qui

222 2305 364 2398 proximi
380 2307 500 2376 Rheno
518 2307 648 2376 flumini
665 2321 755 2392 sunt,
775 2331 851 2374 cum
870 2307 1017 2398 equitatu
1037 2303 1149 2372 mittit.
1170 2305 1258 2371 Huic

222 2425 374 2516 mandat,
389 2430 513 2498 Remos
526 2425 738 2520 reliquosque
754 2425 870 2520 Belgas
884 2423 993 2512 adeat,
1013 2437 1112 2516 atque
1130 2425 1164 2490 in
1183 2419 1255 2489 offi-

220 2546 273 2614 cio
289 2546 477 2634 contineat,
490 2549 758 2640 Germanosque,
773 2547 831 2638 qui
847 2542 971 2616 auxilio
989 2567 1008 2611 a
1023 2541 1133 2637 Belgis
1151 2565 1255 2609 arces-

219 2666 275 2733 siti
296 2663 504 2753 dicebantur,
525 2667 552 2734 si
571 2667 714 2760 pervim
734 2663 873 2736 nauibus
895 2664 1018 2732 flumen
1036 2661 1178 2731 transire
1200 2683 1256 2728 co·

221 2795 358 2871 nentur,
374 2783 557 2876 probibeat.
578 2788 615 2853 Ρ.
633 2788 789 2855 Crassum
806 2807 883 2854 eunt
898 2781 1090 2850 cohortibus
1109 2775 1256 2872 legiona-

220 2903 277 2971 riis
295 2902 491 2989 duodecim,
511 2918 544 2972 et
564 2928 684 2997 magno
706 2925 846 2972 numero
861 2904 1043 2996 equitatus,
1062 2901 1097 2968 in
1116 2900 1256 2992 Aquita·

220 3025 310 3090 niam
322 3021 483 3115 proficisci
494 3023 603 3117 jubet,
618 3047 661 3092 ne
675 3048 716 3092 ex
728 3024 779 3092 his
795 3021 984 3092 nationibus
998 3019 1120 3090 auxilia
1132 3021 1166 3088 in
1178 3020 1256 3089 Gal·

219 3139 297 3210 liam
316 3143 507 3231 mittantur,
524 3167 563 3212 ae
581 3157 681 3211 tanta
697 3143 848 3212 nationes
864 3142 1120 3238 conjungantur.
1136 3141 1178 3229 Q.
1196 3141 1254 3208 Ti·

219 3262 345 3330 turium
359 3263 519 3334 Sabinum
538 3261 684 3358 legatum
696 3285 772 3330 cum
789 3257 973 3355 legionibus
985 3260 1090 3329 tribus
1106 3260 1141 3328 in
1153 3255 1256 3328 Unel·

219 3379 285 3466 los,
301 3381 537 3470 Curiosolitas,
558 3383 785 3474 lexoviosque
805 3381 922 3467 mittit,
943 3382 1000 3471 qui
1019 3403 1091 3448 earn
1118 3395 1254 3445 manum

218 3499 440 3574 distinendam
460 3516 565 3571 curet.
586 3505 627 3570 D.
645 3505 785 3570 Brutum
806 3498 1046 3569 adolescentem
1066 3499 1161 3567 classi
1173 3496 1255 3566 Gal-

218 3618 355 3715 licisque
376 3620 532 3707 navibus,
556 3645 639 3713 quas
658 3644 697 3688 ex
716 3621 908 3690 Pictonibus
928 3635 961 3687 et
980 3620 1154 3704 Santonis,
1178 3617 1254 3685 reli-

216 3743 355 3835 quisque
370 3742 494 3836 pacatis
514 3741 705 3835 regionibus
726 3741 904 3808 convenire
921 3741 1079 3831 jusserat,
1096 3736 1253 3830 praeficit,

214 3875 266 3942 ct,
292 3885 395 3954 qumn
423 3863 568 3954 primum
595 3861 718 3953 possit,
739 3860 774 3926 in
796 3862 941 3928 Venetos
963 3855 1127 3950 proficisci
1149 3856 1252 3949 jubet.

214 3983 287 4071 Ipse
308 4007 348 4048 eo
369 3979 574 4073 pedestribus
590 3979 694 4071 copiis
711 3976 891 4047 contendit.
