3068 4772
285 385 337 442 162
453 383 483 440 G
503 383 599 441 suut
619 383 784 440 CAESARIS
805 381 1002 439 eottmttt'r.
1024 383 1134 440 LIBER

280 521 363 578 esset
376 507 502 578 induas
511 522 622 600 partes
642 507 721 576 urbs
739 507 859 594 divisa,
877 508 961 576 acies
981 530 1048 575 uno
1064 505 1203 578 consilio
1215 523 1315 604 atque

281 627 419 722 imperio
440 625 746 713 administraretur3
766 624 902 710 deinde,
927 639 964 694 ut
991 623 1216 696 laborantibus
1238 653 1313 698 suc·

217 795 220 800 -
278 747 384 832 curri,
396 742 661 838 atqueex'altera
681 744 794 839 oppidi
814 760 906 838 parte
915 743 1072 814 auxilium
1089 744 1166 814 serri
1185 764 1311 841 posset;

279 866 446 959 inprimis
466 888 560 949 vero,
577 849 717 957 utbqua
735 863 922 957 pabuloque
947 863 1142 952 abundaret;
1170 889 1311 959 quarum

279 983 413 1054 ulterius
440 983 486 1052 rei
509 983 645 1076 copiam
668 982 840 1077 exiguam,
865 978 999 1052 alterius
1025 979 1149 1052 nullam
1174 985 1310 1054 omuino

280 1101 468 1172 facultatem
477 1101 636 1190 habebat;
652 1099 741 1194 quod
758 1116 935 1194 utrumque
952 1097 1045 1194 palus
1058 1098 1149 1196 large
1166 1103 1311 1196 praebere

281 1235 418 1316 poterat.

328 1343 371 1410 11.
410 1342 528 1434 Neque
555 1365 632 1409 vero
661 1339 893 1410 Alexandrinis
925 1339 1135 1433 ingerendis
1171 1343 1310 1434 negotiis

280 1460 446 1532 cunctatio
483 1457 547 1528 ulla
580 1474 638 1528 aut
660 1481 752 1528 mora
779 1457 990 1527 inferebatur.
1018 1460 1105 1528 Nam
1133 1459 1166 1528 in
1196 1483 1310 1529 omnes

282 1595 405 1676 partes,
425 1601 484 1673 per
497 1603 578 1672 quas
589 1575 672 1647 fines
688 1579 818 1672 aegyptii
832 1601 1037 1672 regnumque
1050 1578 1207 1672 pertinet,
1221 1576 1309 1673 lega·

233 1709 242 1728 ²
280 1714 331 1770 tos
351 1698 670 1793 conquisitoresque,
687 1695 826 1766 dilectus
840 1694 983 1764 habendi
1002 1719 1117 1783 causa,
1135 1698 1308 1784 miserant,

281 1841 501 1913 magnumque
520 1840 694 1886 numerum
720 1815 754 1882 in
773 1813 933 1908 oppidum
957 1812 1099 1884 telorum
1126 1829 1224 1910 atque
1242 1829 1310 1884 tor·

280 1951 468 2006 mentorum
479 1948 718 2022 convexerant,
737 1947 770 2001 et
786 1931 1056 2001 innumerabilem
1064 1930 1308 2002 multitudinem

281 2053 495 2124 adduxerant.
517 2054 588 2123 Nec
603 2054 711 2121 minus
722 2051 756 2120 in
775 2051 856 2120 urbe
869 2052 1017 2120 maxime
1029 2075 1198 2122 armorum
1215 2068 1309 2126 erant

281 2174 437 2243 institute
455 2170 603 2241 officinae.
623 2173 742 2240 Servos
761 2184 916 2263 praterea
929 2170 1070 2264 puberes
1084 2187 1310 2259 armaverant,

281 2291 400 2386 quibus
430 2291 555 2359 domiui
587 2286 813 2384 locupletiores
847 2290 971 2358 victum
996 2289 1224 2383 quotidianum
1250 2292 1308 2359 sti·

282 2411 503 2506 pendiumque
520 2408 718 2503 praebebant.
737 2411 807 2478 Hac
822 2406 1033 2478 multitudine
1048 2409 1222 2503 disposita,
1234 2433 1309 2478 mu·

281 2530 422 2601 uitiones
449 2542 647 2599 semotarum
669 2529 813 2624 partium
842 2528 1036 2617 tuebantur3
1066 2543 1233 2600 veteranas
1253 2553 1309 2598 eo·

281 2652 391 2720 hortes
410 2651 530 2720 vacuas
549 2651 583 2717 in
609 2647 828 2718 celeberrimis
842 2649 938 2718 urbis
956 2647 1036 2719 locis
1054 2648 1237 2736 habebant,
1254 2664 1311 2734 ut,

282 2793 477 2864 quacunque
489 2771 623 2863 regione
639 2784 859 2863 pugnaretur,
874 2769 1010 2863 integris
1024 2768 1200 2838 viribussd
1215 2769 1309 2838 ausi·

281 2887 363 2959 lium
388 2887 557 2958 ferendum
578 2901 773 2980 opportune
795 2901 912 2956 essent.
942 2887 1106 2958 Omnibus
1131 2890 1191 2957 viis
1210 2901 1311 2981 atque

281 3009 464 3101 angiportis
472 3004 633 3100 triplicem
646 3003 770 3075 vallum
781 3005 1005 3094 obduxerant;
1020 3021 1091 3077 erat
1106 3023 1215 3077 autem
1230 3029 1311 3100 qua-

281 3124 377 3194 drato
392 3137 577 3193 exstructus
596 3146 688 3210 saxo,
706 3148 812 3218 neque
829 3125 938 3194 minus
949 3147 993 3196 ιι
1012 3125 1111 3219 pedes
1129 3125 1311 3196 altitudinis

280 3241 440 3312 babebat:
453 3256 710 3336 quaequepartes
731 3245 823 3313 urbis
839 3240 1009 3314 inferiores
1021 3260 1135 3326 eraut,
1153 3245 1212 3314 bes
1223 3242 1311 3314 altis·

280 3359 370 3430 simis
381 3361 526 3430 turribus
533 3359 692 3450 denorum
702 3358 924 3456 tabulatorum
941 3364 1136 3432 munierant
1149 3365 1313 3430 Praeterea

280 3478 360 3549 alias
371 3477 605 3550 ambulatorius
616 3479 751 3549 totidem
764 3476 1218 3564 tabulatorumconfixeraut3
1235 3479 1311 3548 sub·

276 3599 437 3694 Jectisque
452 3621 506 3668 eas
525 3601 628 3684 rotis,
646 3597 780 3668 funibus
793 3598 1016 3690 jumentisque
1033 3597 1184 3690 objectis,
1201 3597 1310 3668 direc-

280 3719 321 3786 tis
332 3717 449 3814 plsteis
467 3719 501 3787 in
518 3739 748 3812 quamcunque
768 3728 838 3784 erat
856 3715 962 3784 visum
974 3730 1100 3809 partem
1121 3717 1309 3788 movebant.

328 3839 388 3905 ΙΙΙ.
412 3838 500 3908 Urbs
518 3835 713 3907 fertilissima
734 3849 766 3902 et
782 3833 1005 3926 copiosissima
1031 3838 1181 3908 omnium
1195 3861 1311 3908 ,rerum

280 3969 457 4049 apparatus
467 3955 670 4051 suggerebat.
682 3954 750 4048 Ipsi
761 3951 931 4044 homines,
949 3955 1200 4052 ingeniosissimi
1214 3971 1313 4052 atque
