3048 4770
303 373 338 431 xl.
457 366 488 420 C.
510 365 607 421 JULll
630 365 792 422 CAESARIS
813 365 1180 451 COMMENTARIORUM

300 487 391 582 plus,
415 513 515 582 quam
538 515 586 578 se,
611 489 735 558 doloris
756 513 890 583 capere,
912 502 1087 581 propterea
1110 487 1216 581 quod,
1236 513 1339 580 quum

301 609 370 700 ipse
385 611 492 702 gratia
509 607 692 702 plurimum
710 607 800 676 domi
818 623 918 701 atque
937 609 971 676 in
994 606 1123 700 reliqua
1139 606 1263 696 Gallia,
1287 607 1340 677 ille

298 727 475 796 minimum
489 743 627 821 propter
640 726 895 798 adolescentiam
910 741 1035 821 posset,
1047 753 1107 821 par
1123 753 1158 798 se
1167 731 1339 798 crevisset:

299 847 419 939 quibus
433 849 552 940 opibus
570 872 608 915 ac
626 847 736 914 nervis
754 872 823 916 non
840 844 948 916 solum
967 846 1010 915 ad
1030 848 1247 916 minuendam
1264 873 1338 942 gra·

299 967 397 1051 tiam,
416 966 473 1033 sed
485 991 577 1059 paene
593 965 635 1033 ad
652 967 832 1059 perniciem
847 991 941 1035 suam
958 981 1107 1034 uteretur
1122 991 1212 1035 :sese
1229 982 1339 1036 temen

298 1093 332 1153 et
359 1111 472 1154 amore
500 1085 660 1170 fraterno,
690 1100 724 1153 et
739 1086 982 1154 existimatione
1006 1083 1098 1179 vulgi
1126 1087 1337 1154 commoveri.

298 1204 399 1292 Quod
416 1205 442 1272 si
460 1206 541 1298 quid
561 1207 590 1274 ei
608 1231 628 1273 a
646 1207 773 1274 Caesare
791 1207 924 1300 gravius
943 1204 1132 1291 accidisset,
1146 1230 1251 1299 quum
1268 1207 1339 1298 ipse

299 1349 375 1391 eum
395 1321 505 1392 locum
526 1325 679 1394 amicitiae
698 1325 786 1418 apud
806 1351 883 1394 eum
902 1340 1045 1409 teneret,
1067 1326 1233 1394 neminem
1258 1326 1340 1392 enis-

300 1444 514 1531 timaturum,
534 1469 602 1512 nou
621 1468 680 1512 sua
695 1443 868 1512 voluntate
884 1444 1008 1513 lactum
1026 1471 1034 1512 :
1056 1469 1120 1538 qua
1138 1469 1178 1514 ex
1196 1468 1232 1511 re
1251 1443 1339 1512 futu-

298 1573 389 1648 rum,
409 1562 457 1631 uti
481 1565 580 1631 totius
608 1561 725 1632 Galliae
743 1565 844 1631 animi
868 1589 887 1631 a
911 1589 945 1631 sc
965 1578 1206 1632 averterentur.
1226 1593 1243 1627 2>
1262 1568 1339 1632 Haec

220 1665 223 1672 Δ
297 1707 399 1774 quum
414 1681 565 1776 pluribus
581 1684 690 1751 verbis
703 1683 786 1752 flens
802 1709 821 1750 a
837 1686 965 1752 Caesare
982 1700 1122 1776 peteret,
1143 1688 1252 1754 Caesar
1268 1686 1338 1776 ejus

298 1801 449 1871 dextram
463 1802 620 1894 prendit:
641 1800 828 1870 consolatus
847 1817 945 1896 rogat
960 1803 1061 1872 finem
1081 1803 1197 1872 orandi
1213 1804 1312 1870 iaciat
1329 1831 1336 1871 :

297 1923 382 1990 tanti
407 1923 479 2014 ejus
498 1921 587 2014 apud
611 1947 645 1990 se
665 1923 804 2015 gratiam
824 1947 893 1990 esse
916 1923 1076 2010 ostendit,
1103 1925 1154 1991 uti
1171 1938 1205 1991 et
1226 1923 1337 2016 reipu-

296 2040 389 2109 blicae
410 2041 586 2134 injuriam,
605 2056 638 2109 et
659 2066 755 2110 suum
771 2040 920 2110 dolorem
939 2042 1010 2133 ejus
1026 2039 1191 2109 voluntati
1212 2067 1249 2108 ac
1267 2067 1338 2134 pre-

297 2162 389 2229 cibus
408 2161 584 2230 condonet.
606 2163 847 2255 Dumnorigem
867 2160 909 2229 ad
933 2185 968 2228 se
987 2175 1102 2246 vocat;
1127 2161 1263 2230 fratrem
1281 2161 1338 2228 ad·

296 2280 406 2365 hibet;
428 2305 502 2373 quae
519 2284 554 2348 in
573 2307 613 2349 eo
631 2281 867 2380 reprehendat,
885 2279 1044 2366 ostendit;
1066 2303 1139 2373 quae
1158 2281 1226 2373 ipse
1245 2278 1338 2348 intel·

297 2396 391 2493 ligat,
418 2425 491 2492 quae
522 2401 636 2468 civitas
667 2415 840 2493 queratur,
874 2401 1048 2494 proponit;
1083 2414 1210 2485 monet,
1238 2415 1276 2468 ut
1303 2403 1337 2468 in

296 2517 462 2612 reliquum
482 2533 612 2612 tempus
636 2543 749 2588 omnes
775 2520 977 2611 suspiciones
1000 2520 1097 2604 vitet;
1116 2521 1283 2613 praeterita
1303 2548 1337 2592 se

295 2638 461 2706 Divitiaco
487 2637 581 2706 fratri
616 2637 803 2706 condonare
830 2637 921 2706 dicit.
954 2640 1154 2733 Dumnorigi
1185 2642 1337 2712 custodes

296 2759 407 2848 ponit,
424 2773 476 2842 ut,
502 2782 575 2849 quae
596 2772 691 2851 agat,
713 2758 909 2848 quibuscum
927 2756 1103 2850 loquatur,
1122 2758 1206 2827 scire
1223 2763 1334 2852 possit.

345 2875 439 2946 XXI.
464 2878 590 2946 Eodem
616 2877 668 2946 die
698 2878 740 2945 ab
769 2875 1034 2970 exploratoribus
1061 2881 1184 2948 certior
1214 2879 1335 2966 factus,

274 3073 276 3080 Α
296 2995 406 3064 hostes
426 2997 487 3064 sub
514 3012 628 3066 monte
652 2996 834 3064 consedisse
857 2997 961 3066 millia
986 3021 1142 3090 passuum
1164 3000 1207 3067 ab
1231 2999 1335 3092 ipsius

294 3117 409 3184 castris
424 3131 519 3202 octo;
535 3116 641 3210 qualis
656 3131 741 3186 esset
757 3129 874 3186 natura
893 3118 1033 3201 montis,
1050 3131 1084 3184 et
1099 3115 1206 3210 qualis
1220 3120 1254 3187 in
1272 3119 1336 3186 cir·

294 3235 384 3301 cuitu
407 3259 575 3323 ascensus,
602 3236 659 3328 qui
684 3250 940 3329 cognoscerent,
963 3236 1063 3304 misit.
1089 3241 1332 3322 Renunciatum

293 3367 359 3440 est,
377 3351 506 3422 facilem
521 3378 599 3422 esse.
615 3358 667 3424 De
682 3357 780 3424 tertia
792 3355 906 3449 vigilia
921 3358 960 3423 T.
973 3356 1175 3441 Labienum,
1188 3355 1334 3452 legatum

294 3498 355 3566 pro
373 3489 529 3566 pretore,
550 3499 627 3543 cnm
648 3475 775 3544 duabus
793 3473 995 3570 legionibus,
1013 3491 1046 3544 et
1062 3478 1102 3546 iis
1119 3475 1259 3546 ducibus
1275 3481 1333 3571 qui

293 3593 356 3660 iter
381 3609 625 3688 cognoverant,
660 3619 828 3663 summum
855 3596 973 3688 jugum
1005 3597 1127 3664 montis
1157 3596 1333 3664 ascendere

289 3713 398 3804 jubet3
421 3713 501 3806 quid
523 3715 573 3782 sui
595 3712 723 3782 consilii
743 3714 800 3802 sit,
822 3714 975 3783 ostendit.
997 3718 1071 3806 lpse
1091 3715 1131 3782 dc
1152 3729 1269 3808 quarta
1288 3716 1333 3780 vi-

292 3832 370 3925 gilia
392 3834 507 3902 eodem
530 3836 661 3920 itinere,
686 3859 752 3927 quo
778 3835 886 3902 hostes
907 3835 1031 3918 ierant,
1053 3833 1094 3900 ad
1114 3858 1169 3902 eos
1195 3849 1332 3902 conten·

291 3951 355 4038 dit,
376 3955 627 4047 equitatumque
647 3979 779 4022 omnem
800 3968 877 4020 aute
897 3977 930 4022 se
949 3954 1062 4020 mittit.
1085 3956 1120 4020 P.
1140 3953 1331 4040 Considius,
