3068 4772
485 413 536 468 DE
557 411 679 474 auus)
699 413 814 469 ctvut
833 411 903 468 uta.
920 413 973 468 111.
1188 411 1240 471 15³

214 561 318 634 reguo
335 534 506 631 expulerat
524 562 533 604 ε
552 550 724 630 castraque
737 535 920 632 Cleopatrae
936 560 1004 605 uon
1022 534 1122 632 longo
1133 542 1241 633 spatio

214 657 256 726 ab
280 657 349 751 ejus
370 656 484 726 caenis
506 655 681 726 distabant.
702 654 756 725 Ad
777 679 854 725 eum
873 655 1050 751 Pompeius
1073 657 1183 746 misit,
1203 674 1241 728 ut

215 801 277 872 pro
295 776 438 870 hospitio
458 790 557 868 atque
578 775 722 845 amicitia
742 776 845 870 patria
862 774 1058 846 Alexandria
1081 778 1241 871 recipere·

215 911 281 983 tur,
296 910 394 989 atque
408 891 495 964 illius
509 895 626 990 opibus
643 895 677 963 in
694 892 880 964 calamitate
893 909 1067 990 tegeretur.
1085 895 1167 982 Sed,
1181 897 1238 990 qui

215 1015 258 1084 ab
279 1039 319 1084 eo
336 1014 426 1084 missi
449 1029 564 1103 erant,
586 1014 737 1085 conlecto
762 1013 933 1110 legationis
954 1014 1082 1102 officio,
1105 1013 1239 1084 liberius

214 1158 289 1202 cum
306 1131 466 1203 militibus
481 1135 566 1227 regia
585 1131 729 1228 colloqui
749 1148 938 1228 caeperunt,
957 1157 1078 1227 eosque
1097 1133 1239 1219 hortari,

214 1267 253 1321 ut
269 1275 365 1322 suum
386 1251 532 1322 officium
550 1252 707 1346 Pompeio
722 1265 933 1344 praestarent,
954 1276 1037 1322 neve
1052 1252 1123 1346 ejus
1139 1251 1240 1322 fortu-

173 1457 177 1468 ¹
214 1393 291 1440 uam
311 1369 524 1464 despicerent.
543 1373 583 1439 ln
600 1370 664 1440 hoc
678 1384 772 1440 erant
788 1391 927 1440 numero
943 1369 1129 1466 complures
1146 1375 1239 1441 Porn-

213 1481 279 1582 peii¹
296 1488 435 1576 milites,
451 1513 552 1583 quos,
571 1513 610 1562 ex
629 1489 700 1582 ejus
718 1489 861 1558 exmcitu
885 1502 1037 1584 acceptos
1062 1490 1097 1558 in
1122 1491 1238 1583 Syria,

215 1609 379 1678 Gabinius
389 1608 621 1680 Alexandriam
637 1606 884 1692 transduxerat,
902 1605 1056 1701 belloque
1072 1605 1238 1694 consecto,

213 1726 301 1821 apud
319 1725 553 1814 Ptolemaeum,
569 1740 696 1823 patrem
713 1727 825 1818 pueri,
844 1724 1031 1820 reliquerat.

260 1848 347 1917 CIV.
365 1845 424 1914 llis
443 1860 523 1914 tuuc
546 1845 687 1939 cognitis
703 1845 819 1930 rebus,
834 1845 931 1914 amici
951 1845 1057 1940 regis,
1079 1846 1136 1937 qui
1159 1867 1237 1938 pm·

211 1980 285 2060 pter
295 1979 422 2034 atatem
436 1967 505 2058 ejus
517 1965 551 2033 in
565 1965 796 2058 procuratione
809 1977 903 2034 erant
918 1965 1026 2058 regni,
1040 1964 1109 2033 sive
1121 1964 1237 2034 timore

212 2084 365 2170 adducti,
385 2098 422 2154 ut
434 2098 545 2177 postea
561 2083 800 2179 praedicabant,
820 2107 881 2171 ne,
898 2082 1074 2154 sollicitato
1089 2085 1233 2154 exercitu

212 2204 321 2296 regio,
338 2191 515 2296 Pompeius
528 2200 759 2273 Alexandriam
779 2205 1020 2299 AEgypmmque
1036 2219 1236 2300 oocuparet,

211 2321 280 2390 sive
300 2321 452 2416 despecta
472 2323 543 2416 ejus
561 2322 711 2410 fortuna,
729 2337 767 2392 ut
783 2321 979 2416 plerumque
997 2325 1032 2392 in
1050 2321 1234 2394 calamitate

210 2465 251 2510 ex
268 2442 380 2510 amicis
400 2442 523 2510 inimici
543 2443 719 2530 exsistunt,
736 2442 796 2531 iis,
812 2442 871 2534 qui
894 2456 989 2510 erant
1004 2443 1045 2510 ab
1063 2465 1103 2512 eo
1122 2443 1234 2525 misai,
1296 2445 1314 2470 “’

210 2558 317 2652 palam
332 2559 510 2629 liberaliter
521 2560 775 2654 responderunt,
791 2582 934 2651 eumque
944 2558 987 2627 ad
999 2583 1110 2653 regem
1122 2560 1236 2630 venire

162 2713 165 2720 ⁴
207 2678 400 2770 jusserunt:
420 2679 504 2772 ipsi,
526 2676 611 2748 clam
639 2676 777 2770 consilio
800 2678 901 2763 inito,
914 2676 1094 2767 Achillam,
1122 2679 1235 2774 praele·
1283 2657 1286 2664 ¹

209 2811 299 2866 ctum
318 2797 465 2890 regium,
485 2795 642 2888 singulari
660 2795 827 2864 hominem
846 2794 1003 2882 audacia,
1022 2811 1055 2866 et
1074 2798 1112 2866 la
1129 2797 1237 2890 Septi·
1315 2868 1321 2882 s

210 2916 333 3004 mium,
350 2914 520 2983 tribunum
533 2911 693 3001 militum,
709 2910 752 2981 ad
768 2913 1030 2983 interficiendum
1041 2915 1235 3008 Pompeium

210 3033 380 3100 miseruut.
395 3032 447 3101 Ab
465 3031 516 3098 hia
536 3029 714 3100 liberaliter
736 3033 805 3126 ipae
823 3030 1022 3128 appellatus,
1039 3049 1072 3102 et
1091 3034 1235 3128 quadarn

210 3151 327 3218 notitia
345 3151 494 3244 Septimii
509 3149 710 3244 productus,
727 3150 818 3244 quod
834 3150 921 3222 bello
935 3151 1129 3248 predonum
1147 3153 1235 3248 apud

163 3263 165 3268 ’
209 3291 285 3338 eum
302 3267 453 3338 ordinem
476 3269 633 3354 duxerat,
649 3267 833 3340 naviculam
850 3271 1022 3366 parvulam
1044 3273 1235 3344 conscendit

208 3413 283 3457 cum
299 3389 413 3483 paucis
430 3389 517 3476 suis;
533 3401 566 3459 et
584 3389 629 3457 ibi
649 3389 691 3458 ab
711 3387 838 3459 Achilla
857 3403 890 3460 et
906 3391 1065 3484 Septimio
1082 3391 1236 3462 interlici-

210 3522 273 3576 tur.
294 3511 379 3577 Item
397 3510 437 3578 L.
454 3505 617 3580 Lentulus
641 3508 929 3602 comprehenditur
954 3511 996 3580 ab
1019 3535 1117 3605 rege,
1143 3525 1177 3580 et
1200 3513 1258 3594 iu¹

209 3625 355 3696 custodia
373 3641 519 3698 necatur.
1244 3648 1250 3657 '

186 3777 189 3786 ·
257 3743 328 3812 CV.
361 3747 481 3832 Cacsar,
503 3771 606 3840 quum
633 3748 668 3816 in
695 3747 805 3817 Asiam
836 3747 999 3836 venisset,
1031 3747 1244 3842 reperiebat,

209 3861 248 3927 T.
259 3863 418 3955 Ampium
426 3863 789 3937 conatumcesetollere
800 3868 954 3959 pecunias
962 3867 1095 3962 Epheso
1104 3879 1145 3938 ex
1157 3865 1236 3938 fano

207 3979 343 4066 Diana,
361 3982 495 4074 ejusque
509 3985 557 4052 rei
577 4007 676 4054 causa
693 4001 860 4055 senatores
878 4009 992 4055 omues
1009 4011 1049 4056 ex
1066 3988 1235 4081 provincia
1369 4039 1372 4048 ·
