3026 4768
446 359 495 413 DE
520 356 636 413 BELLO
658 356 820 416 GALLICO
843 357 912 412 LIB.
931 357 979 411 lv.
1197 358 1228 418 81

198 478 336 567 abesset,
352 478 451 573 legati
468 481 510 547 ab
526 471 577 547 bis
593 495 923 573 venerunt,quorum
941 481 1010 547 baec
1029 480 1089 548 suit
1104 487 1230 553 oratio:

197 627 213 662 e
229 603 413 668 Germanos
439 623 545 692 neque
569 601 695 693 priores
722 599 847 693 populo
870 622 1008 667 romano
1032 596 1156 670 bellum
1181 607 1233 671 in·

197 719 301 803 serre3
319 743 425 813 neque
442 733 553 788 tamen
570 739 739 805 recusare,
756 719 782 784 si
801 717 1020 806 lacessantur,
1037 721 1116 812 quin
1134 724 1233 788 armis

197 837 418 924 contendant3
428 837 519 932 quod
528 841 772 908 Germanorum
782 836 989 906 consuetudo
1001 838 1069 907 haec
1081 840 1123 908 sit
1138 863 1234 908 ama·

198 956 324 1044 juribus
345 955 485 1043 tradita,
509 959 709 1051 quicumque
731 954 855 1025 bellum
882 955 1042 1045 inferant,
1069 959 1233 1046 resistere,

199 1099 305 1168 neque
328 1074 496 1169 deprecari
525 1101 532 1142 ε
558 1075 623 1144 hoc
651 1090 762 1143 tamen
794 1075 917 1163 dicere,
941 1077 1069 1146 venisse
1094 1077 1232 1162 invitos,

198 1194 316 1285 ejectos
332 1193 442 1262 domo.
459 1195 494 1264 si
515 1219 607 1263 suam
624 1195 762 1289 gratiam
778 1191 927 1263 Romani
937 1192 1060 1282 velint,
1076 1219 1171 1288 posse
1187 1198 1232 1264 eis

197 1311 293 1380 utiles
312 1337 380 1382 esse
399 1314 523 1384 anricus
541 1339 548 1381 :
565 1313 616 1383 vel
636 1314 698 1382 sibi
714 1337 810 1408 agros
823 1314 1020 1398 attribuant,
1038 1312 1089 1381 vel
1106 1317 1233 1408 patian-

197 1447 253 1500 tur
267 1447 470 1521 eostenere,
486 1458 568 1526 quos
585 1435 685 1503 armis
702 1432 916 1527 possederint.
935 1434 1012 1500 Sese
1028 1434 1102 1501 unis
1118 1437 1232 1503 Suevis

197 1551 391 1640 concedere,
409 1552 530 1647 quibus
547 1577 589 1620 ne
610 1553 663 1621 dei
684 1551 816 1646 quidem
834 1550 1035 1620 immortales
1051 1576 1145 1645 pares
1161 1580 1230 1622 esse

199 1673 345 1763 possint:
359 1670 523 1765 reliquum
538 1671 671 1765 quidem
686 1673 721 1739 in
739 1673 833 1739 terris
847 1661 916 1738 esse
929 1672 1114 1756 neminem,
1131 1696 1229 1762 quem

199 1815 264 1858 non
281 1815 437 1885 superare
452 1793 589 1884 possint.
605 1821 621 1856 n

249 1912 337 1980 VIII.
367 1908 413 2004 Ad
432 1910 501 1978 baee
526 1911 650 1994 Caesar,
666 1934 738 2001 quae
753 1911 860 1978 visum
881 1925 947 1996 est,
971 1909 1155 2001 r·espondit;
1174 1913 1230 1978 sed

197 2031 301 2097 exitus
320 2028 384 2098 fuit
403 2030 585 2098 orationis:
604 2028 707 2097 «Sibi
729 2027 854 2096 nullam
874 2052 950 2096 eum
974 2027 1025 2096 bis
1050 2030 1227 2098 amicitiam

197 2173 265 2218 esse
280 2173 387 2242 posse,
407 2149 437 2218 si·
450 2149 485 2216 in
501 2145 611 2216 Gallia
627 2162 834 2216 remanerent
857 2173 865 2216 :
888 2172 994 2241 neque
1011 2171 1126 2216 verum
1143 2173 1228 2237 esse,

197 2270 254 2362 qui
278 2293 353 2336 suos
377 2268 459 2338 fines
484 2269 569 2337 tueri
595 2291 661 2336 nnn
688 2269 874 2360 potuerint,
902 2266 1026 2335 alienos
1054 2291 1230 2361 occupare,

196 2413 302 2482 neque
318 2387 403 2457 ullos
420 2386 581 2457 inGalIia
596 2411 712 2455 vacare
729 2411 840 2480 agros,
857 2387 914 2479 qui
929 2387 1019 2471 dari,
1037 2400 1134 2456 tantae
1146 2412 1229 2480 prae·

196 2509 308 2576 sertim
327 2505 549 2594 multitudini,
573 2507 644 2573 siue
664 2506 786 2598 injuria
809 2507 945 2598 possint.
970 2505 1034 2574 Sed
1061 2502 1175 2593 licere,
1203 2506 1230 2572 si

196 2623 317 2709 velint,
331 2627 379 2696 ,in
401 2625 565 2722 Ubiorum
586 2624 707 2691 finibus
729 2621 912 2709 considere,
933 2647 1075 2715 quorum
1099 2625 1165 2691 sint
1184 2621 1229 2691 Ie·

195 2745 264 2838 gati
281 2743 369 2835 apud
382 2767 429 2829 se,
447 2757 480 2810 et
492 2741 534 2809 de
550 2745 732 2810 Suevorum
752 2741 882 2833 injuriis
897 2755 1094 2832 querantur,
1110 2757 1143 2809 et
1160 2767 1178 2809 a
1196 2767 1229 2810 se

195 2861 482 2955 auxiliumpetant
499 2887 506 2927 :
524 2861 587 2929 hoo
602 2887 636 2930 se
654 2861 696 2929 ab
710 2861 804 2930 Ubiis
822 2854 1088 2952 impetraturum.
1106 2891 1122 2924 »

242 2985 299 3052 tx.
323 2981 437 3076 Legati
458 2981 526 3048 haec
547 3005 581 3048 se
601 2979 643 3048 ad
661 3005 737 3049 suos
755 2977 916 3048 relaturos
938 2977 1106 3068 dixerunt,
1125 2995 1173 3068 et,
1195 3009 1228 3050 re

194 3099 392 3190 deliberem,
414 3114 488 3194 post
504 3099 590 3192 diem
612 3101 746 3168 tertium
765 3099 807 3168 ad
827 3102 988 3169 caesarem
1010 3122 1199 3170 reversuros
1219 3131 1226 3170 ε

196 3221 335 3306 interea,
351 3245 393 3290 ne
413 3221 550 3315 propius
569 3243 603 3288 se
624 3233 730 3287 castra
751 3232 911 3304 moveret,
928 3218 1104 3311 petierunt.
1124 3221 1175 3290 Ne
1194 3221 1228 3289 id

195 3338 328 3431 quidem
356 3342 465 3409 Caesar
476 3340 523 3407 'ab
545 3363 580 3407 se
601 3339 771 3432 impetrari
788 3361 881 3430 posse
901 3337 1008 3406 dixit:
1029 3356 1230 3432 cognoverat

195 3461 298 3541 enim,
324 3483 479 3551 magnam
503 3472 631 3550 partem
655 3458 820 3550 equitatus
839 3457 880 3524 ab
902 3457 941 3524 iis
964 3456 1090 3550 aliquot
1115 3457 1229 3526 diebus
1344 3471 1346 3480 “

195 3592 286 3664 aute,
308 3575 476 3671 praedandi
501 3575 789 3670 frumentandique
811 3599 925 3663 causa,
946 3574 987 3643 ad
1009 3576 1229 3644 Ambivaritos

196 3711 288 3764 trans
318 3699 446 3764 Mosam
480 3695 621 3764 missam.
654 3699 723 3763 Hos
755 3697 935 3788 exspectari
964 3695 1104 3786 equites,
1132 3708 1230 3786 atque

196 3815 267 3905 ejus
280 3818 328 3884 rei
341 3840 438 3884 causa
453 3837 579 3884 moram
594 3816 772 3908 interponi,
792 3814 1022 3883 arbitrabatur.

236 3939 279 4004 X.
305 3936 403 4004 Mosa
430 3935 565 4030 profluit
585 3959 625 4003 ex
648 3948 760 4002 monte
782 3937 932 4027 Vosegn,
953 3935 1012 4026 qui
1032 3949 1081 4002 est
1102 3935 1137 4000 in
1158 3932 1231 4000 fini·

353 4065 377 4104 1·
1066 4053 1089 4123 e
