3050 4772
260 354 314 421 194
415 345 445 399 C.
467 343 562 400 JULII
583 343 745 400 crEsxuts
768 343 1136 400 COMMENTARIORUM

258 483 321 554 set3
346 484 520 561 tantopere
542 469 709 537 licentiam
733 469 1024 564 arrogantiamque
1046 467 1302 562 reprehendere,

157 679 160 686 Ι
258 588 348 682 quod
366 588 441 683 plus
457 615 491 658 se
508 613 608 684 quam
628 591 862 688 imperatorem
880 589 921 657 de
940 589 1078 657 victoria
1096 603 1196 681 atque
1211 588 1301 656 exitu

258 735 369 779 rerum
390 713 513 780 sentire
529 711 765 779 existimarent.
785 713 856 781 Nec
876 711 987 776 minus
1008 733 1041 775 se
1058 709 1093 775 in
1108 707 1213 776 milite
1230 734 1301 777 mo-

258 831 398 898 destiam
414 845 447 898 et
461 829 700 898 continentiam
719 854 817 922 quam
831 830 990 897 virtutem
1006 842 1105 920 atque
1118 829 1220 896 animi
1234 851 1302 895 ma-

259 950 470 1044 gnitudinem
488 949 686 1018 desiderare.
703 979 719 1013 o

308 1073 396 1139 LIII.
424 1073 495 1138 Hac
514 1070 625 1138 habita
645 1071 818 1156 concione,
837 1085 870 1138 et
887 1069 929 1136 ad
946 1084 1132 1137 extremum
1153 1067 1303 1135 oratione

259 1189 464 1258 confirmatis
484 1189 661 1276 militibus,
683 1215 758 1257 ane
776 1190 819 1256 ob
840 1190 925 1257 hanc
944 1213 1074 1258 causam
1093 1189 1207 1255 animo
1226 1211 1302 1281 per·

259 1324 490 1395 moverentur,
508 1334 593 1394 neu,
612 1308 703 1401 quod
722 1310 880 1402 iniquitas
898 1307 963 1377 loci
986 1307 1167 1395 attulisset,
1188 1307 1222 1375 id
1240 1309 1304 1374 vir-

260 1430 326 1496 tuti
339 1428 486 1496 hostium
502 1430 733 1514 tribuerent3r
751 1427 866 1496 eadem
881 1428 922 1497 de
938 1429 1142 1522 profectione
1156 1429 1303 1522 cogitans

259 1574 333 1642 quae
348 1563 425 1616 ante
443 1563 603 1631 senserat,
624 1548 770 1643 legiones
793 1573 831 1617 ex
848 1550 963 1617 castris
984 1549 1113 1635 eduxit,
1134 1535 1306 1640 aciemque

260 1669 381 1738 idoneo
397 1667 471 1736 loco
487 1669 670 1736 constituit.
685 1669 802 1755 Quum
812 1668 1067 1762 Vercingetorix
1081 1666 1186 1736 nihilo
1200 1669 1303 1761 magis

261 1791 295 1856 in
313 1813 446 1882 aequum
461 1787 571 1856 locum
582 1787 811 1873 descenderet,
823 1785 887 1856 levi
904 1787 991 1857 facto
1009 1790 1154 1882 equestri
1170 1785 1304 1880 proelio,

260 1923 359 2001 atque
381 1933 421 1976 eo
446 1907 605 1992 secundo,
632 1909 666 1974 in
687 1922 793 1976 castra
821 1909 1001 1977 exercitum
1028 1908 1170 1976 reduxit.
1187 1909 1301 1996 Quum

260 2029 324 2094 hoc
341 2026 427 2095 idem
445 2042 579 2118 postero
594 2027 647 2095 die
665 2027 809 2112 fecisset,
827 2029 905 2096 satis
921 2026 961 2096 ad
978 2025 1142 2096 Gallicam
1161 2040 1303 2096 ostenta·

262 2147 386 2214 tionem
413 2145 627 2214 minuendam
658 2144 869 2239 militumque
899 2147 1027 2214 animos
1060 2145 1303 2214 confirmandos

262 2265 387 2332 factum
401 2265 608 2352 existimans,
624 2266 658 2332 in
677 2265 803 2334 AEduos
818 2279 924 2334 castra
943 2266 1056 2331 movit.
1069 2265 1120 2333 Na
1136 2279 1208 2332 tum
1225 2267 1301 2358 qui·

263 2385 339 2453 dem
356 2385 515 2452 insecutis
526 2385 691 2472 hostibus,
710 2387 808 2454 tertio
824 2384 877 2452 die
893 2383 935 2451 ad
950 2382 1072 2452 llumen
1089 2381 1209 2450 Elaver
1223 2408 1304 2476 pon-

263 2520 328 2573 tem
350 2504 478 2587 refecit,
493 2519 592 2596 atque
609 2504 792 2572 exercitum
805 2502 1000 2571 transduxit.

311 2627 400 2694 LIV.
416 2624 466 2691 Ibi
483 2621 730 2690 aViridomaro
751 2637 850 2715 atque
866 2622 1090 2717 Eporedorige
1110 2623 1224 2693 AEduis
1243 2650 1303 2718 ap·

265 2741 426 2840 pellatus,
447 2742 544 2811 discit
566 2765 642 2810 cum
662 2745 756 2809 omni
776 2743 923 2834 equitatu
944 2743 1130 2811 Litavicum
1151 2743 1193 2811 ad
1216 2743 1304 2813 solli·

265 2865 415 2932 citandos
435 2863 557 2931 AEduos
574 2859 777 2954 profectum3
790 2885 873 2954 opus
890 2885 959 2930 esse
973 2877 1005 2931 et
1016 2863 1105 2956 ipsos
1121 2863 1304 2957 praecedere

265 2982 306 3049 ad
323 2981 583 3050 confirmandam
605 2981 784 3048 civitatem.
806 2981 879 3049 Etsi
897 2979 1009 3049 multis
1027 2983 1095 3075 jam
1115 2984 1212 3052 rebus
1227 3008 1303 3077 per·
1359 2977 1371 2985 ⁴

264 3098 377 3167 fidiam
394 3100 574 3170 AEduorum
593 3112 802 3192 perspectam
814 3098 971 3184 habebat,
987 3115 1086 3192 atque
1099 3102 1219 3170 horum
1237 3102 1302 3170 dis·

266 3242 360 3288 cessu
383 3217 584 3285 admaturari
603 3215 824 3284 defectionem
845 3218 988 3285 civitatis
1006 3220 1229 3305 existimabat3
1254 3235 1302 3289 ta·

267 3363 343 3407 men
360 3336 550 3404 retinendos
562 3358 618 3403 eos
636 3359 703 3402 non
724 3338 865 3422 censuit,
881 3361 922 3404 ne
932 3351 990 3404 aut
1007 3337 1127 3406 inferro
1146 3340 1299 3433 injuriam

267 3457 451 3543 videretur,
468 3468 524 3526 aut
544 3452 623 3520 dare
641 3454 771 3522 timoris
786 3452 930 3548 aliquam
946 3459 1176 3550 suspicionem.
1191 3463 1304 3531 Disce·

268 3577 423 3646 dentibus
445 3573 664 3642 hisbreviter
686 3595 745 3639 sua
773 3573 807 3639 in
834 3573 957 3642 AEduos
986 3579 1103 3646 merita
1132 3581 1265 3672 exponit
1293 3603 1301 3646 ε

268 3725 285 3761 a
306 3697 401 3783 Quos
424 3708 457 3762 et
480 3716 577 3783 quam
608 3686 747 3758 humiles
771 3691 962 3782 accepisset,
984 3695 1170 3788 compulsos
1190 3701 1225 3766 in
1243 3725 1303 3793 op·

269 3813 362 3906 pida,
382 3808 539 3880 multatos
561 3811 663 3904 agris,
686 3807 840 3876 omnibus
863 3812 985 3902 ereptis
1004 3815 1122 3906 copiis,
1148 3819 1302 3911 imposito

270 3929 452 4022 stipendio,
468 3927 638 3996 obsidibus
654 3949 782 3994 summa
796 3951 870 3994 cum
888 3929 1086 3998 contumelia
1105 3938 1257 4022 extortis3
1269 3953 1302 4006 et
