3048 4770
405 413 479 487 ⁸ne
498 409 619 468 namo
640 413 802 469 enucleo
823 413 892 469 un.
910 414 932 468 1.
1167 428 1199 469 n

163 555 220 626 est,
239 540 346 633 posita
365 551 432 622 est,
446 559 513 604 non
525 536 630 606 'modo
646 535 814 605 frumenta
828 538 862 604 in
884 535 972 630 agris
988 551 1118 606 matura
1134 563 1203 606 non

162 677 272 744 crant,
289 656 347 726 sed
368 679 410 723 ne
427 655 539 748 pabuli
552 655 687 748 quidem
704 657 783 723 satis
800 679 919 750 magna
936 655 1033 748 copia
1051 671 1204 748 suppete-

162 778 243 846 bat:
269 802 309 843 eo
329 790 438 842 autem
464 773 646 861 frumento,
667 775 759 868 quod
779 774 916 843 flumine
937 778 1042 845 Arare
1064 775 1205 843 navibus

162 897 371 981 subvexerat,
392 907 568 988 propterea
585 896 634 962 uti
659 896 770 964 minus
788 907 938 988 poterat,
962 893 1053 988 quod
1076 895 1139 962 iter
1163 893 1205 962 ab

164 1018 264 1084 Arare
283 1012 425 1083 Helvetii
449 1029 661 1096 averterant,
683 1041 703 1083 a
731 1015 851 1108 quibus
871 1013 1039 1082 discedere
1059 1012 1203 1081 nolebat.

162 1134 257 1202 Diem
276 1158 316 1202 cx
332 1133 385 1201 die
406 1132 527 1201 ducere
547 1133 665 1219 AEdui3
679 1133 840 1221 conferri,
856 1134 1074 1226 comportari,
1091 1131 1204 1202 adesse

160 1253 279 1322 dicere
301 1253 369 1323 Ubi
395 1277 428 1322 se
451 1253 577 1322 diutius
600 1253 675 1323 duci
701 1251 879 1339 intellexit,
898 1267 932 1322 et
951 1252 1039 1320 diem
1062 1251 1203 1339 instare,

160 1398 227 1466 quo
250 1373 303 1442 die
324 1371 531 1441 frumentum
554 1372 716 1442 militibus
741 1371 852 1441 metiri
873 1385 1059 1465 oporteret,
1081 1395 1204 1440 convo—

159 1494 241 1562 catis
268 1517 384 1561 eorum
410 1492 633 1586 principibus,
660 1517 804 1586 quornm
832 1515 986 1586 magnam
1011 1491 1142 1585 copiam
1169 1493 1203 1560 in

158 1613 273 1681 eastris
297 1613 457 1697 babebat,
480 1613 514 1680 in
535 1612 587 1680 his
606 1613 789 1700 Divitiaco,
809 1626 842 1680 et
860 1615 974 1700 Lisco,
994 1613 1052 1705 qui
1072 1635 1204 1680 summo
1305 1658 1309 1668 ,

157 1736 355 1827 magistratu
369 1748 510 1827 praeernt
524 1733 635 1826 (quem
648 1733 895 1826 vergobretum
907 1730 1076 1826 appellent
1086 1725 1204 1818 AEdui,

157 1855 218 1946 qui
233 1865 367 1921 crentur
386 1875 533 1936 annuus,
552 1865 587 1919 et
604 1852 681 1918 vitre
699 1851 853 1943 necisque
872 1853 908 1919 in
926 1874 1003 1920 suos
1023 1849 1124 1917 habet
1144 1873 1204 1943 po·

157 1971 348 2066 testeum),
365 1970 511 2066 graviter
523 1993 579 2039 eos
595 1984 742 2058 accusat,
759 1971 865 2063 quod,
878 1995 983 2064 quum
999 1994 1108 2062 neque
1124 1970 1204 2055 emi,

157 2115 268 2184 neque
290 2115 331 2159 en
354 2092 442 2185 agris
460 2092 546 2159 sumi
574 2105 699 2184 posset,
725 2105 792 2160 tam
824 2092 1008 2159 necessario
1036 2104 1204 2183 tempore,

157 2226 228 2280 tam
250 2211 446 2305 propinquis
464 2211 630 2298 hostibus,
651 2210 691 2279 ab
702 2212 741 2278 iis
757 2233 825 2278 non
842 2210 1048 2296 sublevetnr3
1066 2235 1204 2304 praeser-

156 2333 219 2401 tim
233 2355 339 2424 quum
354 2355 475 2426 magna
492 2355 531 2399 en
547 2346 642 2429 parte
657 2355 774 2400 eorum
788 2329 942 2425 precibus
956 2330 1121 2398 adductus
1136 2329 1205 2398 bel·

154 2449 231 2521 lum
241 2453 437 2545 susceperit,
452 2450 559 2519 multo
570 2452 669 2521 etiam
681 2454 828 2544 gravius,
842 2450 933 2543 quod
947 2452 989 2518 sit
1003 2450 1203 2538 destitutus,

154 2587 321 2666 queritur.

203 2695 317 2762 XVII.
343 2695 429 2781 Tum
446 2691 579 2761 demum
601 2693 737 2784 Liscus,
754 2692 904 2760 oratione
920 2692 1060 2759 Caesaris
1080 2691 1204 2760 adduc-

155 2825 232 2898 tus,
255 2811 346 2904 quod
364 2826 462 2880 antea
479 2824 640 2898 tacuerat,
665 2812 824 2904 proponit
845 2835 854 2876 ε
874 2839 891 2874 α
908 2813 988 2878 Esse
1009 2809 1203 2900 nonnullos,

152 2957 303 3026 quorum
329 2933 510 3000 auctoritas
534 2929 622 3024 apud
649 2931 779 3024 plebem
800 2929 984 3024 plurimum
1007 2928 1129 3018 valeat,
1146 2933 1203 3024 qui
1314 2971 1316 2976 .

154 3053 313 3144 privatim
331 3049 406 3144 plns
422 3052 566 3144 possint,
586 3075 686 3144 quam
707 3050 769 3143 ipsi
786 3052 1005 3154 magistratus.
1027 3053 1097 3119 Hos
1117 3049 1204 3119 sedi-

157 3173 242 3240 tiosn
265 3185 365 3265 atque
394 3171 545 3265 improba
570 3170 721 3239 oratione
745 3169 993 3240 multitudinem
1022 3170 1203 3254 deterrere,

155 3316 198 3360 ne
215 3291 421 3361 frumentum
436 3291 624 3376 conserant,
641 3291 733 3385 quod
745 3305 901 3384 praestere
917 3289 1069 3359 debeant.
1084 3291 1118 3358 Si
1132 3291 1202 3383 jam

155 3411 385 3504 principatum
393 3410 512 3481 Galliae
520 3411 744 3479 obtinerenon
754 3410 893 3503 possint,
904 3409 1090 3498 Gallorum,
1102 3435 1203 3503 quem

154 3532 405 3616 Romanorum,
420 3513 559 3624 imperia
572 3530 717 3624 perferre
726 3532 828 3599 satius
839 3555 922 3615 esse;
934 3556 1042 3625 neque
1051 3531 1203 3602 dubitare

155 3648 293 3737 debere,
318 3651 416 3744 quin,
446 3653 473 3718 si
502 3648 669 3719 Helvetios
698 3654 929 3744 superaverint
954 3653 1111 3736 Romani,
1137 3677 1203 3719 una

154 3794 235 3839 cum
258 3769 384 3862 reliqua
401 3768 511 3838 Gallia
531 3768 645 3838 AEduis
669 3767 853 3838 libertatem
875 3772 942 3840 sint
965 3772 1122 3865 erepturi.
1151 3771 1204 3836 Ab

156 3890 275 3960 iisdem
292 3905 404 3958 nostra
420 3888 571 3974 consilia,
593 3915 731 3982 quaeque
748 3893 782 3958 in
804 3893 919 3960 cestris
936 3904 1108 3984 gerentur,
1126 3891 1202 3958 hos-

156 4009 249 4078 tibus
265 4011 435 4078 enunciari
449 4035 455 4077 :
471 4009 563 4077 hose
582 4034 616 4076 se
630 4012 773 4079 coerceri
785 4036 852 4079 non
865 4034 974 4105 posse3
988 4013 1068 4103 quin
1086 4012 1204 4091 etiam,
