3042 4772
285 351 341 388 aao
458 330 488 386 C.
506 329 604 386 JULII
625 329 788 386 CAESARIS
808 329 1003 388 COMMENT.
1030 333 1138 390 LIBER

286 481 443 525 nurnerus
461 455 521 523 fuit
543 479 614 522 xxx
639 453 841 539 cohortium,
859 477 935 524 cum
952 457 1118 549 equitibus
1132 479 1196 543 cn,
1212 470 1245 524 et
1265 481 1323 526 sa·

287 577 426 672 gittariis
442 600 493 646 en.
626 577 628 582 ’
1208 571 1211 578 ’

335 699 427 765 ΧΙΠ.
449 699 566 764 Hostes
584 695 732 783 interim,
751 719 893 786 quorum
918 695 983 762 dux
999 711 1070 764 erat
1084 697 1265 785 Labienus,
1285 713 1321 766 et

287 817 353 884 duo
373 815 516 916 Bacidii,
535 816 639 883 aciem
661 814 822 882 dirimunt
845 813 987 883 mirabili
1008 813 1230 911 longitudine,
1251 842 1322 885 non

287 935 453 1031 peditum,
471 935 527 1005 sed
549 935 718 1028 equitum,
732 933 933 1024 confertum3
949 949 983 1004 et
998 936 1083 1005 inter
1095 961 1152 1007 cos
1169 935 1250 1008 levis
1265 963 1322 1007 ar·

288 1072 423 1125 maturae
443 1055 605 1126 Numidas
623 1069 657 1124 et
681 1056 869 1150 sagittarios
888 1055 1013 1150 pedites
1034 1051 1321 1152 interposuerant,

286 1191 320 1243 et
338 1175 692 1261 itacondensaveraut,
709 1190 746 1258 ut
762 1173 878 1270 procul
895 1177 1072 1246 Caesariani
1087 1177 1253 1271 pedestres
1266 1201 1323 1246 co·

287 1295 357 1388 pies
364 1293 605 1364 arbitrarentur
615 1319 625 1381 ;
635 1310 668 1364 et
680 1295 832 1364 dextrum
842 1319 880 1364 ac
895 1296 1064 1364 sinistrum
1075 1321 1181 1366 cornu
1190 1299 1320 1392 magnis

289 1411 435 1504 equitum
452 1415 556 1506 copiis
572 1414 793 1484 firmaverant.
814 1415 949 1483 Interim
965 1418 1076 1488 Ctesar
1092 1419 1194 1486 aciem
1204 1416 1320 1513 dirigit

288 1531 487 1628 simplicem,
510 1548 548 1602 ut
569 1549 721 1630 poterat,
740 1549 875 1631 propter
889 1536 1086 1628 paucitatem
1106 1562 1114 1603 ε
1133 1538 1319 1630 sagittarios

289 1668 366 1723 ante
381 1656 485 1724 aciem
506 1655 675 1724 constituit
699 1681 707 1723 ε
726 1656 853 1748 equites
866 1654 981 1724 dextro
998 1655 1196 1748 sinistruque
1213 1679 1319 1724 cornu

290 1757 443 1867 opponit,
461 1790 494 1844 et
509 1777 553 1844 ita
567 1776 730 1869 praecipit,
744 1789 783 1842 ut
799 1774 1029 1868 providerent,
1050 1799 1092 1844 ne
1108 1773 1319 1844 multitudine

289 1891 454 1986 equitatus
471 1895 616 1964 hostium
629 1895 946 1964 circumvenirentur
964 1919 972 1962 τ
991 1893 1197 1962 existimabat
1209 1897 1318 1981 enim,

289 2037 322 2080 se
341 2039 415 2082 cum
433 2014 638 2108 pedestribus
656 2013 758 2106 copiis
772 2015 841 2082 acie
859 2015 1017 2083 instructa
1034 2011 1276 2083 dimicaturum.

335 2137 424 2202 XIV.
444 2137 557 2222 Quum
576 2133 732 2225 utrinque
752 2135 953 2227 exspectatio
966 2132 1077 2222 fieret,
1091 2159 1198 2228 neque
1209 2137 1317 2204 Caesar

287 2277 321 2321 se
342 2266 543 2337 removeret,
561 2267 685 2322 etcum
704 2277 838 2321 suorum
855 2257 1018 2346 paucitate
1033 2268 1148 2324 contra
1165 2279 1317 2348 magnam

289 2374 355 2442 vim
369 2372 515 2442 hostium
527 2371 664 2443 artificio
676 2375 794 2468 magis,
805 2397 904 2466 quam
920 2375 1061 2462 viribus,
1075 2373 1316 2444 decernendum

287 2494 432 2580 videret,
455 2493 563 2562 subito
584 2494 846 2562 adversariorum
866 2494 1028 2586 equitatus
1044 2519 1111 2564 sese
1128 2493 1317 2581 extendere,

287 2631 319 2683 et
347 2617 380 2683 in
403 2613 609 2683 latitudinem
632 2637 844 2708 promovere,
877 2611 1039 2707 collesque
1067 2613 1259 2710 complecti,
1284 2629 1318 2682 et

288 2737 423 2805 Caesaris
443 2734 625 2827 equitatum
644 2747 839 2820 extenuare,
856 2731 1018 2827 simulque
1045 2734 1086 2804 ad
1112 2736 1316 2804 circumeun-

287 2856 367 2923 dum
386 2857 577 2948 comparare
596 2877 630 2922 se
647 2868 826 2946 coeperunt.
853 2855 1029 2923 Cesariani
1052 2855 1178 2948 equites
1201 2877 1315 2923 eorum

287 2973 533 3043 multitudinem
562 2997 646 3068 aegre
674 2975 887 3042 sustinebant.
920 2975 1014 3043 Acies
1041 2975 1172 3042 iuterim
1202 2972 1330 3073 medie

286 3089 597 3184 quum'concurrere
611 3108 824 3181 conarentur,
839 3095 949 3163 subito
958 3119 1001 3163 ex
1014 3094 1187 3162 condensis
1198 3093 1315 3162 turmis

286 3211 411 3305 pedites
431 3211 585 3280 Numidae
606 3211 685 3280 levis
703 3228 877 3282 armaturae
898 3238 975 3282 cum
999 3211 1162 3305 equitibus
1181 3234 1316 3304 procur·

285 3347 385 3420 runt,
405 3347 438 3400 et
455 3333 541 3400 inter
558 3331 756 3428 legionarios
779 3332 899 3402 milites
913 3331 1022 3426 jacula
1040 3329 1229 3421 conjiciunt.
1250 3327 1314 3395 Hic

284 3479 388 3547 quum
405 3455 582 3524 caesariani
600 3458 633 3524 in
654 3480 710 3524 eos
727 3455 883 3548 impeturn
899 3451 1066 3537 fecissent,
1079 3447 1211 3517 illorum
1227 3449 1318 3541 equi·

285 3587 333 3642 tes
351 3573 582 3669 refugiebant:
601 3565 725 3669 pedites
744 3573 873 3642 interim
893 3569 1105 3656 resistebant,
1122 3566 1202 3635 dum
1221 3569 1316 3660 equi-

288 3709 335 3762 tes
352 3693 481 3783 rursus,
498 3719 595 3764 cursu
612 3709 785 3780 renovato,
804 3688 968 3784 peditibus
985 3689 1051 3757 suis
1075 3701 1314 3758 succurrerent.

333 3815 407 3885 XV.
434 3819 557 3904 Caesar,
582 3838 667 3884 novo
689 3835 804 3906 genere
830 3806 1101 3904 pugnaeoblato,
1126 3833 1229 3902 quum
1246 3809 1315 3878 ani-

287 3936 520 4024 madverteret,
550 3919 682 4005 ordines
706 3957 840 4003 suorum
867 3933 901 4001 in
935 3929 1162 4028 procurrendo
1189 3929 1316 4000 turbari
