3042 4772
278 380 333 448 11.ss
432 380 578 436 c.JtJL11
598 379 760 436 OEsuuls
782 380 1146 437 COMMENTARIORUM

276 506 437 592 timuisse,
467 507 609 596 quinon
636 506 829 574 necessarias
854 505 1086 597 conquirerent
1113 499 1326 596 voluptates.¹

277 631 321 694 At
337 625 370 692 hi
388 624 569 694 miserrimo
586 649 625 694 ac
643 624 870 716 potentissimo
885 625 1043 692 exercitui
1059 623 1195 694 Caesaris
1212 620 1309 692 luxu·

276 745 357 812 riem
368 743 585 836 objiciebant,
597 746 652 811 cui
663 767 791 836 semper
802 744 912 812 omnia
924 742 968 812 ud
981 743 1195 812 necessarium
1212 766 1309 811 usum

277 862 461 934 defuissent.
475 863 668 954 Pompeius,
681 864 749 956 jam
763 887 866 954 quum
880 865 965 930 iutra
980 859 1102 931 vallum
1115 862 1220 930 nostri
1238 885 1310 930 ver·

277 997 586 1074 serentur,equum
618 996 751 1068 nactus,
781 980 934 1050 detractis
960 980 1144 1074 insignibus
1168 979 1310 1072 impere-

278 1103 388 1188 toriis,
408 1091 590 1170 decumana
603 1116 698 1196 porta
719 1125 754 1169 se
769 1125 808 1169 ex
828 1100 943 1168 castris
961 1100 1073 1190 ejecit,
1092 1100 1310 1192 protinusque

277 1245 362 1312 equo
378 1220 479 1289 citato
496 1222 659 1289 Larissam
676 1218 856 1288 contendit.
873 1219 988 1310 Neque
1006 1219 1051 1284 ibi
1068 1219 1235 1305 constitit,
1253 1217 1310 1286 sed

277 1339 388 1408 eadem
406 1337 587 1425 celeritate,
607 1363 729 1433 paucos
748 1365 825 1408 suos
843 1361 881 1406 ex
899 1338 978 1430 suga
994 1353 1125 1424 nactus,
1144 1352 1310 1406 nocturno

277 1459 394 1526 itincre
419 1481 486 1525 nou
517 1458 719 1546 intermisso,
747 1457 906 1526 comitatu
932 1457 1081 1548 equitum
1110 1458 1244 1550 triginta
1267 1457 1314 1525 erl

278 1601 367 1646 mure
404 1577 566 1669 pervenit,
605 1599 785 1669 navemque
818 1574 1065 1644 frumentariam
1102 1575 1309 1662 conscendiu

278 1721 381 1789 saepe,
400 1710 437 1764 ut
457 1695 647 1782 dicebatur,
665 1720 819 1788 querens,
839 1709 968 1763 tautum
997 1719 1030 1762 se
1049 1696 1239 1788 opinionem
1265 1695 1309 1762 le·

278 1813 411 1901 sellisse,
430 1830 484 1901 ut,
502 1840 520 1884 a
540 1840 607 1908 quo
623 1839 740 1908 genere
757 1815 929 1882 hominum
950 1815 1117 1908 victoriam
1136 1829 1309 1908 sperasset,

280 1935 321 2001 ab
339 1959 397 2019 eo,
417 1935 513 2003 initio
529 1934 613 2028 fugae
633 1935 737 2020 facto,
757 1959 848 2026 paene
868 1933 1019 2026 proditus
1038 1933 1212 2004 videretur.

327 2055 464 2122 XCVII.
486 2055 613 2139 Caesar,
629 2055 741 2122 castris
756 2055 898 2146 potitus,
913 2052 1103 2121 amilitibus
1120 2051 1308 2139 contendit,

279 2193 337 2256 ne,
355 2171 388 2236 in
406 2169 516 2262 praeda
534 2174 705 2264 occupati,
726 2170 842 2264 reliqui
872 2172 992 2266 negotii
1013 2169 1147 2264 gerendi
1172 2170 1310 2240 faculta-

278 2302 343 2355 tem
364 2287 575 2357 dimitterent.
609 2291 687 2378 Qua
706 2290 949 2384 reimpetrata,
971 2304 1116 2358 montem
1137 2314 1236 2383 opere
1253 2292 1310 2358 cir

278 2408 468 2474 cumvenire
488 2407 639 2476 instituit.
658 2409 866 2502 Pompeiani,
882 2407 972 2500 quod
991 2409 1018 2474 is
1038 2433 1132 2478 mous
1152 2423 1222 2476 erat
1239 2410 1310 2478 sine

259 2549 378 2617 ¹nque,
392 2524 489 2593 diffisi
505 2528 535 2594 ei
552 2525 639 2613 loco,
659 2526 774 2596 relicto
789 2541 916 2614 moute,
936 2528 1078 2596 universi
1096 2529 1201 2622 (juris
1219 2527 1307 2620 ejus)

279 2645 443 2712 Larissam
461 2663 576 2713 versus
592 2668 626 2713 se
642 2646 790 2740 recipere
805 2661 985 2738 coeperunt.
1003 2648 1076 2734 Qua
1095 2672 1153 2740 spe
1168 2645 1324 2716 animab

278 2786 388 2850 versa,
417 2765 526 2832 Caesar
554 2765 665 2858 copias
684 2789 758 2833 suas
777 2763 903 2852 divisit,
923 2780 1114 2860 partemque
1142 2765 1310 2862 legionum

278 2881 442 2952 incastris
460 2883 606 2976 Pompeii
623 2907 790 2952 remanere
804 2885 918 2976 jussit,
936 2900 1064 2977 partem
1079 2887 1113 2954 iu
1130 2911 1187 2955 sua
1205 2901 1311 2956 castro

279 3004 421 3088 remisit,
440 3019 583 3095 quatuor
602 3029 712 3104 mum
732 3002 876 3099 legiones
895 3005 1003 3092 duxit,
1022 3005 1311 3100 commodioreque

278 3121 395 3189 itinere
411 3124 618 3216 Pompeianis
638 3147 810 3198 occurrere
828 3128 943 3219 coepit,
963 3139 996 3192 et
1021 3151 1212 3220 progressus
1234 3123 1309 3194 mil·

279 3236 321 3305 lie
342 3261 496 3330 passuum
514 3265 588 3327 sex,
609 3241 712 3310 aciem
732 3243 895 3312 instruxit.
916 3245 993 3330 Qua
1012 3269 1046 3312 re
1065 3244 1310 3328 animadversa,

278 3358 470 3449 Pompeiani
488 3359 522 3426 in
540 3359 683 3452 quodam
704 3376 817 3430 moute
838 3363 1056 3431 constiterunt
1075 3389 1084 3430 z
1111 3362 1201 3430 huuc
1219 3385 1309 3430 uron-

278 3487 342 3544 tem
362 3474 486 3546 llumeu
513 3477 694 3548 subluebat.
723 3484 850 3566 Caesar,
879 3478 996 3549 milites
1020 3480 1226 3566 cohortatus,
1248 3479 1309 3548 etsi

277 3595 379 3664 totius
396 3594 460 3666 diei
477 3598 658 3668 continenti
678 3597 899 3671 laboreeraut
914 3597 1072 3682 confecti,
1092 3621 1222 3690 noxque
1239 3597 1309 3690 jem

277 3713 431 3803 suberat,
449 3730 558 3786 tamen
578 3718 761 3787 munitione
780 3716 902 3784 llumen
922 3741 941 3784 a
962 3729 1073 3784 moute
1091 3715 1246 3806 seclusit,
1269 3743 1309 3786 ne

278 3848 377 3904 noctu
410 3839 524 3927 aquari
556 3838 745 3932 Pompeiani
779 3849 921 3930 possent.
957 3836 1034 3924 Quo
1066 3836 1136 3928 jam
1164 3838 1310 3930 perfecto

277 3974 390 4044 opere,
407 3951 454 4022 illi
473 3954 514 4024 de
532 3955 716 4038 deditione,
735 3955 841 4024 missis
861 3953 994 4049 legatis,
1011 3979 1107 4050 agere
1123 3972 1308 4052 coeperunt.
