3050 4772
432 411 482 466 DE
501 411 621 467 BELLO
642 413 804 468 GALLICO
824 414 891 469 LlB.
911 415 988 469 Vlll.
1175 420 1231 473 225

187 552 258 606 erat
280 538 462 638 mediocre,
483 555 519 608 ut
540 541 574 607 in
595 540 857 634 expeditionibus
877 566 945 609 esse
969 545 1157 637 consuevit)
1179 571 1232 612 co-

187 674 280 752 geret
305 658 496 742 undecima,
524 685 565 727 ne
588 662 721 754 majoris
748 660 972 731 multitudinis
1001 663 1124 756 species
1150 666 1233 730 acci-

187 779 266 846 dere
283 779 435 848 hostibus
456 795 567 873 posset
587 805 687 873 quam
712 782 774 875 ipsi
792 781 1070 875 depoposcissent.
1094 785 1163 850 Hac
1183 807 1234 849 ra-

188 899 279 966 tione
297 923 391 992 paene
413 899 576 993 quadrato
602 902 733 995 agmine
756 903 934 990 instructo,
961 903 994 970 in
1019 918 1232 996 conspectum

187 1019 350 1101 hostium,
364 1019 503 1088 celerius
518 1022 675 1116 opinione
693 1046 823 1106 eorum,
840 1023 1022 1092 exercitum
1036 1023 1181 1092 adducit.

236 1141 295 1205 IX.
312 1139 427 1226 Quum
439 1147 576 1233 repente
592 1142 770 1210 instructas
786 1140 876 1210 velut
892 1143 926 1210 in
941 1143 1011 1211 acie
1025 1159 1114 1212 certo
1128 1143 1234 1238 gradu

188 1257 336 1351 legiones
356 1258 512 1330 accedere
530 1259 620 1329 Galli
642 1260 804 1350 viderent,
823 1286 966 1354 quorum
989 1277 1084 1331 erant
1107 1262 1149 1332 ad
1167 1265 1235 1333 Cae·

188 1402 296 1446 sarem
310 1376 409 1472 plena
425 1379 556 1448 fiduciae
570 1377 709 1449 consilia
723 1379 864 1474 perlata,
880 1384 948 1450 sive
968 1384 1159 1452 certaminis
1176 1409 1233 1478 pe·

187 1497 312 1583 riculo,
327 1500 397 1567 sive
410 1500 520 1567 subito
533 1499 695 1586 adventu,
709 1525 767 1570 seu
778 1504 1022 1594 exspectatione
1036 1505 1141 1570 nostri
1154 1527 1233 1572 con·

189 1617 272 1705 silii,
298 1619 412 1713 copias
436 1620 607 1688 instruunt
630 1645 692 1712 pro
717 1622 851 1709 castris,
877 1646 938 1689 nec
963 1621 1038 1690 loco
1061 1624 1233 1714 superiore

188 1737 361 1809 decedunt.
381 1742 507 1826 Caesar,
523 1742 584 1808 etsi
603 1739 760 1808 dimicare
776 1755 963 1834 optaverat,
981 1755 1108 1829 tamen,
1126 1740 1231 1808 admi·

187 1873 280 1928 ratus
307 1872 435 1928 tantam
456 1857 705 1928 multitudinem
726 1860 892 1947 hostium,
914 1859 999 1928 valle
1025 1861 1230 1947 intermissa,

189 1981 294 2074 magis
314 1981 348 2047 in
368 1979 579 2049 altitudinem
602 1969 756 2073 depressa
779 2004 880 2072 quam
905 1977 970 2048 late
990 1993 1140 2074 patente,
1162 2003 1230 2047 cas-

189 2113 242 2166 tra
264 2101 379 2168 castris
402 2101 559 2168 hostium
574 2099 709 2168 confert.
737 2103 814 2168 Haec
837 2099 978 2194 imperat
998 2098 1086 2168 vallo
1109 2098 1232 2193 pedum

188 2243 238 2288 xu
270 2220 414 2303 muniri',
440 2218 679 2314 loriculamque
706 2244 769 2313 pro
794 2220 922 2288 ratione
948 2223 1019 2313 ejus
1047 2219 1231 2289 altitudinis

190 2339 400 2426 inaedificari3
419 2340 538 2409 fossam
559 2338 725 2434 duplicem
742 2334 865 2433 pedum
881 2341 1022 2429 quinum
1041 2341 1163 2408 denum
1186 2341 1232 2409 la·

190 2460 316 2530 teribus
336 2461 468 2531 directis
489 2460 646 2554 deprimi3
666 2473 773 2528 turres
793 2461 925 2528 crebras
947 2461 1082 2530 excitari
1104 2463 1137 2527 in
1157 2458 1232 2529 alti·

191 2581 339 2650 tudinem
361 2605 400 2650 111
424 2581 668 2669 tabulatorum‚'
692 2580 849 2674 pontibus
873 2582 1018 2673 trajectis
1042 2580 1232 2649 constratis-

189 2726 255 2796 que
276 2701 449 2795 conjnngi,
474 2725 619 2794 quorum
646 2699 771 2768 frontes
791 2699 934 2767 viminea
955 2697 1094 2767 loricula
1122 2699 1231 2766 muni·

189 2837 322 2909 rentur;
338 2837 377 2920 ut
398 2822 439 2889 ab
456 2821 608 2889 hostibus
625 2819 751 2914 duplici
772 2819 878 2903 fossa,
896 2816 1023 2912 duplici
1041 2841 1232 2911 propugna-

191 2958 303 3012 torum
328 2941 443 3010 ordine
460 2939 708 3026 defenderetur,
726 2963 868 3032 quorum
892 2935 975 3006 alter
996 2963 1036 3004 ex
1061 2938 1231 3031 pontibus,

189 3088 257 3156 quo
275 3063 379 3131 tutior
396 3059 572 3130 altitudine
588 3074 685 3145 esset,
702 3060 765 3127 hoe
781 3058 937 3127 audacius
954 3056 1152 3153 longiusque
1165 3056 1231 3128 tela

190 3184 417 3278 permitteret,
433 3179 529 3268 alter,
546 3181 604 3273 qui
620 3181 758 3274 propior
771 3180 901 3248 hostem
921 3178 956 3246 in
977 3179 1051 3272 ipso'
1063 3176 1149 3246 vallo
1166 3177 1231 3247 col-

191 3302 318 3372 locatus
333 3317 433 3390 esset,
448 3317 551 3396 ponte
567 3301 607 3370 ab
627 3299 847 3368 incidentibus
865 3297 938 3368 telis
956 3313 1131 3393 tegeretur.
1150 3303 1230 3367 Por·
1314 3319 1317 3326 ·

191 3425 232 3492 tis
248 3424 334 3492 fores
351 3421 550 3517 altioresque
568 3435 675 3489 turres
692 3421 859 3514 imposuit.

238 3549 281 3614 X.
307 3549 414 3639 Hujus
433 3543 628 3611 munitionis
643 3539 764 3634 duplex
783 3556 853 3610 erat
869 3539 1068 3610 consilium:
1089 3561 1231 3630 namque

193 3680 226 3736 et
253 3663 685 3760 operum'magnitudinem
711 3676 744 3730 et
772 3664 926 3730 timorem
952 3684 1047 3729 suum
1077 3659 1232 3751 sperabat
1283 3703 1284 3708 κ

191 3785 343 3856 fiduciam
363 3786 514 3854 barbaris
536 3783 737 3868 allaturum3
759 3797 808 3870 et,
830 3805 933 3875 quum
950 3777 1143 3873 pabulatum
1163 3777 1232 3845 fru-

190 3921 441 4000 mentatumque
461 3904 594 3999 longius
612 3918 696 3971 esset
719 3899 1016 3996 proficiscendum,
1039 3900 1150 4009 parvis
1176 3923 1232 3966 co-

190 4029 255 4122 piis
275 4043 381 4098 castra
406 4027 590 4095 munitione
609 4023 681 4115 ipsa
703 4022 836 4092 videbat
861 4044 955 4114 posse
976 4017 1118 4087 defendi.
1142 4022 1232 4086 lnte·

339 4173 360 4216 t.
1050 4133 1088 4206 ¹5
