3050 4772
443 313 494 370 DE
515 313 635 368 annm
655 313 818 370 GALLICO
838 313 908 369 LIB.
927 313 990 368 v11.
1181 307 1237 365 205
1354 339 1363 348 -

199 435 431 507 transcendere
462 451 636 506 conantur.
667 435 807 506 Paulum
839 435 983 532 legiones
1010 438 1132 522 Caesar,
1157 459 1239 528 quas

200 555 365 650 provallo
382 557 616 642 constituerat,
633 557 822 651 promoveri
843 557 947 649 jubet.
963 557 1040 627 Non
1056 555 1171 649 minus·
1183 558 1240 648 qui

200 677 288 745 intra
314 677 517 745 munitiones
547 692 643 745 erant
664 675 754 746 Galli
781 677 1019 770 perturbantur
1032 658 1045 760 3¹
1063 674 1171 744 veniri
1199 673 1242 742 ad

202 821 236 864 se
261 795 434 865 confestim
458 796 699 880 existimantes,
724 795 767 864 ad
791 819 882 864 arma
908 794 1138 880 conclamant3
1159 819 1243 862 non-

202 915 286 985 nulli
316 917 484 1011 perterriti
512 917 547 984 in
574 916 736 1010 oppidum
762 916 964 1008 irrumpunt.
989 915 1244 1009 Vercingetorix

200 1036 295 1128 jubet
323 1050 435 1130 portas
458 1032 588 1120 claudi,
615 1059 657 1103 ne
675 1049 783 1104 castra
803 1033 983 1103 nudentur.
1008 1031 1125 1102 Multis
1146 1034 1244 1102 inter·

204 1153 316 1242 fectis,
342 1151 571 1248 compluribus
603 1156 696 1248 equis
725 1155 849 1248 captis,
875 1153 1036 1222 Germani
1063 1177 1133 1222 sese
1161 1155 1244 1222 roei·
1364 1189 1365 1194 .

205 1277 312 1370 piunt.
1165 1279 1167 1283 ’

253 1399 374 1465 LXXI.
392 1398 660 1493 Vercingetorix,
683 1398 878 1490 priusquam
896 1396 1097 1466 munitiones
1117 1395 1158 1464 ab
1177 1397 1246 1465 Ro-

207 1516 312 1584 manis
335 1515 566 1609 perficiantur,
585 1513 759 1585 consilium
777 1516 867 1608 capit
890 1509 1023 1583 omnem
1042 1516 1083 1583 ab
1103 1540 1138 1583 se
1157 1515 1248 1607 equi·

208 1649 315 1704 tatum
340 1650 442 1704 noctu
461 1635 636 1704 dimittere.
660 1634 914 1705 Discedentibus
936 1633 1073 1702 mandat
1090 1647 1129 1702 ut
1155 1657 1248 1701 suam

208 1755 348 1848 quisque
364 1779 480 1823 eorum
497 1755 665 1823 civitatem
684 1753 796 1841 adeat,
818 1777 1000 1846 omnesque
1014 1753 1077 1846 qui
1090 1776 1150 1846 per
1168 1766 1247 1821 aeta·

210 1889 277 1942 tem
298 1899 391 1942 arma
412 1873 498 1943 ferre
518 1874 646 1968 possint
671 1873 714 1944 ad
733 1871 860 1942 bellum
877 1887 1008 1967 cogant.
1031 1875 1097 1941 Sua·
1117 1873 1152 1939 in
1175 1868 1250 1940 illos

209 1994 327 2064 merita
343 1994 518 2087 proponit3
534 1993 813 2086 obtestaturque«
828 2005 866 2060 ut
877 2016 943 2060 suae
957 1990 1071 2062 salutis
1086 1992 1250 2062 rationem

211 2113 374 2194 babeant,
385 2138 450 2182 neu
464 2138 515 2197 se,
531 2113 573 2181 de
586 2114 756 2182 communi
771 2110 925 2182 libertate
936 2113 1062 2208 optime
1078 2112 1251 2197 meritum,

212 2233 247 2300 in
273 2235 456 2302 cruciatum
480 2232 630 2302 hostibus
655 2232 789 2302 dedant.
814 2232 916 2322 Quod
940 2233 968 2300 si
991 2229 1252 2325 indiligentiores

209 2351 354 2439 fuerint,
375 2353 479 2422 millia
498 2354 673 2423 hominum
698 2351 825 2422 delecta
843 2377 932 2420 nxxx
954 2375 1020 2419 rina
1040 2373 1150 2420 secum
1171 2350 1254 2416 inte-

213 2473 318 2541 ritura
335 2472 548 2542 demonstrat.
566 2474 710 2542 Ratione
731 2473 832 2558 inita,
849 2471 1054 2540 frumentum
1079 2493 1113 2538 se
1137 2469 1254 2561 exigue

215 2591 344 2660 dierum
368 2617 439 2660 xxx
463 2589 608 2675 babere,
633 2592 691 2662 sed
714 2589 814 2687 paulo
838 2591 938 2658 etiam
961 2586 1093 2682 longius
1115 2585 1256 2655 tolerare

215 2735 312 2806 posse
327 2710 533 2806 parcendo.»
550 2712 610 2781 His
628 2712 714 2780 datis
730 2709 914 2796 mandatis,
931 2732 997 2801 qua
1016 2719 1086 2776 erat
1104 2718 1256 2772 nostrum
1315 2731 1316 2736 ¹

210 2856 300 2927 opus
328 2833 576 2918 intermissum,
604 2830 747 2900 secunda
769 2826 884 2923 vigilia
915 2824 1048 2896 silentio
1072 2824 1256 2916 equitatum

217 2951 364 3020 dimittit.
394 2955 614 3023 Frumentum
640 2975 739 3019 omne
766 2948 808 3018 ad
835 2973 870 3016 se
897 2945 984 3015 ferri
998 2944 1113 3036 jubet3
1140 2941 1257 3036 capitis

217 3097 349 3166 poenam
371 3077 411 3146 iis
432 3075 491 3170 qui
514 3098 582 3142 non
605 3071 779 3166 paruerint
804 3065 988 3137 constituit.
1014 3067 1139 3148 Pecus,
1162 3062 1257 3155 cujus

220 3225 341 3296 magna
361 3213 431 3268 erat
450 3194 493 3264 ab
512 3192 705 3264 Mandubiis
722 3188 903 3282 compulsa
916 3186 1030 3281 copia,
1051 3184 1175 3254 viritim
1195 3181 1260 3249 dis·

174 3395 182 3423 ι
222 3321 348 3389 tribuit.
370 3322 590 3387 Frumentum
613 3335 711 3406 parce
732 3323 766 3378 et
788 3305 948 3401 paulatim
969 3304 1079 3372 metiri
1107 3301 1259 3386 instituit.
1366 3317 1369 3327 ‘

223 3442 344 3534 Copias
369 3462 484 3506 omnes
511 3458 594 3529 quas
625 3456 685 3524 pro
699 3489 702 3494 Α
717 3426 840 3523 oppido
866 3424 1084 3494 collocaverat
1113 3422 1148 3488 in
1167 3420 1262 3512 oppi-

216 3561 304 3629 -dum
325 3559 453 3652 recipit.
478 3556 539 3623 His
562 3549 746 3621 rationibus
770 3544 892 3616 auxilia
917 3540 1034 3614 Galliae
1058 3551 1261 3633 exspectare,
1349 3557 1351 3560 ·

225 3696 259 3750 et
273 3679 399 3750 bellum
416 3676 648 3746 administrare
664 3683 769 3766 parat.

237 3829 240 3834 ·
274 3801 415 3870 LXXII.
436 3796 569 3886 Quibus
587 3793 687 3861 rebus
709 3813 750 3858 ex
769 3785 970 3881 perfugiset
993 3780 1130 3874 captivis
1152 3777 1265 3873 cogni·

217 3923 286 4004 -tis,
307 3923 416 3990 Casar
437 3918 514 4008 haec
530 3936 653 4009 genera
676 3908 872 3980 munitionis
889 3901 1042 3998 instituit.
1060 3904 1193 3968 Fossam
1212 3921 1266 3991 pe·
