3042 4772
307 403 363 443 aaa
481 385 511 441 G
532 385 630 442 JULII
652 386 814 443 CAESARIS
835 385 1032 442 oouttutt'r.
1054 388 1161 442 LIBER

267 537 270 542 ·
305 512 471 579 conversis
493 511 707 594 cohortibus,
735 524 773 578 ut
796 534 862 579 una
887 525 963 604 post
987 509 1124 578 alteram
1146 523 1222 577 ante
1247 509 1346 602 signa

306 631 464 700 tenderet.
484 633 535 699 lta
551 653 709 698 coronam
726 631 870 698 hostiurn
886 629 1005 699 dextro
1021 630 1220 722 sinistroque
1235 653 1343 698 cornu

305 744 595 836 mediam'dividi13
622 764 656 818 et
688 773 788 818 unam
819 762 945 843 partem
974 749 1016 816 ab
1046 747 1147 816 altera
1175 747 1340 816 exclusam

306 870 472 961 equitibus
497 869 694 937 intrinsecus
721 869 856 937 adortus
881 893 958 936 cum
981 868 1145 962 peditatu,
1168 866 1238 936 telis
1258 893 1342 936 con·

303 989 397 1081 jectis
417 989 452 1057 in
472 987 583 1082 fugam
601 988 701 1056 vertit
720 1013 728 1055 :
748 1011 855 1080 neque
874 986 1004 1082 longius
1022 1011 1233 1082 progressus,
1253 990 1343 1056 veri-

306 1124 358 1178 tus
369 1108 521 1191 insidias,
535 1099 620 1178 sc'ad
637 1132 715 1177 suos
724 1108 849 1201 recipit
867 1107 959 1176 Idem
974 1106 1078 1176 altera
1096 1133 1174 1202 pars
1191 1109 1342 1202 equitum

306 1227 519 1322 peditumque
545 1227 683 1297 Caesaris
706 1227 793 1296 sacit.
816 1228 876 1295 His
899 1228 999 1296 rebus
1022 1229 1139 1321 gestis,
1160 1251 1198 1295 ac
1221 1225 1341 1320 procul

306 1348 456 1416 hostibus
467 1345 607 1440 repulsis
616 1344 941 1440 consummatisque,
958 1345 1070 1415 adsue
1087 1345 1237 1439 praesidia
1252 1371 1340 1433 sese,

305 1467 392 1536 sicut
410 1480 481 1536 crat
499 1466 696 1550 instructus,
715 1467 859 1560 recipere
875 1466 983 1560 coepit.
1086 1519 1089 1526 .

352 1587 479 1656 XVlll.
502 1586 639 1654 Interim
662 1587 709 1652 M.
728 1587 875 1654 Petreius
896 1599 930 1654 et
948 1587 1011 1654 Cn.
1036 1585 1111 1654 Piso
1127 1609 1201 1652 cum
1219 1586 1342 1677 equiti-
1370 1599 1374 1608 '

307 1704 368 1773 bus
386 1703 540 1774 Numidis
570 1727 620 1774 uo
641 1702 771 1792 electis,
799 1704 1013 1798 peditatuque
1041 1706 1187 1798 ejusdem
1207 1707 1341 1799 'generis

307 1824 385 1890 satis
412 1823 548 1916 grandi,
572 1847 612 1890 ex
635 1824 751 1891 itinere
777 1839 865 1892 recta
887 1823 1036 1908 subsidio
1052 1827 1119 1894 suis
1145 1841 1336 1894 occurmnt

307 1946 414 2034 Atque
434 1943 560 2028 hostes,
577 1943 645 2008 suis
664 1967 703 2011 ex
727 1957 852 2012 terrore
877 1943 1015 2012 firmatis
1033 1968 1213 2038 rursusque
1240 1969 1339 2013 reno-

306 2060 389 2126 vatis
413 2060 550 2144 animis,
576 2058 793 2154 legionarios,
820 2064 985 2132 conversis
1004 2063 1169 2155 equitibus
1196 2089 1230 2132 sc
1257 2040 1340 2133 reci·

307 2179 449 2271 pientes,
470 2179 664 2249 novissimos
683 2179 806 2248 adoriri
828 2195 862 2249 et
887 2181 1045 2276 impedire
1064 2198 1253 2278 coeperunt,
1271 2207 1340 2276 quo

306 2299 414 2367 minus
432 2299 464 2366 in
482 2313 588 2368 castra
602 2325 636 2368 se
649 2301 842 2394 reciperent.
862 2303 933 2368 Hac
952 2326 988 2370 re
1008 2303 1247 2390 animadversa,
1268 2307 1338 2372 Cae-

305 2442 359 2486 sar
372 2418 469 2511 jubet
486 2421 580 2513 sigua
598 2422 770 2505 converti,
791 2435 825 2488 ct
843 2420 952 2490 medio
973 2446 1092 2514 campo
1117 2423 1336 2517 redintegrari

305 2536 469 2631 prcelium.
488 2543 602 2629 Quum
628 2540 671 2628 ab
693 2541 841 2610 hostibus
862 2539 977 2608 eodem
997 2540 1097 2609 modo
1116 2557 1336 2637 pugnaretur,

306 2681 365 2727 nec
383 2660 533 2728 cominus
548 2657 590 2728 ad
604 2682 721 2728 manus
737 2659 916 2742 rediretur,
932 2661 1133 2754 Caesarisquc
1149 2663 1275 2754 equites
1282 2661 1336 2753 ju-

254 2863 256 2866 ·
305 2791 479 2865 menta,ex
492 2803 615 2848 nausea
630 2768 772 2863 recenti,
790 2778 862 2863 siti,
880 2777 1051 2872 languore,
1069 2781 1249 2872 paucitate,
1270 2778 1339 2848 vul·

305 2898 439 2983 neribus
454 2897 651 2992 defatigata,
670 2895 712 2965 ad
730 2898 966 2991 insequendum
982 2898 1109 2967 hostem
1129 2924 1338 2992 perseveran-

305 3017 450 3110 dumque
465 3041 598 3086 cursum
617 3015 761 3085 tardiora
781 3017 961 3105 haberent,
978 3017 1109 3111 dieique
1126 3044 1202 3113 pars
1220 3021 1338 3114 exigua

301 3137 369 3228 jam
385 3135 511 3228 reliqua
535 3151 628 3223 esset,
644 3137 836 3206 cohortibus
853 3138 1085 3231 equitibusque
1104 3139 1337 3226 circumdatis,

304 3255 494 3324 cohortatus
510 3257 667 3350 imperat,
677 3272 713 3326 ut
725 3280 792 3326 uno
807 3257 874 3328 ictu
892 3258 1144 3342 contenderent,
1164 3282 1270 3349 neque
1281 3283 1336 3324 rc·

306 3377 487 3460 mitterent,
503 3374 609 3444 donec
626 3375 714 3445 ultra
731 3374 865 3446 ultimos
879 3377 977 3448 colles
992 3377 1101 3448 hostes
1127 3375 1335 3468 repulissent„

303 3511 403 3588 atque
426 3521 542 3566 cortun
563 3512 670 3566 essent
682 3500 790 3591 potiti.
812 3503 928 3591 Itaque
941 3500 1035 3590 signo
1048 3494 1332 3586 dato,quumjam

304 3619 413 3686 hostes
440 3614 594 3712 languide
623 3617 890 3713 negligenterque
919 3613 983 3684 tela
1010 3616 1194 3699 mitterent,
1223 3613 1336 3683 subito

305 3738 451 3805 immittit
467 3738 618 3806 cohortes
633 3750 824 3828 turmasque
835 3757 970 3802 suornm
982 3759 989 3800 ε
1000 3747 1098 3825 atquc
1113 3748 1237 3830 puncto
1253 3749 1336 3802 teru-

305 3858 394 3952 poris
411 3857 562 3926 hostibus
577 3855 669 3926 nullo
686 3855 819 3950 negotio
838 3875 956 3948 campo
974 3850 1096 3948 pulsis,
1116 3868 1190 3949 post
1207 3853 1339 3924 collem·

305 4003 369 4070 que
386 3976 543 4070 dejectis,
563 3977 650 4078 nacti
670 3974 801 4061 locutu,
818 3988 918 4066 atque
939 3974 983 4042 ibi
1004 3972 1172 4070 paulisper
1188 3999 1335 4044 commo·
