<?xml version="1.0" encoding="UTF-8"?>
<!DOCTYPE html PUBLIC "-//W3C//DTD XHTML 1.0 Transitional//EN"
    "http://www.w3.org/TR/xhtml1/DTD/xhtml1-transitional.dtd">
<html xmlns="http://www.w3.org/1999/xhtml" xml:lang="en" lang="en">
 <head>
  <title>
</title>
<meta http-equiv="Content-Type" content="text/html;charset=utf-8" />
  <meta name='ocr-system' content='tesseract 3.04.00' />
  <meta name='ocr-capabilities' content='ocr_page ocr_carea ocr_par ocr_line ocrx_word'/>
</head>
<body>
  <div class='ocr_page' id='page_1' title='image "./cjcaesarisopera00caesgoog_0530.png"; bbox 0 0 3060 4768; ppageno 0'>
   <div class='ocr_carea' id='block_1_1' title="bbox 297 395 1160 461">
    <p class='ocr_par' dir='ltr' id='par_1_1' title="bbox 297 395 1160 461">
     <span class='ocr_line' id='line_1_1' title="bbox 297 395 1160 461; baseline 0.002 -11"><span class='ocrx_word' id='word_1_1' title='bbox 297 403 351 461; x_wconf 63' lang='lat' dir='ltr'><strong>aad</strong></span> <span class='ocrx_word' id='word_1_2' title='bbox 473 397 504 452; x_wconf 91' lang='lat' dir='ltr'><strong>C.</strong></span> <span class='ocrx_word' id='word_1_3' title='bbox 523 395 622 450; x_wconf 86' lang='lat' dir='ltr'>JULII</span> <span class='ocrx_word' id='word_1_4' title='bbox 642 395 810 452; x_wconf 69' lang='lat' dir='ltr'><strong>cffisauls</strong></span> <span class='ocrx_word' id='word_1_5' title='bbox 829 395 1028 452; x_wconf 68' lang='lat' dir='ltr'><strong>contutum.</strong></span> <span class='ocrx_word' id='word_1_6' title='bbox 1050 396 1160 452; x_wconf 81' lang='lat' dir='ltr'>LIBER</span> 
     </span>
    </p>
   </div>
   <div class='ocr_carea' id='block_1_2' title="bbox 255 517 1333 4079">
    <p class='ocr_par' dir='ltr' id='par_1_2' title="bbox 255 517 1333 1096">
     <span class='ocr_line' id='line_1_2' title="bbox 255 517 1332 615; baseline -0.002 -25"><span class='ocrx_word' id='word_1_7' title='bbox 255 534 261 546; x_wconf 82' lang='grc'><em>’</em></span> <span class='ocrx_word' id='word_1_8' title='bbox 296 520 471 615; x_wconf 86' lang='lat' dir='ltr'><strong>sagittariis</strong></span> <span class='ocrx_word' id='word_1_9' title='bbox 486 543 525 588; x_wconf 89' lang='lat' dir='ltr'><strong>ac</strong></span> <span class='ocrx_word' id='word_1_10' title='bbox 541 518 764 590; x_wconf 79' lang='lat' dir='ltr'><strong>funditoribus</strong></span> <span class='ocrx_word' id='word_1_11' title='bbox 780 517 1071 612; x_wconf 80' lang='lat' dir='ltr'><strong>ltippotoxotisque</strong></span> <span class='ocrx_word' id='word_1_12' title='bbox 1084 517 1332 613; x_wconf 85' lang='lat' dir='ltr'><strong>compluribus;</strong></span> 
     </span>
     <span class='ocr_line' id='line_1_3' title="bbox 296 638 1333 736; baseline -0.001 -25"><span class='ocrx_word' id='word_1_13' title='bbox 296 643 347 712; x_wconf 90' lang='lat' dir='ltr'><strong>his</strong></span> <span class='ocrx_word' id='word_1_14' title='bbox 371 643 475 735; x_wconf 89' lang='lat' dir='ltr'><strong>copiis</strong></span> <span class='ocrx_word' id='word_1_15' title='bbox 502 640 610 736; x_wconf 81' lang='lat' dir='ltr'>pridie</span> <span class='ocrx_word' id='word_1_16' title='bbox 635 662 713 707; x_wconf 91' lang='lat' dir='ltr'><strong>non.</strong></span> <span class='ocrx_word' id='word_1_17' title='bbox 740 639 808 732; x_wconf 85' lang='lat' dir='ltr'><strong>jan.</strong></span> <span class='ocrx_word' id='word_1_18' title='bbox 837 654 912 732; x_wconf 90' lang='lat' dir='ltr'><strong>post</strong></span> <span class='ocrx_word' id='word_1_19' title='bbox 939 638 1025 708; x_wconf 88' lang='lat' dir='ltr'><strong>diern</strong></span> <span class='ocrx_word' id='word_1_20' title='bbox 1049 641 1204 728; x_wconf 88' lang='lat' dir='ltr'><strong>tertium,</strong></span> <span class='ocrx_word' id='word_1_21' title='bbox 1230 665 1333 734; x_wconf 89' lang='lat' dir='ltr'><strong>quam</strong></span> 
     </span>
     <span class='ocr_line' id='line_1_4' title="bbox 293 756 1332 855; baseline -0.002 -23"><span class='ocrx_word' id='word_1_22' title='bbox 293 759 440 832; x_wconf 76' lang='lat' dir='ltr'><strong>Allicam</strong></span> <span class='ocrx_word' id='word_1_23' title='bbox 456 762 585 855; x_wconf 88' lang='lat' dir='ltr'><strong>attigit,</strong></span> <span class='ocrx_word' id='word_1_24' title='bbox 599 760 634 828; x_wconf 93' lang='lat' dir='ltr'><strong>iu</strong></span> <span class='ocrx_word' id='word_1_25' title='bbox 650 759 775 852; x_wconf 87' lang='lat' dir='ltr'><strong>campis</strong></span> <span class='ocrx_word' id='word_1_26' title='bbox 788 756 987 852; x_wconf 80' lang='lat' dir='ltr'><strong>planissimis</strong></span> <span class='ocrx_word' id='word_1_27' title='bbox 1003 760 1271 854; x_wconf 80' lang='lat' dir='ltr'><strong>purissimisque,</strong></span> <span class='ocrx_word' id='word_1_28' title='bbox 1288 762 1332 830; x_wconf 93' lang='lat' dir='ltr'><strong>ab</strong></span> 
     </span>
     <span class='ocr_line' id='line_1_5' title="bbox 295 875 1330 976; baseline -0.001 -25"><span class='ocrx_word' id='word_1_29' title='bbox 295 883 377 952; x_wconf 90' lang='lat' dir='ltr'><strong>hora</strong></span> <span class='ocrx_word' id='word_1_30' title='bbox 390 880 455 955; x_wconf 87' lang='lat' dir='ltr'><strong>diei</strong></span> <span class='ocrx_word' id='word_1_31' title='bbox 467 882 584 976; x_wconf 88' lang='lat' dir='ltr'><strong>quinta</strong></span> <span class='ocrx_word' id='word_1_32' title='bbox 599 902 704 972; x_wconf 89' lang='lat' dir='ltr'><strong>usque</strong></span> <span class='ocrx_word' id='word_1_33' title='bbox 717 877 760 948; x_wconf 89' lang='lat' dir='ltr'><strong>ad</strong></span> <span class='ocrx_word' id='word_1_34' title='bbox 773 875 851 948; x_wconf 91' lang='lat' dir='ltr'><strong>solis</strong></span> <span class='ocrx_word' id='word_1_35' title='bbox 866 901 1038 966; x_wconf 84' lang='lat' dir='ltr'><strong>occasum,</strong></span> <span class='ocrx_word' id='word_1_36' title='bbox 1054 893 1104 948; x_wconf 88' lang='lat' dir='ltr'><strong>est</strong></span> <span class='ocrx_word' id='word_1_37' title='bbox 1114 879 1330 950; x_wconf 78' lang='lat' dir='ltr'>decertatum.</span> 
     </span>
     <span class='ocr_line' id='line_1_6' title="bbox 294 998 1256 1096; baseline -0.001 -26"><span class='ocrx_word' id='word_1_38' title='bbox 294 1003 334 1070; x_wconf 91' lang='lat' dir='ltr'><strong>ln</strong></span> <span class='ocrx_word' id='word_1_39' title='bbox 349 1025 389 1069; x_wconf 92' lang='lat' dir='ltr'><strong>eo</strong></span> <span class='ocrx_word' id='word_1_40' title='bbox 406 998 524 1096; x_wconf 80' lang='lat' dir='ltr'><strong>proelio</strong></span> <span class='ocrx_word' id='word_1_41' title='bbox 542 1000 690 1068; x_wconf 80' lang='lat' dir='ltr'><strong>Petreius</strong></span> <span class='ocrx_word' id='word_1_42' title='bbox 709 999 853 1092; x_wconf 84' lang='lat' dir='ltr'><strong>graviter</strong></span> <span class='ocrx_word' id='word_1_43' title='bbox 870 998 954 1067; x_wconf 87' lang='lat' dir='ltr'><strong>irtus</strong></span> <span class='ocrx_word' id='word_1_44' title='bbox 971 1023 1010 1068; x_wconf 84' lang='lat' dir='ltr'><strong>ex</strong></span> <span class='ocrx_word' id='word_1_45' title='bbox 1028 999 1098 1068; x_wconf 89' lang='lat' dir='ltr'><strong>acie</strong></span> <span class='ocrx_word' id='word_1_46' title='bbox 1114 1004 1256 1070; x_wconf 81' lang='lat' dir='ltr'><strong>recessit</strong></span> 
     </span>
    </p>

    <p class='ocr_par' dir='ltr' id='par_1_3' title="bbox 291 1115 1332 2647">
     <span class='ocr_line' id='line_1_7' title="bbox 342 1115 1331 1214; baseline 0 -24"><span class='ocrx_word' id='word_1_47' title='bbox 342 1123 418 1190; x_wconf 87' lang='lat' dir='ltr'><strong>XX.</strong></span> <span class='ocrx_word' id='word_1_48' title='bbox 438 1122 547 1189; x_wconf 78' lang='lat' dir='ltr'><strong>Caesar</strong></span> <span class='ocrx_word' id='word_1_49' title='bbox 565 1119 695 1188; x_wconf 90' lang='lat' dir='ltr'><strong>interim</strong></span> <span class='ocrx_word' id='word_1_50' title='bbox 715 1131 824 1186; x_wconf 88' lang='lat' dir='ltr'><strong>castra</strong></span> <span class='ocrx_word' id='word_1_51' title='bbox 842 1115 973 1186; x_wconf 88' lang='lat' dir='ltr'><strong>munire</strong></span> <span class='ocrx_word' id='word_1_52' title='bbox 989 1116 1198 1212; x_wconf 83' lang='lat' dir='ltr'><strong>diligentius,</strong></span> <span class='ocrx_word' id='word_1_53' title='bbox 1216 1123 1331 1214; x_wconf 82' lang='lat' dir='ltr'><strong>praesi·</strong></span> 
     </span>
     <span class='ocr_line' id='line_1_8' title="bbox 295 1236 1332 1334; baseline 0.005 -27"><span class='ocrx_word' id='word_1_54' title='bbox 295 1240 348 1308; x_wconf 91' lang='lat' dir='ltr'><strong>dia</strong></span> <span class='ocrx_word' id='word_1_55' title='bbox 365 1237 497 1307; x_wconf 86' lang='lat' dir='ltr'><strong>firmare</strong></span> <span class='ocrx_word' id='word_1_56' title='bbox 513 1239 694 1332; x_wconf 88' lang='lat' dir='ltr'><strong>majoribus</strong></span> <span class='ocrx_word' id='word_1_57' title='bbox 711 1239 834 1333; x_wconf 89' lang='lat' dir='ltr'><strong>copiis,</strong></span> <span class='ocrx_word' id='word_1_58' title='bbox 849 1236 1038 1332; x_wconf 83' lang='lat' dir='ltr'><strong>vallumque</strong></span> <span class='ocrx_word' id='word_1_59' title='bbox 1051 1239 1093 1306; x_wconf 89' lang='lat' dir='ltr'><strong>ab</strong></span> <span class='ocrx_word' id='word_1_60' title='bbox 1107 1239 1231 1334; x_wconf 93' lang='lat' dir='ltr'><strong>oppido</strong></span> <span class='ocrx_word' id='word_1_61' title='bbox 1247 1244 1332 1312; x_wconf 87' lang='lat' dir='ltr'><strong>Rus·</strong></span> 
     </span>
     <span class='ocr_line' id='line_1_9' title="bbox 293 1349 1327 1452; baseline 0.004 -26"><span class='ocrx_word' id='word_1_62' title='bbox 293 1359 372 1451; x_wconf 89' lang='lat' dir='ltr'><strong>pina</strong></span> <span class='ocrx_word' id='word_1_63' title='bbox 397 1381 503 1452; x_wconf 85' lang='lat' dir='ltr'><strong>usque</strong></span> <span class='ocrx_word' id='word_1_64' title='bbox 522 1358 564 1428; x_wconf 88' lang='lat' dir='ltr'><strong>ad</strong></span> <span class='ocrx_word' id='word_1_65' title='bbox 581 1381 672 1428; x_wconf 88' lang='lat' dir='ltr'><strong>mare</strong></span> <span class='ocrx_word' id='word_1_66' title='bbox 692 1349 872 1444; x_wconf 80' lang='lat' dir='ltr'><strong>deducere,</strong></span> <span class='ocrx_word' id='word_1_67' title='bbox 891 1371 924 1426; x_wconf 88' lang='lat' dir='ltr'><strong>et</strong></span> <span class='ocrx_word' id='word_1_68' title='bbox 943 1381 961 1425; x_wconf 90' lang='lat' dir='ltr'><strong>a</strong></span> <span class='ocrx_word' id='word_1_69' title='bbox 979 1359 1095 1428; x_wconf 88' lang='lat' dir='ltr'><strong>castris</strong></span> <span class='ocrx_word' id='word_1_70' title='bbox 1112 1355 1252 1430; x_wconf 88' lang='lat' dir='ltr'><strong>alterum</strong></span> <span class='ocrx_word' id='word_1_71' title='bbox 1269 1385 1327 1430; x_wconf 91' lang='lat' dir='ltr'><strong>eo·</strong></span> 
     </span>
     <span class='ocr_line' id='line_1_10' title="bbox 294 1477 1327 1575; baseline 0.007 -31"><span class='ocrx_word' id='word_1_72' title='bbox 294 1477 390 1564; x_wconf 88' lang='lat' dir='ltr'><strong>dem;</strong></span> <span class='ocrx_word' id='word_1_73' title='bbox 408 1502 475 1570; x_wconf 92' lang='lat' dir='ltr'><strong>quo</strong></span> <span class='ocrx_word' id='word_1_74' title='bbox 494 1478 597 1547; x_wconf 92' lang='lat' dir='ltr'><strong>tutius</strong></span> <span class='ocrx_word' id='word_1_75' title='bbox 621 1477 709 1549; x_wconf 91' lang='lat' dir='ltr'><strong>ultro</strong></span> <span class='ocrx_word' id='word_1_76' title='bbox 735 1479 885 1570; x_wconf 86' lang='lat' dir='ltr'><strong>citroque</strong></span> <span class='ocrx_word' id='word_1_77' title='bbox 910 1501 1114 1566; x_wconf 89' lang='lat' dir='ltr'><strong>commeare,</strong></span> <span class='ocrx_word' id='word_1_78' title='bbox 1140 1477 1327 1575; x_wconf 82' lang='lat' dir='ltr'><strong>auxiliaque</strong></span> 
     </span>
     <span class='ocr_line' id='line_1_11' title="bbox 293 1595 1328 1693; baseline 0.006 -31"><span class='ocrx_word' id='word_1_79' title='bbox 293 1597 363 1666; x_wconf 88' lang='lat' dir='ltr'><strong>sine</strong></span> <span class='ocrx_word' id='word_1_80' title='bbox 380 1596 526 1691; x_wconf 90' lang='lat' dir='ltr'><strong>periculo</strong></span> <span class='ocrx_word' id='word_1_81' title='bbox 544 1596 606 1666; x_wconf 89' lang='lat' dir='ltr'><strong>sibi</strong></span> <span class='ocrx_word' id='word_1_82' title='bbox 624 1619 816 1666; x_wconf 86' lang='lat' dir='ltr'><strong>succurrere</strong></span> <span class='ocrx_word' id='word_1_83' title='bbox 835 1610 969 1690; x_wconf 85' lang='lat' dir='ltr'><strong>possent</strong></span> <span class='ocrx_word' id='word_1_84' title='bbox 986 1621 996 1664; x_wconf 78' lang='lat' dir='ltr'><strong>r</strong></span> <span class='ocrx_word' id='word_1_85' title='bbox 1013 1595 1080 1666; x_wconf 90' lang='lat' dir='ltr'><strong>tela</strong></span> <span class='ocrx_word' id='word_1_86' title='bbox 1098 1611 1328 1693; x_wconf 88' lang='lat' dir='ltr'><strong>tormentaque</strong></span> 
     </span>
     <span class='ocr_line' id='line_1_12' title="bbox 292 1718 1327 1813; baseline 0.004 -27"><span class='ocrx_word' id='word_1_87' title='bbox 292 1741 333 1786; x_wconf 79' lang='lat' dir='ltr'><strong>ex</strong></span> <span class='ocrx_word' id='word_1_88' title='bbox 349 1718 488 1787; x_wconf 84' lang='lat' dir='ltr'><strong>navibus</strong></span> <span class='ocrx_word' id='word_1_89' title='bbox 505 1720 539 1788; x_wconf 88' lang='lat' dir='ltr'><strong>in</strong></span> <span class='ocrx_word' id='word_1_90' title='bbox 557 1733 663 1788; x_wconf 84' lang='lat' dir='ltr'><strong>castra</strong></span> <span class='ocrx_word' id='word_1_91' title='bbox 682 1732 890 1812; x_wconf 86' lang='lat' dir='ltr'><strong>comportare</strong></span> <span class='ocrx_word' id='word_1_92' title='bbox 916 1743 924 1784; x_wconf 90' lang='lat'><strong>:</strong></span> <span class='ocrx_word' id='word_1_93' title='bbox 948 1719 1112 1812; x_wconf 83' lang='lat' dir='ltr'><strong>remigum</strong></span> <span class='ocrx_word' id='word_1_94' title='bbox 1138 1735 1268 1813; x_wconf 88' lang='lat' dir='ltr'><strong>partem</strong></span> <span class='ocrx_word' id='word_1_95' title='bbox 1287 1745 1327 1790; x_wconf 85' lang='lat' dir='ltr'><strong>ex</strong></span> 
     </span>
     <span class='ocr_line' id='line_1_13' title="bbox 292 1836 1326 1930; baseline -0.001 -21"><span class='ocrx_word' id='word_1_96' title='bbox 292 1839 413 1928; x_wconf 87' lang='lat' dir='ltr'><strong>classe,</strong></span> <span class='ocrx_word' id='word_1_97' title='bbox 430 1837 627 1923; x_wconf 86' lang='lat' dir='ltr'><strong>Gallorum,</strong></span> <span class='ocrx_word' id='word_1_98' title='bbox 643 1836 872 1923; x_wconf 86' lang='lat' dir='ltr'><strong>Rhodiorum,</strong></span> <span class='ocrx_word' id='word_1_99' title='bbox 888 1837 1161 1930; x_wconf 85' lang='lat' dir='ltr'><strong>epibatarumque</strong></span> <span class='ocrx_word' id='word_1_100' title='bbox 1177 1863 1326 1928; x_wconf 87' lang='lat' dir='ltr'><strong>armare,</strong></span> 
     </span>
     <span class='ocr_line' id='line_1_14' title="bbox 292 1955 1326 2052; baseline 0 -26"><span class='ocrx_word' id='word_1_101' title='bbox 292 1973 325 2026; x_wconf 91' lang='lat' dir='ltr'><strong>et</strong></span> <span class='ocrx_word' id='word_1_102' title='bbox 342 1961 375 2027; x_wconf 93' lang='lat' dir='ltr'><strong>in</strong></span> <span class='ocrx_word' id='word_1_103' title='bbox 396 1973 502 2027; x_wconf 88' lang='lat' dir='ltr'><strong>castra</strong></span> <span class='ocrx_word' id='word_1_104' title='bbox 517 1979 673 2043; x_wconf 81' lang='lat' dir='ltr'><strong>evocare,</strong></span> <span class='ocrx_word' id='word_1_105' title='bbox 689 1957 755 2040; x_wconf 89' lang='lat' dir='ltr'><strong>uti,</strong></span> <span class='ocrx_word' id='word_1_106' title='bbox 774 1957 801 2024; x_wconf 89' lang='lat' dir='ltr'><strong>si</strong></span> <span class='ocrx_word' id='word_1_107' title='bbox 818 1969 944 2048; x_wconf 85' lang='lat' dir='ltr'><strong>posset,</strong></span> <span class='ocrx_word' id='word_1_108' title='bbox 961 1955 1076 2024; x_wconf 86' lang='lat' dir='ltr'><strong>eadem</strong></span> <span class='ocrx_word' id='word_1_109' title='bbox 1095 1958 1243 2045; x_wconf 86' lang='lat' dir='ltr'><strong>ratione,</strong></span> <span class='ocrx_word' id='word_1_110' title='bbox 1260 1981 1326 2052; x_wconf 91' lang='lat' dir='ltr'><strong>qua</strong></span> 
     </span>
     <span class='ocr_line' id='line_1_15' title="bbox 292 2075 1326 2170; baseline 0.003 -24"><span class='ocrx_word' id='word_1_111' title='bbox 292 2077 492 2164; x_wconf 87' lang='lat' dir='ltr'><strong>adversarii,</strong></span> <span class='ocrx_word' id='word_1_112' title='bbox 514 2076 594 2147; x_wconf 88' lang='lat' dir='ltr'><strong>levis</strong></span> <span class='ocrx_word' id='word_1_113' title='bbox 614 2090 782 2146; x_wconf 86' lang='lat' dir='ltr'><strong>armatura</strong></span> <span class='ocrx_word' id='word_1_114' title='bbox 801 2075 970 2168; x_wconf 86' lang='lat' dir='ltr'><strong>interjecta</strong></span> <span class='ocrx_word' id='word_1_115' title='bbox 990 2077 1077 2146; x_wconf 88' lang='lat' dir='ltr'><strong>inter</strong></span> <span class='ocrx_word' id='word_1_116' title='bbox 1102 2079 1229 2170; x_wconf 84' lang='lat' dir='ltr'><strong>equites</strong></span> <span class='ocrx_word' id='word_1_117' title='bbox 1249 2103 1326 2148; x_wconf 85' lang='lat' dir='ltr'><strong>suos</strong></span> 
     </span>
     <span class='ocr_line' id='line_1_16' title="bbox 292 2195 1328 2292; baseline 0.005 -29"><span class='ocrx_word' id='word_1_118' title='bbox 292 2198 582 2290; x_wconf 88' lang='lat' dir='ltr'><strong>interponeretur:</strong></span> <span class='ocrx_word' id='word_1_119' title='bbox 602 2195 843 2288; x_wconf 76' lang='lat' dir='ltr'><strong>sagittariisque</strong></span> <span class='ocrx_word' id='word_1_120' title='bbox 861 2218 901 2264; x_wconf 84' lang='lat' dir='ltr'><strong>ex</strong></span> <span class='ocrx_word' id='word_1_121' title='bbox 917 2196 1070 2265; x_wconf 89' lang='lat' dir='ltr'><strong>omuibus</strong></span> <span class='ocrx_word' id='word_1_122' title='bbox 1089 2196 1243 2286; x_wconf 84' lang='lat' dir='ltr'><strong>navibus,</strong></span> <span class='ocrx_word' id='word_1_123' title='bbox 1262 2202 1328 2292; x_wconf 83' lang='lat' dir='ltr'><strong>Ity·</strong></span> 
     </span>
     <span class='ocr_line' id='line_1_17' title="bbox 291 2313 1327 2412; baseline 0.002 -28"><span class='ocrx_word' id='word_1_124' title='bbox 291 2315 374 2404; x_wconf 79' lang='lat' dir='ltr'><strong>reis,</strong></span> <span class='ocrx_word' id='word_1_125' title='bbox 387 2315 508 2409; x_wconf 85' lang='lat' dir='ltr'><strong>Syriis,</strong></span> <span class='ocrx_word' id='word_1_126' title='bbox 523 2328 555 2382; x_wconf 87' lang='lat' dir='ltr'><strong>et</strong></span> <span class='ocrx_word' id='word_1_127' title='bbox 569 2314 727 2406; x_wconf 87' lang='lat' dir='ltr'><strong>cujusque</strong></span> <span class='ocrx_word' id='word_1_128' title='bbox 742 2314 869 2408; x_wconf 90' lang='lat' dir='ltr'><strong>generis</strong></span> <span class='ocrx_word' id='word_1_129' title='bbox 884 2313 991 2382; x_wconf 89' lang='lat' dir='ltr'><strong>ductis</strong></span> <span class='ocrx_word' id='word_1_130' title='bbox 1007 2316 1041 2382; x_wconf 90' lang='lat' dir='ltr'><strong>in</strong></span> <span class='ocrx_word' id='word_1_131' title='bbox 1055 2329 1162 2384; x_wconf 87' lang='lat' dir='ltr'><strong>eastra</strong></span> <span class='ocrx_word' id='word_1_132' title='bbox 1175 2317 1327 2412; x_wconf 89' lang='lat' dir='ltr'><strong>complu·</strong></span> 
     </span>
     <span class='ocr_line' id='line_1_18' title="bbox 291 2432 1324 2530; baseline 0.003 -28"><span class='ocrx_word' id='word_1_133' title='bbox 291 2435 382 2504; x_wconf 87' lang='lat' dir='ltr'><strong>ribus</strong></span> <span class='ocrx_word' id='word_1_134' title='bbox 400 2433 628 2527; x_wconf 82' lang='lat' dir='ltr'><strong>frequentabat</strong></span> <span class='ocrx_word' id='word_1_135' title='bbox 645 2455 721 2501; x_wconf 88' lang='lat' dir='ltr'><strong>suas</strong></span> <span class='ocrx_word' id='word_1_136' title='bbox 738 2433 849 2526; x_wconf 87' lang='lat' dir='ltr'><strong>copias</strong></span> <span class='ocrx_word' id='word_1_137' title='bbox 868 2432 1046 2528; x_wconf 85' lang='lat' dir='ltr'><strong>(audiebat</strong></span> <span class='ocrx_word' id='word_1_138' title='bbox 1064 2435 1173 2521; x_wconf 87' lang='lat' dir='ltr'><strong>enirn,</strong></span> <span class='ocrx_word' id='word_1_139' title='bbox 1194 2438 1324 2530; x_wconf 88' lang='lat' dir='ltr'><strong>Scipio·</strong></span> 
     </span>
     <span class='ocr_line' id='line_1_19' title="bbox 292 2541 1327 2647; baseline 0.002 -25"><span class='ocrx_word' id='word_1_140' title='bbox 292 2577 368 2622; x_wconf 88' lang='lat' dir='ltr'><strong>uem</strong></span> <span class='ocrx_word' id='word_1_141' title='bbox 389 2567 463 2647; x_wconf 88' lang='lat' dir='ltr'><strong>post</strong></span> <span class='ocrx_word' id='word_1_142' title='bbox 483 2552 569 2622; x_wconf 89' lang='lat' dir='ltr'><strong>diem</strong></span> <span class='ocrx_word' id='word_1_143' title='bbox 588 2554 723 2622; x_wconf 85' lang='lat' dir='ltr'><strong>tertium</strong></span> <span class='ocrx_word' id='word_1_144' title='bbox 743 2553 814 2644; x_wconf 87' lang='lat' dir='ltr'><strong>ejus</strong></span> <span class='ocrx_word' id='word_1_145' title='bbox 833 2550 918 2639; x_wconf 87' lang='lat' dir='ltr'><strong>diei,</strong></span> <span class='ocrx_word' id='word_1_146' title='bbox 939 2576 1006 2646; x_wconf 92' lang='lat' dir='ltr'><strong>quo</strong></span> <span class='ocrx_word' id='word_1_147' title='bbox 1026 2541 1178 2646; x_wconf 83' lang='lat' dir='ltr'><strong>proelium</strong></span> <span class='ocrx_word' id='word_1_148' title='bbox 1199 2555 1327 2624; x_wconf 84' lang='lat' dir='ltr'><strong>facturr.</strong></span> 
     </span>
    </p>

    <p class='ocr_par' dir='ltr' id='par_1_4' title="bbox 266 2671 1329 4079">
     <span class='ocr_line' id='line_1_20' title="bbox 266 2671 1324 2770; baseline 0.003 -30"><span class='ocrx_word' id='word_1_149' title='bbox 266 2688 380 2770; x_wconf 47' lang='lat' dir='ltr'><strong>strat,</strong></span> <span class='ocrx_word' id='word_1_150' title='bbox 407 2673 697 2768; x_wconf 87' lang='lat' dir='ltr'><strong>appropinquare,</strong></span> <span class='ocrx_word' id='word_1_151' title='bbox 721 2671 837 2764; x_wconf 85' lang='lat' dir='ltr'><strong>copias¹</strong></span> <span class='ocrx_word' id='word_1_152' title='bbox 853 2695 928 2740; x_wconf 88' lang='lat' dir='ltr'><strong>suas</strong></span> <span class='ocrx_word' id='word_1_153' title='bbox 946 2695 1023 2742; x_wconf 87' lang='lat' dir='ltr'><strong>cum</strong></span> <span class='ocrx_word' id='word_1_154' title='bbox 1043 2672 1190 2742; x_wconf 85' lang='lat' dir='ltr'><strong>Labieno</strong></span> <span class='ocrx_word' id='word_1_155' title='bbox 1209 2689 1242 2742; x_wconf 92' lang='lat' dir='ltr'><strong>et</strong></span> <span class='ocrx_word' id='word_1_156' title='bbox 1260 2679 1324 2743; x_wconf 89' lang='lat' dir='ltr'><strong>Pe·</strong></span> 
     </span>
     <span class='ocr_line' id='line_1_21' title="bbox 291 2789 1324 2886; baseline 0 -26"><span class='ocrx_word' id='word_1_157' title='bbox 291 2792 376 2862; x_wconf 81' lang='lat' dir='ltr'><strong>tmio</strong></span> <span class='ocrx_word' id='word_1_158' title='bbox 387 2793 602 2886; x_wconf 73' lang='lat' dir='ltr'><strong>conjungere,</strong></span> <span class='ocrx_word' id='word_1_159' title='bbox 616 2793 711 2885; x_wconf 89' lang='lat' dir='ltr'><strong>cujus</strong></span> <span class='ocrx_word' id='word_1_160' title='bbox 723 2791 826 2884; x_wconf 70' lang='lat' dir='ltr'><strong>copiae</strong></span> <span class='ocrx_word' id='word_1_161' title='bbox 840 2789 1005 2884; x_wconf 88' lang='lat' dir='ltr'><strong>legionum</strong></span> <span class='ocrx_word' id='word_1_162' title='bbox 1022 2806 1112 2879; x_wconf 85' lang='lat' dir='ltr'><strong>octo,</strong></span> <span class='ocrx_word' id='word_1_163' title='bbox 1126 2807 1160 2861; x_wconf 90' lang='lat' dir='ltr'><strong>et</strong></span> <span class='ocrx_word' id='word_1_164' title='bbox 1174 2795 1324 2885; x_wconf 90' lang='lat' dir='ltr'><strong>equitum</strong></span> 
     </span>
     <span class='ocr_line' id='line_1_22' title="bbox 291 2907 1324 3004; baseline 0 -24"><span class='ocrx_word' id='word_1_165' title='bbox 291 2912 392 2981; x_wconf 87' lang='lat' dir='ltr'><strong>trium</strong></span> <span class='ocrx_word' id='word_1_166' title='bbox 417 2911 558 2980; x_wconf 89' lang='lat' dir='ltr'><strong>millium</strong></span> <span class='ocrx_word' id='word_1_167' title='bbox 581 2935 650 2980; x_wconf 91' lang='lat' dir='ltr'><strong>esse</strong></span> <span class='ocrx_word' id='word_1_168' title='bbox 676 2907 936 3004; x_wconf 86' lang='lat' dir='ltr'><strong>nuntiabantur)</strong></span> <span class='ocrx_word' id='word_1_169' title='bbox 963 2935 971 2977; x_wconf 77' lang='grc' dir='ltr'><strong><em>ε</em></strong></span> <span class='ocrx_word' id='word_1_170' title='bbox 998 2910 1147 2980; x_wconf 88' lang='lat' dir='ltr'><strong>officinas</strong></span> <span class='ocrx_word' id='word_1_171' title='bbox 1173 2912 1324 2981; x_wconf 87' lang='lat' dir='ltr'><strong>ferrarias</strong></span> 
     </span>
     <span class='ocr_line' id='line_1_23' title="bbox 292 3026 1324 3126; baseline -0.002 -26"><span class='ocrx_word' id='word_1_172' title='bbox 292 3034 467 3120; x_wconf 88' lang='lat' dir='ltr'><strong>instruere,</strong></span> <span class='ocrx_word' id='word_1_173' title='bbox 487 3032 687 3125; x_wconf 81' lang='lat' dir='ltr'><strong>sagittasque</strong></span> <span class='ocrx_word' id='word_1_174' title='bbox 705 3044 738 3098; x_wconf 89' lang='lat' dir='ltr'><strong>et</strong></span> <span class='ocrx_word' id='word_1_175' title='bbox 754 3026 839 3115; x_wconf 91' lang='lat' dir='ltr'><strong>tela,</strong></span> <span class='ocrx_word' id='word_1_176' title='bbox 857 3030 906 3098; x_wconf 86' lang='lat' dir='ltr'><strong>uti</strong></span> <span class='ocrx_word' id='word_1_177' title='bbox 923 3028 1039 3098; x_wconf 88' lang='lat' dir='ltr'><strong>fierent</strong></span> <span class='ocrx_word' id='word_1_178' title='bbox 1056 3031 1244 3126; x_wconf 87' lang='lat' dir='ltr'><strong>complum,</strong></span> <span class='ocrx_word' id='word_1_179' title='bbox 1262 3055 1324 3100; x_wconf 89' lang='lat' dir='ltr'><strong>cu-</strong></span> 
     </span>
     <span class='ocr_line' id='line_1_24' title="bbox 290 3147 1324 3243; baseline 0.001 -25"><span class='ocrx_word' id='word_1_180' title='bbox 290 3173 383 3238; x_wconf 85' lang='lat' dir='ltr'><strong>rare,</strong></span> <span class='ocrx_word' id='word_1_181' title='bbox 397 3147 531 3243; x_wconf 84' lang='lat' dir='ltr'><strong>glandes</strong></span> <span class='ocrx_word' id='word_1_182' title='bbox 545 3147 700 3232; x_wconf 85' lang='lat' dir='ltr'><strong>fundere,</strong></span> <span class='ocrx_word' id='word_1_183' title='bbox 716 3147 812 3218; x_wconf 88' lang='lat' dir='ltr'><strong>sudes</strong></span> <span class='ocrx_word' id='word_1_184' title='bbox 826 3171 1038 3242; x_wconf 81' lang='lat' dir='ltr'><strong>comparare,</strong></span> <span class='ocrx_word' id='word_1_185' title='bbox 1054 3147 1178 3218; x_wconf 85' lang='lat' dir='ltr'><strong>litteras</strong></span> <span class='ocrx_word' id='word_1_186' title='bbox 1193 3151 1227 3218; x_wconf 91' lang='lat' dir='ltr'><strong>in</strong></span> <span class='ocrx_word' id='word_1_187' title='bbox 1240 3151 1324 3219; x_wconf 88' lang='lat' dir='ltr'><strong>Sici·</strong></span> 
     </span>
     <span class='ocr_line' id='line_1_25' title="bbox 290 3267 1324 3362; baseline 0 -26"><span class='ocrx_word' id='word_1_188' title='bbox 290 3267 368 3336; x_wconf 89' lang='lat' dir='ltr'><strong>liam</strong></span> <span class='ocrx_word' id='word_1_189' title='bbox 399 3269 598 3361; x_wconf 90' lang='lat' dir='ltr'><strong>nuntiosque</strong></span> <span class='ocrx_word' id='word_1_190' title='bbox 625 3269 775 3355; x_wconf 89' lang='lat' dir='ltr'><strong>mittere,</strong></span> <span class='ocrx_word' id='word_1_191' title='bbox 808 3280 845 3336; x_wconf 91' lang='lat' dir='ltr'><strong>ut</strong></span> <span class='ocrx_word' id='word_1_192' title='bbox 870 3267 932 3336; x_wconf 91' lang='lat' dir='ltr'><strong>sibi</strong></span> <span class='ocrx_word' id='word_1_193' title='bbox 959 3281 1065 3336; x_wconf 88' lang='lat' dir='ltr'><strong>crates</strong></span> <span class='ocrx_word' id='word_1_194' title='bbox 1088 3271 1324 3362; x_wconf 80' lang='lat' dir='ltr'><strong>materiemque</strong></span> 
     </span>
     <span class='ocr_line' id='line_1_26' title="bbox 291 3387 1324 3482; baseline 0.001 -27"><span class='ocrx_word' id='word_1_195' title='bbox 291 3400 506 3482; x_wconf 88' lang='lat' dir='ltr'><strong>congererent</strong></span> <span class='ocrx_word' id='word_1_196' title='bbox 526 3387 567 3456; x_wconf 92' lang='lat' dir='ltr'><strong>ad</strong></span> <span class='ocrx_word' id='word_1_197' title='bbox 587 3387 726 3476; x_wconf 88' lang='lat' dir='ltr'><strong>arietes,</strong></span> <span class='ocrx_word' id='word_1_198' title='bbox 751 3389 844 3480; x_wconf 87' lang='lat' dir='ltr'><strong>cujus</strong></span> <span class='ocrx_word' id='word_1_199' title='bbox 869 3388 982 3482; x_wconf 89' lang='lat' dir='ltr'><strong>inopia</strong></span> <span class='ocrx_word' id='word_1_200' title='bbox 1010 3389 1045 3455; x_wconf 90' lang='lat' dir='ltr'><strong>iu</strong></span> <span class='ocrx_word' id='word_1_201' title='bbox 1071 3387 1182 3458; x_wconf 78' lang='lat' dir='ltr'><strong>Africa</strong></span> <span class='ocrx_word' id='word_1_202' title='bbox 1207 3403 1324 3458; x_wconf 85' lang='lat' dir='ltr'><strong>esset:</strong></span> 
     </span>
     <span class='ocr_line' id='line_1_27' title="bbox 290 3505 1324 3601; baseline 0 -25"><span class='ocrx_word' id='word_1_203' title='bbox 290 3521 448 3600; x_wconf 82' lang='lat' dir='ltr'><strong>praeterea</strong></span> <span class='ocrx_word' id='word_1_204' title='bbox 473 3506 596 3576; x_wconf 81' lang='lat' dir='ltr'><strong>serrum</strong></span> <span class='ocrx_word' id='word_1_205' title='bbox 617 3505 857 3601; x_wconf 88' lang='lat' dir='ltr'><strong>plumbumque</strong></span> <span class='ocrx_word' id='word_1_206' title='bbox 884 3509 1080 3576; x_wconf 88' lang='lat' dir='ltr'><strong>mitteretur.</strong></span> <span class='ocrx_word' id='word_1_207' title='bbox 1110 3511 1153 3576; x_wconf 89' lang='lat' dir='ltr'><strong>Et</strong></span> <span class='ocrx_word' id='word_1_208' title='bbox 1176 3509 1324 3576; x_wconf 89' lang='lat' dir='ltr'><strong>animum</strong></span> 
     </span>
     <span class='ocr_line' id='line_1_28' title="bbox 290 3623 1325 3720; baseline -0.002 -26"><span class='ocrx_word' id='word_1_209' title='bbox 290 3627 390 3695; x_wconf 90' lang='lat' dir='ltr'><strong>etiam</strong></span> <span class='ocrx_word' id='word_1_210' title='bbox 408 3626 599 3696; x_wconf 83' lang='lat' dir='ltr'><strong>advertebat</strong></span> <span class='ocrx_word' id='word_1_211' title='bbox 618 3627 785 3696; x_wconf 86' lang='lat' dir='ltr'><strong>frumento</strong></span> <span class='ocrx_word' id='word_1_212' title='bbox 803 3649 838 3694; x_wconf 89' lang='lat' dir='ltr'><strong>se</strong></span> <span class='ocrx_word' id='word_1_213' title='bbox 858 3624 890 3694; x_wconf 88' lang='lat' dir='ltr'><strong>in</strong></span> <span class='ocrx_word' id='word_1_214' title='bbox 910 3623 1039 3711; x_wconf 84' lang='lat' dir='ltr'><strong>Africa,</strong></span> <span class='ocrx_word' id='word_1_215' title='bbox 1059 3627 1122 3696; x_wconf 88' lang='lat' dir='ltr'><strong>nisi</strong></span> <span class='ocrx_word' id='word_1_216' title='bbox 1140 3627 1325 3720; x_wconf 87' lang='lat' dir='ltr'><strong>importati-</strong></span> 
     </span>
     <span class='ocr_line' id='line_1_29' title="bbox 291 3745 1328 3840; baseline 0 -28"><span class='ocrx_word' id='word_1_217' title='bbox 291 3747 353 3833; x_wconf 83' lang='lat' dir='ltr'><strong>tio,</strong></span> <span class='ocrx_word' id='word_1_218' title='bbox 371 3747 419 3816; x_wconf 90' lang='lat' dir='ltr'><strong>uti</strong></span> <span class='ocrx_word' id='word_1_219' title='bbox 437 3771 504 3815; x_wconf 91' lang='lat' dir='ltr'><strong>non</strong></span> <span class='ocrx_word' id='word_1_220' title='bbox 522 3769 642 3840; x_wconf 88' lang='lat' dir='ltr'><strong>posse:</strong></span> <span class='ocrx_word' id='word_1_221' title='bbox 661 3747 771 3839; x_wconf 89' lang='lat' dir='ltr'><strong>priore</strong></span> <span class='ocrx_word' id='word_1_222' title='bbox 791 3745 879 3812; x_wconf 90' lang='lat' dir='ltr'><strong>enim</strong></span> <span class='ocrx_word' id='word_1_223' title='bbox 898 3767 1001 3832; x_wconf 88' lang='lat' dir='ltr'><strong>anno,</strong></span> <span class='ocrx_word' id='word_1_224' title='bbox 1022 3761 1157 3840; x_wconf 87' lang='lat' dir='ltr'><strong>propter</strong></span> <span class='ocrx_word' id='word_1_225' title='bbox 1174 3745 1328 3814; x_wconf 81' lang='lat' dir='ltr'><strong>adversa·</strong></span> 
     </span>
     <span class='ocr_line' id='line_1_30' title="bbox 291 3862 1328 3958; baseline -0.003 -24"><span class='ocrx_word' id='word_1_226' title='bbox 291 3867 416 3934; x_wconf 91' lang='lat' dir='ltr'><strong>riorum</strong></span> <span class='ocrx_word' id='word_1_227' title='bbox 430 3864 587 3953; x_wconf 88' lang='lat' dir='ltr'><strong>dilectus,</strong></span> <span class='ocrx_word' id='word_1_228' title='bbox 601 3864 691 3958; x_wconf 90' lang='lat' dir='ltr'><strong>quod</strong></span> <span class='ocrx_word' id='word_1_229' title='bbox 702 3862 907 3958; x_wconf 86' lang='lat' dir='ltr'><strong>stipendiarii</strong></span> <span class='ocrx_word' id='word_1_230' title='bbox 924 3878 1069 3933; x_wconf 87' lang='lat' dir='ltr'><strong>aratores</strong></span> <span class='ocrx_word' id='word_1_231' title='bbox 1084 3862 1204 3934; x_wconf 89' lang='lat' dir='ltr'><strong>milites</strong></span> <span class='ocrx_word' id='word_1_232' title='bbox 1219 3879 1328 3932; x_wconf 88' lang='lat' dir='ltr'><strong>essent</strong></span> 
     </span>
     <span class='ocr_line' id='line_1_31' title="bbox 291 3981 1329 4079; baseline -0.006 -23"><span class='ocrx_word' id='word_1_233' title='bbox 291 3986 386 4074; x_wconf 85' lang='lat' dir='ltr'><strong>facti,</strong></span> <span class='ocrx_word' id='word_1_234' title='bbox 407 4007 544 4055; x_wconf 87' lang='lat' dir='ltr'><strong>messem</strong></span> <span class='ocrx_word' id='word_1_235' title='bbox 561 4008 629 4052; x_wconf 92' lang='lat' dir='ltr'><strong>non</strong></span> <span class='ocrx_word' id='word_1_236' title='bbox 645 4005 714 4052; x_wconf 88' lang='lat' dir='ltr'><strong>esse</strong></span> <span class='ocrx_word' id='word_1_237' title='bbox 731 3982 852 4052; x_wconf 85' lang='lat' dir='ltr'><strong>factam</strong></span> <span class='ocrx_word' id='word_1_238' title='bbox 870 3997 1049 4079; x_wconf 77' lang='lat' dir='ltr'><strong>:preterea</strong></span> <span class='ocrx_word' id='word_1_239' title='bbox 1060 4005 1100 4053; x_wconf 83' lang='lat' dir='ltr'><strong>ex</strong></span> <span class='ocrx_word' id='word_1_240' title='bbox 1110 3984 1202 4052; x_wconf 86' lang='lat' dir='ltr'><strong>omni</strong></span> <span class='ocrx_word' id='word_1_241' title='bbox 1216 3981 1329 4052; x_wconf 81' lang='lat' dir='ltr'><strong>Africa</strong></span> 
     </span>
    </p>
   </div>
   <div class='ocr_carea' id='block_1_3' title="bbox 0 0 1534 4768">
    <p class='ocr_par' dir='ltr' id='par_1_5' title="bbox 0 0 1534 4768">
     <span class='ocr_line' id='line_1_32' title="bbox 0 0 1534 4768; baseline 0 0"><span class='ocrx_word' id='word_1_242' title='bbox 0 0 1534 4768; x_wconf 95' lang='lat' dir='ltr'><strong> </strong></span> 
     </span>
    </p>
   </div>
  </div>
 </body>
</html>
