3014 4780
502 448 554 504 DE
575 449 699 504 BELLO
720 449 924 508 AFRICANO.
1177 457 1230 520 πάι

189 599 230 645 ex
249 575 315 644 tuis
335 573 508 644 cohortem
530 598 650 661 unam,
670 597 769 668 quam
789 589 886 668 putas
906 597 976 644 esse
996 573 1233 670 firmissimam,

190 709 223 763 et
243 695 407 764 constitue
427 709 544 764 contra
561 717 615 762 me
635 718 644 762 :
665 718 726 787 ego
745 709 859 763 autem
878 719 919 764 cx
936 695 1016 764 meis
1035 696 1233 768 commilito·

190 815 302 901 nibus,
322 837 407 908 quos
426 816 574 884 nuncin
600 827 657 883 tua
681 828 774 883 tenes
796 829 974 909 potestate,
997 841 1065 885 non
1092 817 1234 912 amplius

190 933 304 1004 decem
325 958 481 1004 sumam:
503 949 583 1003 tunc
605 957 645 1002 ex
671 937 796 1003 virtute
821 948 933 1004 nostra
955 933 1132 1030 intelliges,
1153 939 1233 1032 quid
1340 974 1347 991 ·

190 1079 231 1124 er
251 1056 318 1124 tuis
338 1056 443 1152 copiis
462 1079 596 1152 sperare
613 1054 741 1124 debens.
761 1083 779 1119 s
1238 1130 1240 1152 ἲ

238 1177 568 1270 nunnunquam
583 1177 657 1246 haec
683 1177 835 1246 centurio
858 1179 1010 1273 presenti
1034 1179 1146 1250 animo
1174 1153 1240 1250 sid-⁸

189 1319 303 1367 versus
317 1297 511 1391 opinionem
527 1296 599 1387 ejus
624 1308 673 1364 est
697 1293 877 1384 locutus,
869 1323 918 1366 rra
935 1286 1079 1391 percitus
1104 1301 1232 1394 Scipio,

189 1431 289 1512 atque
305 1415 407 1484 animi
397 1413 560 1484 dolore
552 1438 722 1503 incensus,
737 1418 854 1485 annuit
869 1419 1136 1508 centurionibus,
1151 1421 1232 1515 quid

189 1537 262 1606 fieri
278 1533 397 1606 vellet·
388 1549 516 1628 ,atque
531 1549 609 1604 ante
628 1507 735 1629 pedes
745 1539 971 1608 centurionem
988 1540 1159 1652 interficit,
1178 1567 1232 1611 re·

172 1654 362 1752 'liquosque
378 1669 549 1724 veteranos
562 1677 581 1722 a
597 1655 759 1724 tironibus
766 1655 861 1749 jubet
871 1661 1008 1728 secerni.
1020 1688 1038 1724 α
1048 1659 1232 1750 Abducite‚

190 1777 312 1870 inquit,
333 1775 412 1844 istos
436 1773 562 1843 nefario
589 1769 711 1843 scelere
734 1778 990 1866 contaminatos,
1010 1793 1046 1848 et
1071 1779 1159 1849 crede
1186 1785 1232 1850 ci-

189 1898 280 1966 vium
295 1897 470 1990 saginatos.
488 1923 505 1959 n
521 1895 576 1964 Sic
591 1909 684 1962 extra
699 1893 822 1964 vallum
841 1895 975 1967 deducti
993 1903 1085 1987 sunl,
1102 1915 1134 1968 et
1153 1925 1234 1971 crue

191 2014 353 2086 ciahiliter
378 2013 550 2084 interlecti.
583 2006 722 2084 Tirones
742 2031 852 2084 autem
868 2017 963 2109 jubet
982 2019 1068 2093 inter
1087 2018 1231 2114 legiones

191 2134 376 2231 dispertiri,
389 2149 422 2204 et
436 2135 627 2205 Cominium
640 2159 715 2203 cum
728 2135 842 2206 Ticida
859 2136 893 2204 in
908 2155 1121 2232 conspectum
1133 2164 1230 2210 suum

191 2253 344 2350 prohibet
362 2253 493 2323 adduci.
517 2255 595 2342 Qua
609 2279 650 2322 ex
665 2279 701 2322 re
716 2257 826 2325 Caesar
839 2273 1127 2348 commotus,eos‚
1146 2285 1236 2354 qnos

191 2375 225 2442 in
243 2375 439 2444 stationibus
456 2399 532 2444 cum
550 2374 657 2469 longis
665 2377 815 2476 movibus
832 2375 921 2472 apud
935 2378 1106 2472 Thapsum
1124 2395 1233 2450 custo·
1296 2360 1304 2373 ¹

191 2494 252 2564 diae
269 2519 366 2565 cnnsn
385 2497 418 2564 in
436 2493 506 2564 salo
526 2519 595 2564 esse
612 2496 771 2587 jusserat,
792 2511 830 2564 nt
847 2499 915 2565 suis
936 2501 1095 2567 onerariis
1113 2498 1233 2594 longis·

191 2639 256 2708 que
272 2615 412 2685 navibus
433 2612 585 2709 presidio
609 2628 737 2699 essent,
756 2613 800 2683 ob
828 2614 1061 2710 negligentiam
1090 2619 1232 2712 ignomi-

190 2737 253 2804 niae
272 2758 369 2803 causa
388 2731 602 2801 dimittendos
628 2731 670 2800 ab
690 2735 854 2820 exercitu,
882 2737 1177 2830 gravissimumque
1196 2742 1231 2808 in

191 2879 246 2923 eos
264 2853 408 2923 edictum
427 2853 681 2948 proponendum
700 2857 838 2922 curavit.

239 2973 375 3044 XLVII.
395 2975 459 3041 Per
477 2971 511 3040 id
531 2989 662 3068 tempus
680 2973 748 3042 fere
763 2975 901 3044 Caessris
919 2979 1078 3047 exercitui
1099 3003 1153 3050 res
1177 3003 1231 3050 sc·

192 3091 272 3162 cidit
289 3086 491 3162 incredibilis
506 3091 632 3163 auditu.
650 3095 805 3187 Namque
818 3092 1035 3190 Virgiliarum
1048 3098 1143 3193 signo
1157 3124 1233 3170 con·

191 3211 298 3300 secto,
313 3213 445 3284 circiter
461 3211 572 3308 vigilia
592 3213 735 3300 secunda
754 3215 874 3303 noctis,
894 3191 1026 3286 nimbos
1045 3221 1120 3288 cum
1137 3243 1233 3313 suen

196 3332 357 3430 grandine
377 3333 487 3403 subito
510 3347 560 3402 est
578 3348 711 3402 exortus
734 3337 859 3428 ingens.
886 3334 937 3405 Ad
959 3336 1023 3406 hoc
1048 3353 1157 3408 autem
1182 3342 1233 3408 in·

193 3453 405 3526 commodum
421 3470 620 3544 accesserat,
637 3455 727 3549 quod
744 3457 855 3526 Caesnr
869 3483 936 3526 non
945 3509 957 3546 ‚
975 3483 1067 3528 more
1084 3461 1234 3554 superio·

194 3601 269 3646 rum
281 3579 535 3673 imperatorum,
549 3578 585 3645 in
596 3577 744 3646 hibernis
758 3579 939 3646 exercitum
954 3579 1161 3665 continebat,
1176 3579 1234 3648 sed

194 3698 230 3766 in
247 3699 344 3766 tertio
356 3713 550 3793 quartoque
566 3697 640 3787 die,
657 3695 865 3793 procedendo
884 3699 1087 3793 propiusque
1104 3699 1234 3770 hostem

196 3816 400 3905 accedendo,
413 3835 518 3888 castra
533 3819 798 3907 communiebnt3
812 3842 977 3913 opereque
989 3817 1156 3906 faciendo,
1173 3819 1236 3890 mi·
1286 3849 1289 3858 ·

195 3929 269 4002 lites
285 3959 320 4003 se
340 3936 627 4032 circumspiciendi
649 3963 717 4008 non
743 3938 909 4010 habebant
926 3937 1128 4008 facultatem.
1148 3941 1235 4008 Ρη-

197 4066 284 4122 terea
303 4054 399 4122 itnex
412 4056 523 4125 sicilia
539 4057 720 4127 exercitum
737 4072 1100 4153 transportaverat,ut,
1117 4073 1236 4155 praeter

295 4201 299 4210 ’
342 4193 378 4240 11·
769 4155 772 4160 ⁵
1057 4177 1099 4251 16
