3062 4766
420 379 620 435 COMMENT.
643 379 694 434 DE
715 377 841 436 BELLO
863 383 1036 441 GALLICO.
1198 389 1252 459 273

209 497 238 552 in
253 513 358 570 pegou
375 495 545 550 Brauuoviit
558 494 635 550 dicto
649 498 677 550 le
692 495 839 553 Brierrrror's
852 509 899 553 eut
914 500 1077 568 Brionrrois,
1097 501 1127 555 in
1141 502 1254 561 dioecesi

208 589 424 658 matisconensi,
437 586 562 662 proinde
573 589 605 642 in
617 588 716 644 AEduis
726 607 845 662 qnorum
859 590 976 646 clientes
987 603 1076 647 erunt.
1088 595 1255 668 Legendrun

209 695 251 740 est
265 685 350 758 igitur
366 683 495 740 Aulercis
507 678 725 738 Braurtoiu'erbue
736 685 786 738 vel
798 685 977 752 Braurtoviir,
993 696 1041 740 eut
1053 686 1124 742 sieut
1140 687 1170 742 iu
1187 689 1254 762 qui-

209 775 329 833 busdem
352 775 541 846 editionibus,
562 773 765 830 includendum
786 777 951 832 Breuuoriis
973 777 1048 834 inter
1063 798 1165 851 uncos,
1188 793 1255 854 post

209 869 432 928 emanuelem.

249 987 387 1042 Eleutetis
397 985 539 1043 Cadmu.
551 1010 564 1036 «ι
573 985 691 1041 Codices
704 985 794 1040 nostri
803 971 1074 1062 etOudendorpiani
1087 987 1145 1045 fere
1155 1007 1254 1046 omnes

210 1079 316 1136 hubent
335 1075 476 1150 ath'uucus
490 1079 642 1145 Eleutetis,
667 1077 815 1146 Cadme,
836 1079 971 1148 Gabalis,
997 1081 1025 1132 V
1023 1081 1152 1136 ellourrie.
1169 1081 1254 1138 Unde

210 1171 465 1246 suspicor-quatuor
472 1172 595 1246 populos
602 1169 698 1238 fluisse,
706 1187 765 1225 non
775 1180 831 1224 tres
844 1171 897 1225 sub
910 1170 954 1226 his
964 1171 1139 1228 nominibus.
1150 1173 1254 1247 Reipsa
1272 1159 1275 1167 ¹

211 1261 360 1320 Eleutheri
368 1281 475 1320 nomeu
488 1281 608 1336 mum
617 1271 672 1330 cst,
681 1279 734 1316 nec
742 1280 823 1317 ceusu
837 1273 878 1318 cst
892 1279 942 1317 eur
953 1263 1028 1318 Gulli
1041 1264 1193 1320 habuerint
1202 1285 1255 1320 no-

210 1374 277 1411 men
292 1373 427 1429 grecum,
439 1366 470 1410 ut
480 1355 538 1426 jein
553 1355 830 1410 observeritMorns.
845 1357 1026 1428 Quapropter
1039 1357 1191 1412 lectionem
1205 1377 1255 1414 co-

211 1447 304 1502 dicum
313 1447 430 1510 restitui.
441 1471 454 1498 ι
463 1449 506 1502 Itu
518 1445 730 1516 D.Achuintre,
743 1445 792 1519 qui
805 1447 886 1502 uddit
898 1447 928 1502 in
939 1447 1033 1504 indice
1046 1449 1257 1523 geographico:

211 1540 361 1596 «Eleuteti
373 1540 500 1596 Cadurci.
514 1539 625 1596 Horum
642 1557 701 1596 uno
719 1548 828 1594 tuntum
848 1540 912 1595 loeo
929 1540 1060 1596 meminit
1074 1541 1179 1610 Cusus,
1191 1559 1255 1609 vn,

212 1627 265 1700 75,
279 1642 307 1686 et
326 1649 375 1688 eos
394 1649 469 1704 pene
489 1629 624 1704 potentie
632 1630 970 1686 Arvernoemnsnbditos
986 1631 1078 1688 docet.
1096 1631 1223 1704 Reposui
1239 1649 1256 1687 e

210 1722 358 1780 codicibus
376 1723 514 1790 Eleuteti,
530 1721 598 1796 quic
609 1740 667 1778 vox
682 1721 831 1778 Eleutheri
847 1720 953 1800 (liberi)
972 1742 1033 1780 non
1047 1722 1182 1778 convenit
1203 1741 1256 1797 po·

211 1814 280 1887 pulo
290 1814 408 1887 gallico,
421 1815 512 1873 multo
521 1812 660 1884 minutiis
673 1812 776 1886 quivel
789 1817 980 1870 Arvernos-mn
988 1814 1121 1884 clientes,
1133 1815 1180 1870 rel
1187 1815 1257 1888 ipsis

211 1904 318 1961 subditi
336 1915 426 1962 erent.
443 1904 557 1961 Rectius
577 1915 672 1960 temen
690 1905 859 1962 scriberetur
878 1922 914 1962 ex
932 1906 1093 1978 conjectura
1114 1907 1155 1962 Cl.
1170 1906 1257 1961 d'An-

210 1996 280 2052 ville
293 1994 407 2075 (Nolite
418 1999 456 2052 de
468 2000 501 2052 la
514 1997 621 2064 Gaule,
642 2014 670 2069 p.
685 1997 759 2074 lto)
775 1998 896 2067 Lectori,
915 1997 981 2072 quia
1000 1998 1036 2054 de
1052 2000 1179 2054 metent>
1199 1998 1255 2052 Cu-

212 2087 302 2145 durco
315 2088 514 2164 potentissimo
525 2088 635 2146 mentio
648 2085 694 2158 tit,
707 2089 758 2144 lib.
769 2108 828 2158 ru,
847 2107 908 2163 cap.
926 2087 960 2157 5,
975 2109 1006 2159 7,
1021 2088 1052 2159 8;
1065 2090 1133 2148 item
1147 2089 1183 2145 de
1200 2092 1258 2145 er-

212 2181 281 2236 terio
300 2182 424 2254 quodum
444 2180 574 2236 Cudureo
592 2179 823 2256 opulentissimo,
843 2181 905 2254 qui,
922 2192 952 2236 ut
971 2193 1099 2255 apparet,
1121 2181 1197 2236 idem
1215 2192 1258 2250 ¹est

212 2291 245 2328 ac
263 2274 404 2329 lucterius
422 2292 508 2347 supra
530 2271 643 2342 eitems,
663 2271 798 2346 cujusque
820 2273 851 2328 in
873 2273 1004 2329 clientela
1025 2285 1097 2330 esset
1121 2273 1258 2347 oppidum

211 2365 441 2421 Uxellodunum:
455 2365 532 2420 unde
548 2364 688 2438 conjicere
704 2364 769 2420 lieet
783 2366 936 2420 luctenbm
952 2365 1181 2440 patronymicum
1198 2383 1258 2420 esse

212 2475 319 2512 nomen
333 2476 350 2512 u
362 2457 503 2526 Lucteris,
517 2456 566 2530 qui
580 2458 702 2530 populus
717 2466 777 2512 erut
790 2473 855 2530 pars
873 2457 1065 2512 Cadurcorum
1083 2457 1206 2511 detractu
1222 2457 1259 2510 ub

213 2548 262 2617 iis,
280 2559 309 2603 et
327 2549 441 2604 subdite
459 2547 728 2604 Arvernis.».1ieet
746 2548 890 2603 Eleutheri
904 2549 950 2603 vel
971 2548 1073 2604 rectius
1098 2547 1262 2603 Heleutlreri

214 2640 250 2695 sit
263 2658 371 2696 nomen
386 2659 521 2713 melun,
540 2640 610 2695 mihi
629 2641 691 2696 luce
704 2639 805 2695 clarius
818 2650 860 2695 est
877 2641 1034 2695 Eleutheris
1050 2639 1182 2694 Cadmeis
1200 2657 1260 2694 esse

214 2731 368 2806 genuinum
385 2732 538 2788 lectionem
555 2752 562 2786 ε
580 2733 638 2804 jum
657 2733 724 2788 setis
744 2751 882 2806 superque
900 2733 1022 2805 probari
1039 2732 1211 2805 populeum
1233 2740 1261 2785 et

215 2823 327 2880 urbium
339 2825 439 2878 Gallie
449 2825 568 2879 nomina
581 2841 669 2898 grues
682 2826 727 2879 vel
740 2825 827 2880 letina
841 2843 909 2880 esse.
924 2823 969 2880 Sic
987 2823 1061 2878 infra
1074 2841 1128 2896 pro
1140 2823 1260 2886 Helviis5

217 2917 421 2984 Suessionum,
446 2915 597 2990 legendum
624 2915 754 2972 existimo
779 2907 937 2972 Eleutheris
959 2915 1154 2986 Suessioru'lrus.
1181 2913 1260 2970 Nihil

217 3009 311 3063 obstet
324 3009 402 3082 quod
415 3008 456 3066 uit
467 3009 571 3079 Caeser,
584 3008 752 3064 Eleutheros
766 3009 905 3064 Cadmeos
917 3010 971 3064 snb
984 3005 1106 3081 imperio
1117 3011 1260 3062 Arverno-

217 3119 279 3155 rum
293 3119 352 3156 esse
367 3101 558 3172 consuevisse,
573 3113 601 3157 et
614 3101 721 3158 Hirtius
734 3102 896 3157 Suessiones
913 3101 1009 3156 Remis
1023 3119 1082 3156 esse
1099 3099 1257 3156 attributos.

218 3193 253 3247 ln
260 3193 354 3248 Plinio
363 3193 439 3249 enim
448 3193 613 3250 Suessiones
622 3191 715 3248 liberi
721 3211 833 3267 quoque
841 3191 995 3266 nuncupati
1004 3203 1068 3247 sunt
1076 3213 1084 3262 ;
1093 3211 1151 3248 non
1164 3191 1260 3266 probo

217 3286 303 3359 igiuu
327 3287 479 3343 lectionem
498 3287 623 3344 lucteris
634 3309 649 3346 u
662 3287 803 3356 Lucterio,
822 3286 894 3342 duee
907 3286 1035 3341 Cadurco
1048 3285 1261 3359 potentissimo,

216 3395 301 3451 quum
319 3381 356 3435 D.
371 3379 534 3447 Acheintre,
548 3389 613 3452 post
624 3377 788 3447 D'Anville,
801 3378 946 3451 proponit.

256 3495 373 3561 Heluiis;
396 3495 595 3549 Sucsubru'bus.
621 3494 698 3566 Lege
717 3493 872 3548 Eleutheris
898 3491 1102 3559 Suessiorribus,
1126 3501 1157 3545 ut
1177 3506 1261 3561 snpru

217 3587 376 3643 Eleuthenlr
391 3587 531 3642 Cadurers.
551 3581 620 3642 Vide
630 3586 704 3640 hene
722 3596 827 3640 notum.

165 3711 170 3722 '
258 3702 439 3760 Belloeursrs.
461 3702 622 3758 Belloeassi
631 3700 653 3756 ii
668 3710 732 3756 sunt
745 3700 806 3774 qui,
817 3719 859 3770 u,
873 3708 905 3769 4,
922 3701 1096 3756 Velloeasses
1110 3707 1264 3766 vocentur,

218 3814 339 3869 quorum
347 3811 453 3852 nomen
467 3805 643 3852 eontractrun
655 3804 684 3849 et
696 3793 854 3850 derivatum
862 3793 954 3848 adbuc
962 3801 1089 3866 superest
1102 3789 1132 3846 in
1146 3789 1262 3844 nomine

218 3887 283 3961 pegi
297 3883 396 3963 gallice
415 3891 503 3944 Vexirr
517 3888 594 3943 dicti.
614 3887 780 3960 legendum
791 3886 837 3940 bic
851 3885 936 3960 igitur
953 3884 1130 3940 Veliocassis.

260 4007 385 4060 Aulercis
400 4003 580 4060 Eliumru'lrus.
604 4003 646 4058 ltu
666 4002 733 4076 legit
755 4004 791 4058 Ι).
807 4001 971 4070 Acheintrc,
985 3999 1035 4056 sed
1052 3999 1134 4053 mule.
1149 3995 1262 4052 Nullum

342 4131 363 4174 ι.
1078 4099 1118 4166 18
