3042 4772
308 395 362 454 ¹9⁰
481 377 511 434 u
529 376 627 434 sunu
647 375 808 434 casinis
829 375 1024 432 romanu.
1045 377 1154 434 anan
1302 397 1305 400 ·

305 500 434 572 romani
457 498 625 573 fortissimi
644 496 888 593 fidelissimique
907 497 1113 586 incolebant,
1136 499 1171 567 in
1198 498 1331 592 agmine

305 619 462 691 dimicare
481 619 524 688 sit
541 633 683 688 coactus.
701 618 779 706 Quo
799 617 914 711 proelio
932 617 1061 690 duobus
1080 615 1223 686 millibus
1239 614 1330 685 mili-

305 752 376 806 tum
394 735 535 829 amplius
553 733 950 825 amissis,centurionibus
962 735 1258 822 xxxvru,tribunis
1272 758 1330 824 rr,

305 879 381 924 cum
399 855 533 952 reliquis
551 853 654 949 copiis
671 854 823 926 Salonam
853 879 888 924 se
909 855 1049 950 recepit3
1073 877 1264 948 summaque
1281 853 1328 924 ibi

307 972 499 1044 difficultate
524 997 633 1044 rerum
659 974 807 1042 omnium
833 997 982 1067 pressus,
1011 972 1126 1065 paucis
1161 972 1330 1042 mensibus

306 1092 422 1162 morbo
438 1095 544 1188 periit.
563 1093 667 1186 Cujus
681 1107 713 1161 ct
727 1090 900 1162 infelicitas
918 1092 1003 1175 vivi,
1017 1105 1050 1160 et
1065 1089 1173 1160 subita
1189 1115 1278 1160 mors
1294 1092 1330 1160 in

305 1235 459 1306 magnam
483 1236 572 1306 spem
597 1201 772 1282 Octavium
798 1209 933 1294 adduxit
953 1210 1130 1303 provincie
1145 1209 1330 1304 potiundus

305 1353 403 1422 quem
423 1345 532 1400 umen
551 1330 674 1400 diutius
693 1328 728 1398 in
747 1329 844 1399 rebus
868 1326 1017 1399 secundis
1041 1342 1074 1398 et
1091 1327 1330 1421 sortitumque

305 1445 482 1540 plurimum
509 1451 542 1517 in
565 1446 659 1518 bellis
682 1462 810 1543 potest,
833 1446 1065 1542 diligentiaque
1093 1446 1281 1534 Cornificii,
1295 1461 1330 1517 et

305 1566 410 1635 virtus
423 1567 547 1636 Vatinii
566 1567 687 1638 versari
704 1591 797 1662 passa
811 1589 878 1636 uon
895 1579 953 1636 est.

354 1688 474 1758 XLIV.
489 1688 641 1756 Vatinius
657 1685 821 1756 Brundisii
834 1698 1045 1778 quumesset,
1059 1684 1199 1778 cognitis
1216 1683 1328 1772 rebus,

305 1829 378 1898 quse
394 1819 490 1899 gestas
508 1821 603 1874 erant
620 1806 655 1874 in
676 1803 828 1898 Illyrico,
850 1827 953 1896 quum
966 1803 1088 1872 crebris
1110 1801 1228 1872 litteris
1248 1805 1330 1872 Cor·

306 1922 404 1996 nificii
429 1923 471 1992 ad
491 1922 649 1993 auxilium
675 1923 850 2017 provincie
869 1921 1041 1991 ferendum
1065 1936 1271 2004 evocaretur,
1295 1935 1330 1990 et

306 2043 355 2110 Μ.
371 2043 543 2110 Octavium
563 2040 693 2110 audiret
711 2065 787 2110 cum
809 2042 960 2111 Barbaris
978 2039 1099 2110 foedera
1115 2033 1329 2134 percussisse,

307 2157 595 2252 compluribusque
604 2158 684 2228 locis
698 2173 886 2228 nostrorum
897 2157 1038 2228 militum
1048 2182 1242 2253 oppugnare
1250 2184 1330 2253 praa·

306 2275 405 2359 sidia,
436 2278 556 2369 partim
578 2274 679 2344 classe
697 2301 757 2370 per
776 2301 828 2364 se,
851 2277 969 2369 partim
999 2275 1204 2370 pedestribus
1228 2277 1330 2370 copiis

307 2417 368 2486 per
383 2393 565 2480 Barbaros,
578 2395 654 2478 etsi,
672 2395 763 2488 gravi
775 2391 962 2464 valetudine
975 2393 1130 2478 allectus,
1142 2396 1198 2464 vix
1210 2419 1329 2488 corpo·

307 2512 351 2580 ris
370 2511 494 2582 viribus
518 2513 665 2581 animum
680 2513 894 2605 sequebatur,
917 2527 1024 2582 tamen
1042 2513 1165 2582 virtute
1186 2515 1264 2582 vicit
1280 2514 1330 2580 in·

306 2631 515 2706 commodum
547 2645 689 2718 natum,
716 2629 989 2726 difficultatesque
1015 2631 1132 2702 hiemis
1159 2647 1193 2701 et
1218 2633 1331 2702 subita

306 2750 564 2843 praeparationis.
584 2753 671 2820 Nam
692 2773 795 2844 quum
821 2752 890 2845 ipse
915 2775 1035 2846 paucas
1053 2749 1088 2820 in
1110 2767 1208 2845 portu
1234 2775 1331 2820 naves

308 2865 422 2963 longas
431 2869 583 2954 haberet,
596 2867 720 2938 litteras
731 2871 765 2938 in
776 2870 932 2940 Achaiam
947 2869 988 2940 ad
1001 2871 1044 2958 Q.
1056 2867 1216 2942 Calenum
1226 2871 1331 2956 misit,

309 2987 428 3056 utisibi
444 2985 579 3058 classem
591 2989 745 3059 mitteret.
756 2988 859 3076 Quod
869 3005 971 3082 quum
982 2988 1104 3060 tardius
1116 2989 1331 3084 fieret,quam

309 3101 490 3194 periculum
511 3119 700 3178 neruorum
715 3105 899 3201 flagitabat,
915 3109 973 3201 qui
994 3110 1154 3178 sustinere
1172 3109 1332 3203 impetum

308 3221 439 3290 Octavii
454 3247 520 3292 uon
536 3237 707 3316 poterant,
727 3227 866 3296 navibus
883 3227 1052 3315 actuariis,
1064 3251 1203 3319 quarum
1218 3251 1334 3298 nume·

309 3361 366 3412 rus
380 3353 451 3408 erat
468 3341 547 3410 satis
558 3366 715 3437 magnus,
727 3344 955 3439 magnitudine
968 3368 1157 3438 quanquam
1170 3367 1237 3411 non
1254 3343 1331 3410 satis

305 3457 392 3550 justa
410 3455 451 3526 ad
467 3457 705 3552 praeliandum,
716 3477 822 3532 rostra
840 3464 1005 3555 imposuit.
1024 3463 1081 3529 His
1094 3459 1256 3552 adjunctis
1270 3481 1330 3527 na·

308 3573 403 3646 vibus
417 3572 539 3672 longis,
552 3593 587 3648 et
601 3604 740 3650 numero
751 3579 862 3650 classis
877 3593 991 3665 aucto,
1002 3577 1161 3648 militibus
1169 3577 1333 3646 veteranis

308 3695 483 3788 impositis,
506 3721 647 3789 quorum
675 3723 827 3791 magnam
852 3697 981 3790 copiam
999 3694 1142 3765 habebat
1168 3719 1208 3764 ex
1226 3697 1334 3766 omni·

249 3849 253 3856 ·
308 3811 370 3882 bus
388 3811 585 3908 legionibus,
604 3818 661 3910 qui
680 3837 815 3886 numero
826 3837 988 3909 aegrorum
998 3813 1104 3884 relicti
1118 3816 1333 3884 erantBrun·

308 3930 399 4018 dicii,
414 3955 518 4028 quum
536 3937 696 4007 exercitus
714 3935 748 4004 in
766 3934 928 4004 Graeciam
946 3949 1242 4029 transportaretur,
1259 3958 1336 4028 pro-
