3060 4768
299 453 355 508 opo
469 435 499 487 C.
518 433 615 486 JULII
637 433 798 487 CAESARIS
819 431 1014 486 COMMENT.
1041 433 1149 487 LIBER

297 555 449 652 praesidia
465 553 596 623 illorum
614 555 745 622 student
763 553 882 622 eaedenr
901 554 1020 640 lacere,
1040 579 1058 621 a
1080 554 1194 622 turmis
1211 568 1244 622 et
1261 553 1327 622 levi

297 689 463 744 armatura
490 690 567 742 sunt
600 672 776 742 interclusi.
800 675 951 761 Quorum
980 674 1040 740 nisi
1068 698 1194 742 summa
1222 675 1328 742 virtus
1378 703 1381 710 ·

298 795 427 880 suisset,
447 793 511 861 viui
525 793 612 885 capti
629 807 736 860 essent
755 817 763 858 ε
781 815 857 859 nam
869 806 902 859 et
919 792 1101 860 munitione
1123 790 1262 884 praesidii
1281 793 1328 860 ita

299 916 617 1010 coaugustabantur,
632 926 669 981 ut
680 937 795 1006 eques,
814 913 919 1006 spatio
936 912 1132 998 intercluso,
1147 915 1199 982 vix
1219 939 1253 982 se
1272 914 1328 983 de-

299 1035 432 1104 fendere
444 1047 562 1128 posset.
580 1038 629 1104 Ex
646 1033 697 1102 bis
719 1047 858 1125 utroque
872 1057 992 1126 genere
1009 1057 1125 1127 pugnae
1141 1033 1327 1126 complures
1349 1039 1354 1067 ¹

300 1171 378 1222 sunt
395 1152 586 1222 vulneribus
605 1152 734 1242 allecti,
751 1155 786 1218 iu
808 1152 925 1242 quibus
947 1154 1044 1220 etiam
1065 1151 1201 1221 Clodius
1221 1155 1328 1245 Aqui·

263 1367 265 1374 y
300 1273 389 1340 tius:
411 1273 496 1338 iuter
521 1295 602 1363 quos
631 1272 674 1338 ita
690 1272 838 1346 eominus
860 1283 908 1338 est
929 1285 1132 1363 pugnatum,
1152 1286 1190 1340 ut
1205 1296 1245 1338 ex
1267 1295 1325 1340 no·

300 1391 393 1475 stris,
407 1404 523 1481 praeter
536 1413 563 1458 11
577 1391 801 1476 centuriones,
812 1390 853 1456 sit
871 1413 965 1456 nemo
980 1386 1202 1474 desideratus,
1221 1387 1326 1483 gloria

300 1533 334 1576 se
350 1506 530 1576 efferentes.

349 1607 471 1696 XXIV.
496 1631 632 1696 Postero
649 1627 702 1696 die
719 1627 761 1694 ab
781 1629 942 1696 Soricaria
973 1614 1190 1719 utrorumque
1210 1651 1328 1696 eonve-

304 1771 379 1814 uere
397 1747 508 1840 eopiae.
527 1747 640 1816 Nostri
657 1745 791 1814 brachiu
810 1745 930 1814 ducere
949 1759 1129 1838 eruperunt.
1149 1747 1326 1837 Pompeius

303 1889 404 1957 quum
416 1864 703 1948 animadverteret,
721 1863 853 1932 castello
872 1889 906 1932 se
924 1863 1052 1932 excludi
1071 1863 1328 1956 Aspavia,quod

302 1999 351 2051 cst
367 1984 408 2052 ab
423 1987 531 2054 Ucubi
544 1982 645 2054 millia
663 2008 816 2078 passuum
828 2008 866 2069 u,
881 1983 948 2052 baec
957 2009 1010 2052 res
1027 1983 1211 2052 necessario
1231 1981 1329 2052 devo-

303 2103 417 2188 cabat,
448 2117 485 2172 ut
507 2102 549 2170 ad
577 2102 799 2172 dimicandum
826 2101 1033 2170 descenderet
1056 2124 1192 2194 :neque
1219 2115 1328 2170 tamen

301 2245 394 2312 equo
409 2218 481 2290 loco
499 2223 548 2290 sui
565 2234 757 2314 potestatem
778 2221 932 2308 faciebat,
956 2219 1013 2290 sed
1030 2245 1070 2288 en
1090 2243 1208 2314 grume
1228 2218 1330 2288 encel-

303 2365 374 2413 sum
392 2339 555 2408 tumulum
581 2342 745 2433 capiebat,
762 2365 864 2434 usque
884 2365 944 2427 eo,
965 2353 1001 2408 ut
1024 2341 1207 2410 necessario
1230 2364 1328 2434 coge·

302 2474 394 2528 retur
407 2461 556 2551 iniquum
577 2459 685 2530 locum
705 2459 823 2528 subire.
844 2461 920 2547 Quo
935 2459 975 2528 de
992 2458 1098 2544 facto,
1114 2484 1216 2552 quum
1237 2475 1329 2529 utro-

302 2602 442 2671 rumque
457 2581 559 2673 copiae
572 2578 735 2650 tumulum
753 2577 963 2648 excellentem
976 2581 1148 2672 petissent,
1168 2579 1327 2673 prohibiti

303 2723 321 2765 a
341 2699 461 2768 nostris
477 2715 571 2780 sunt,
594 2699 776 2792 dejectique
802 2698 949 2793 planitie.
967 2701 1052 2788 Quae
1075 2723 1126 2768 res
1146 2699 1327 2766 secundum

302 2819 422 2888 nostris
444 2819 606 2888 efficiebat
622 2817 783 2910 proelium.
814 2817 968 2911 Undique
1001 2835 1109 2887 autern
1137 2815 1328 2885 cedentibus

306 2911 637 3018 adversariis'nosrri
652 2917 775 3030 'magna
796 2939 830 3004 iu
850 2936 937 3004 caede
955 2937 1178 3006 versabantur.
1198 2936 1329 3023 Quibus

302 3079 414 3143 mons,
434 3080 501 3125 non
521 3057 643 3140 virtus,
664 3053 760 3126 saluti
784 3055 846 3124 suit
865 3081 873 3124 :
893 3081 959 3149 quo
982 3054 1126 3124 subsidio
1147 3069 1245 3142 tunc,
1266 3055 1330 3123 nisi

303 3171 560 3267 advesperasset,
589 3201 609 3244 a
631 3177 841 3269 paucioribus
865 3176 985 3244 nostris
1004 3176 1095 3244 omni
1119 3173 1243 3244 auxilio
1260 3177 1331 3268 pri·

302 3293 369 3358 vati
388 3280 493 3361 essent
513 3319 520 3361 ι
540 3319 614 3364 nam
633 3294 821 3364 cecideruut
836 3319 875 3362 ex
893 3293 957 3362 levi
975 3308 1143 3363 armatura
1161 3315 1330 3376 cccxxrv,

303 3433 343 3476 ex
369 3407 555 3502 legionariis
580 3432 754 3500 cxxxvru,
778 3427 999 3507 preterquam
1016 3438 1159 3506 quorum
1180 3435 1270 3480 arma
1296 3428 1330 3480 et

302 3525 405 3621 spolia
431 3547 509 3600 sunt
531 3531 638 3602 allata.
659 3536 711 3602 lta
738 3532 843 3626 pridie
870 3556 897 3601 ιι
920 3533 1151 3601 centurionum
1179 3533 1329 3602 interitio

302 3649 364 3715 hac
380 3647 640 3720 adversariorum
656 3675 752 3745 poeua
767 3667 816 3720 est
832 3649 932 3719 litata.

348 3769 455 3836 XXV.
480 3769 669 3862 Insequenti
698 3771 765 3852 die,
786 3771 857 3863 pari
880 3770 1115 3840 consuetudine
1148 3795 1250 3862 quurn
1286 3770 1331 3838 ad

301 3885 450 3954 eumdem
466 3885 574 3956 locum
587 3889 657 3980 ejus
671 3888 857 3982 praesidium
869 3890 1029 3977 venisset,
1043 3889 1181 3984 pristino
1194 3886 1251 3957 illo
1268 3913 1332 3958 suo

302 4006 477 4084 utebantur
495 4007 643 4075 instituto
660 4034 668 4074 ε
690 4033 764 4077 narn
781 4022 898 4102 praeter
910 4006 1138 4101 equitasnullo
1151 4006 1222 4076 luco
1235 4033 1333 4101 aequo
