3014 4780
453 457 504 510 DE
525 457 646 512 BELLO
668 455 917 514 HISPANIENSI.
1154 466 1210 539 289

180 605 287 649 sarem
311 579 473 672 proficisci
496 578 569 648 :illi
590 606 624 648 se
643 578 897 650 satisfacturum.
924 586 1089 653 Potestate
1117 587 1211 678 data,

181 725 284 793 quum
304 699 380 767 inde
398 713 481 768 esset
500 700 683 793 profectus,
712 702 863 794 prasidio
883 718 1088 798 comparato,
1108 732 1211 798 quum

180 818 263 885 bene
280 842 433 912 magnam
452 843 585 887 manum
599 820 741 908 fecisset,
760 834 794 888 et
807 836 969 890 nocturno
985 836 1134 918 tempore
1151 813 1212 920 per

181 934 340 1005 fallaciam
357 937 391 1004 in
413 935 573 1030 oppidum
597 951 682 1024 esset
698 952 867 1032 receptus,
882 939 1123 1035 jugulationem
1142 969 1211 1014 ma-

179 1080 277 1149 gnam
291 1055 371 1124 facit
391 1081 399 1124 ε
418 1055 701 1149 principibusque,
723 1057 781 1149 qni
797 1057 859 1127 sibi
880 1061 1034 1128 contrarii
1057 1061 1209 1147 fuissent,

180 1173 373 1262 interfectis,
400 1173 560 1268 oppidum
589 1175 624 1242 in
656 1199 748 1244 suam
768 1191 959 1269 potestatem
988 1181 1115 1275 recipit.
1136 1186 1208 1251 Hoc

179 1297 342 1388 praeterito
359 1309 523 1388 tempore,
543 1297 627 1364 servi
648 1295 825 1390 transfugae
840 1300 1094 1398 nuntiaverunt,
1114 1304 1207 1395 oppi-

179 1414 341 1483 danorum
355 1415 440 1482 bona
456 1413 571 1499 vendi,
588 1437 649 1482 neo
668 1416 722 1482 cui
739 1429 829 1483 extra
845 1414 968 1484 vallum
987 1417 1085 1487 licere
1100 1423 1206 1508 exire,

179 1534 242 1601 nisi
253 1533 448 1620 discinctum
461 1558 470 1602 ε
482 1532 687 1626 idcircoque,
705 1557 743 1600 ex
760 1559 826 1626 quo
838 1535 891 1602 die
902 1535 1062 1630 oppidum
1077 1545 1205 1632 Ategua
1229 1609 1231 1614 .

178 1666 261 1720 esset
279 1667 430 1745 captum,
448 1665 538 1720 metu
558 1653 753 1720 conterritos
770 1651 955 1745 complures
974 1656 1150 1750 profugere
1171 1659 1204 1725 in

176 1773 367 1856 Baeturiam,
387 1795 494 1862 neque
516 1771 578 1838 sibi
601 1769 701 1839 ullam
720 1795 810 1864 spem
833 1773 976 1840 victoriae
999 1776 1202 1867 propositam

177 1888 297 1957 habere
318 1915 326 1957 ε
345 1903 393 1976 et,
411 1891 438 1958 si
455 1892 566 1983 quiex
586 1891 706 1958 nostris
725 1889 951 1984 transfugerit,
980 1894 1013 1960 in
1030 1891 1135 1963 levem
1153 1919 1204 1962 ar-

178 2023 340 2076 maturam
360 2009 495 2102 conjici,
516 2033 656 2102 eumque
677 2033 743 2077 non
763 2007 902 2103 amplius
921 2035 980 2079 xvi
996 2013 1153 2106 accipere.

224 2129 348 2196 XXIII.
365 2129 553 2220 Insequenti
573 2143 718 2221 tempore
738 2131 846 2197 Caesar
866 2131 980 2198 castris
997 2145 1101 2199 castra
1123 2157 1201 2200 con·

176 2243 273 2333 tulit,
290 2259 323 2314 et
338 2245 509 2314 brachium
526 2246 567 2315 ad
591 2246 712 2317 flumen
731 2246 857 2317 Salsum
878 2248 997 2317 ducere
1013 2253 1121 2342 coepit
1141 2252 1215 2319 Hic¹

175 2364 254 2432 dum
274 2367 307 2432 in
324 2389 424 2458 opere
443 2367 546 2435 nostri
558 2367 691 2435 distenti
704 2381 826 2450 essent,
844 2366 1028 2461 complures
1044 2393 1084 2436 ex
1100 2393 1197 2462 supe·

158 2484 260 2575 ¹riore
276 2483 350 2554 loco
370 2484 630 2554 adversariorum
649 2486 930 2554 decucurrerunt:
950 2513 1010 2556 nec
1026 2487 1200 2556 detinenti·

173 2603 233 2672 bus
258 2607 392 2694 nostris,
421 2605 532 2673 multis
556 2605 628 2673 telis
651 2606 777 2697 injectis
802 2603 987 2698 complures
1010 2604 1198 2676 vulneribus

173 2722 316 2792 affecere.
342 2725 405 2791 Hic
423 2739 549 2808 tamen,
566 2739 604 2790 ut
622 2724 667 2791 ait
687 2724 831 2809 Ennius,
851 2753 867 2786 c
885 2727 988 2794 nostri
1006 2749 1128 2793 cessere
1140 2751 1199 2819 pa·

174 2865 318 2934 rumper.
344 2869 362 2904 n
379 2843 495 2934 Itaque
524 2856 640 2934 praeter
671 2839 939 2940 consuetudinem
957 2868 1067 2935 ‚quum
1089 2869 1106 2912 a
1135 2869 1195 2914 no·

172 2961 246 3027 stris
261 2958 522 3029 animadversum
539 2977 623 3030 esset
639 2962 769 3049 cedere,
786 2965 994 3032 centuriones
1013 2989 1051 3032 ex
1069 2962 1198 3059 legione

171 3081 285 3172 quinta
304 3078 426 3148 flumen
447 3083 640 3175 transgressi
659 3081 726 3151 duo
745 3084 960 3151 restituerunt
975 3083 1096 3172 aciem3
1113 3085 1196 3152 acri·
1284 3107 1287 3114 ’

171 3211 285 3291 terque
300 3200 418 3268 eximia
430 3203 552 3270 virtute
571 3201 679 3295 plures
693 3227 796 3296 quum
812 3217 961 3297 agerent,
980 3228 1019 3271 ex
1030 3205 1197 3297 superiore

173 3314 245 3384 loco
273 3315 482 3389 multitudine
510 3318 651 3388 telorum
683 3319 767 3390 alter
801 3345 914 3391 eorum
945 3322 1098 3390 concidit.
1128 3325 1193 3406 lta,

171 3461 273 3528 quum
289 3438 315 3505 is
332 3439 439 3532 impar
457 3437 607 3533 praelium
625 3439 730 3509 facere
748 3434 919 3536 coepisset,
931 3455 964 3509 et
979 3465 1081 3533 quum
1099 3439 1194 3506 undi-

169 3580 234 3648 quc
252 3581 286 3624 se
302 3559 530 3628 circumveniri
550 3559 846 3647 animadvertisset,
872 3583 1048 3654 parumper
1073 3559 1194 3650 ingres-

172 3699 242 3756 sus,
259 3676 374 3769 pedem
393 3669 538 3747 offendit
558 3680 664 3773 Hujus
684 3679 890 3768 concidentis,
903 3679 964 3747 viri
979 3702 1053 3746 casu
1073 3677 1193 3771 passim

169 3793 303 3874 andito,
331 3820 433 3889 quum
451 3796 636 3890 complures
657 3798 915 3867 adversariorum
934 3819 1128 3865 concursum
1146 3795 1194 3863 fa·

169 3927 297 3999 carent,
316 3916 441 4006 equites
453 3917 556 3983 nostri
572 3919 762 4012 transgressi
783 3917 938 3985 interiore
951 3912 1023 3983 loco
1043 3914 1193 3982 adversa·

168 4033 235 4102 rios
251 4033 293 4102 ad
314 4032 435 4102 vallum
453 4057 549 4129 agere
566 4051 744 4128 coeperunt.
764 4035 922 4122 Ita,dum
940 4031 1090 4128 cupidius
1108 4034 1194 4100 intra

313 4177 349 4221 Π.
1011 4176 1053 4247 19
