3038 4766
476 373 526 428 un
546 373 669 430 senno
690 373 804 428 crum
826 373 895 428 nm.
916 366 965 432 m.
1180 393 1233 452 ης

195 495 370 587 Pompeius
394 495 515 562 sentire
538 509 664 587 posset;
693 510 727 564 et
757 497 888 564 tametsi
916 511 1011 564 erant
1039 499 1237 568 munitiones

195 627 378 680 castrorum
398 636 540 706 magua,
567 627 675 682 tamen
697 614 831 684 sinistro
848 639 972 698 cornu,
990 615 1046 684 ubi
1065 631 1136 683 erat
1155 618 1237 709 ipse,

195 728 343 799 celeriter
358 753 530 825 aggressus
545 733 762 825 Pompeianos
777 755 814 800 ex
833 732 918 801 vallo
933 733 1134 802 deturbavit.
1152 739 1233 804 Erat
1271 804 1277 819 ,

196 849 344 941 objectus
376 852 481 944 portis
517 851 645 920 ericius.
673 829 736 920 Hic
763 850 929 944 paulisper
959 867 1008 920 est
1035 866 1234 947 pugnatum,

189 993 298 1062 quum
318 969 499 1064 irrumpere
518 971 623 1040 nostri
640 984 853 1058 conarentur,
879 969 926 1039 ilii
946 986 1053 1042 castra
1072 971 1227 1043 desende-

196 1103 283 1174 rent,
300 1087 476 1158 fortissime
492 1093 530 1159 T.
550 1088 722 1176 Pulcione,
740 1092 836 1182 cnjus
851 1115 950 1185 opera
964 1092 1132 1184 proditum
1147 1117 1235 1162 exer-

196 1209 298 1276 citum
313 1210 350 1277 C.
369 1209 507 1278 Antonii
521 1208 834 1296 demonstravimus,
849 1209 957 1278 eloco
972 1227 1204 1305 propugnante
1222 1238 1230 1278 :

195 1325 253 1395 sed
283 1340 394 1396 tamen
427 1329 533 1396 nostri
563 1329 686 1396 virtute
709 1329 878 1417 vicerunt3
908 1330 1080 1421 excisoque
1109 1332 1229 1414 ericio,

195 1446 304 1539 primo
323 1447 358 1516 in
378 1447 503 1540 majora
522 1460 645 1533 castra,
664 1461 740 1541 post
757 1448 856 1516 etiam
875 1449 910 1516 in
931 1445 1120 1533 castellum,
1139 1447 1227 1538 qnod

196 1579 267 1632 erat
281 1563 445 1634 inclusum
460 1564 642 1658 majoribus
658 1567 793 1650 castris,
810 1567 1019 1659 irruperunt,
1036 1579 1070 1635 et
1086 1565 1176 1658 quod
1192 1589 1232 1634 eo

196 1683 288 1775 pulsa
310 1681 395 1778 legio
426 1707 495 1753 sese
521 1697 708 1776 receperat,
741 1683 919 1755 nonnullos
943 1684 989 1757 ibi
1011 1697 1234 1779 repugnantes

195 1802 433 1871 interfecerunt.
613 1813 615 1816 ’

242 1922 395 1990 LXVIII.
423 1919 490 1990 Sed
513 1920 664 2011 fortuna,
685 1947 758 2016 quse
778 1919 960 2017 plurimum
984 1937 1108 2016 potest,
1129 1947 1233 2016 quum

196 2040 230 2106 in
250 2037 384 2133 reliquis
411 2040 523 2126 rebus,
549 2055 620 2110 tum
650 2043 812 2137 precipue
838 2043 873 2111 in
899 2041 1008 2129 bello,
1035 2043 1145 2135 parvis
1161 2066 1233 2112 mo-

196 2160 315 2226 mentis
340 2181 475 2254 magnas
499 2183 609 2228 rerum
637 2163 911 2230 commutationes
934 2160 1066 2230 efficit:
1097 2175 1134 2229 ut
1163 2174 1234 2230 tum

196 2276 324 2346 accidit.
353 2279 590 2364 Munitionem,
618 2304 717 2372 quam
745 2283 909 2375 pertinere
926 2304 946 2348 a
965 2279 1080 2348 castris
1104 2277 1147 2346 ad
1172 2278 1235 2346 ssu-

197 2421 271 2464 men
300 2421 399 2491 supra
421 2398 738 2484 demonstravimus,
757 2398 863 2468 dextri
886 2399 1024 2468 Caesaris
1047 2421 1152 2466 cornu
1177 2415 1234 2466 co·

196 2515 326 2604 bortes,
342 2519 531 2612 ignorantia
547 2516 628 2602 loci,
642 2530 720 2586 sunt
731 2531 866 2602 secutae,
882 2539 986 2607 quum
1001 2529 1130 2609 portam
1148 2539 1234 2607 quar·

197 2651 323 2720 nerent,
339 2652 589 2728 castrorumque
606 2659 677 2703 eam
699 2635 917 2703 munitionem
940 2657 1010 2701 esse
1036 2633 1234 2701 arbitraren-

196 2769 262 2825 tur.
284 2754 385 2842 Quod
404 2779 508 2846 quum
525 2767 611 2822 esset
629 2750 910 2836 animadversum,
929 2751 1142 2842 conjunctam
1165 2775 1234 2820 esse

198 2874 347 2962 flumini,
373 2874 518 2966 prorutis
545 2873 596 2940 bis
621 2870 877 2960 munitionibus,
897 2870 1095 2941 defendente
1121 2868 1234 2959 nulio,

199 2991 490 3078 transcenderunt,
506 2993 678 3084 omnisque
698 3006 811 3060 noster
826 2993 991 3086 equitatus
1008 3014 1063 3060 eas
1078 2990 1233 3060 cohortes

197 3124 246 3178 est
262 3091 425 3180 secutus

246 3229 366 3300 Lm
387 3231 523 3299 Interim
542 3231 735 3324 Pompeius,
757 3231 819 3298 bac
839 3230 917 3300 s‘atis
939 3229 1037 3324 longa
1061 3230 1235 3322 interjecta

198 3373 310 3436 mora,
324 3361 358 3418 et
373 3373 410 3418 re
426 3350 594 3434 nuntiata,
609 3351 760 3441 quintam
778 3347 954 3443 legionem,
981 3348 1024 3418 ab
1052 3371 1152 3442 opere
1180 3348 1235 3417 de·

199 3464 350 3557 ductam,
366 3468 513 3538 subsidio
528 3468 596 3538 suis
612 3466 709 3538 duxit
725 3493 733 3536 ε
750 3467 930 3560 eodemque
948 3481 1096 3560 tempore
1111 3468 1236 3560 equita·

201 3601 254 3656 tus
271 3589 342 3681 ejus
367 3590 490 3658 nostris
505 3589 674 3681 equitibus
698 3586 1003 3681 appropinquabat,
1020 3600 1053 3655 et
1078 3586 1163 3653 acies
1184 3587 1235 3652 in-

200 3721 323 3776 structa
339 3733 359 3777 a
376 3711 514 3793 nostris,
533 3707 591 3800 qui
610 3721 717 3776 castra
736 3719 997 3798 occupaverant,
1015 3702 1235 3789 cernebatur,

202 3828 378 3920 omniaque
404 3843 482 3897 sunt
503 3827 614 3896 subito
639 3840 776 3896 mutata.
801 3824 999 3919 Pompeiana
1022 3821 1111 3892 enim
1130 3819 1235 3916 legio,

203 3941 317 4013 celeris
336 3971 395 4038 spe
414 3947 550 4016 subsidii
571 3945 782 4034 confirmata,
799 3946 840 4016 ab
855 3947 1044 4016 uoeumana
1068 3956 1165 4036 porta
1184 3965 1236 4010 re·

242 4149 245 4156 .
351 4087 388 4131 ¹¹·
1070 4084 1094 4155 9
