3038 4766
467 403 517 458 DE
538 402 661 458 BELLO
682 402 797 457 CIVILI
818 403 886 456 LIB.
906 402 944 456 II.
1182 404 1216 474 73

241 531 378 598 XXVII.
392 530 544 597 Proxima
559 542 673 614 nocte,
687 527 893 596 centuriones
911 525 1009 592 marsi
1024 525 1090 594 duo
1109 552 1147 595 ex
1166 553 1218 597 ca·

192 650 267 716 stris
280 647 434 715 Curionis
449 671 523 715 cum
541 643 797 738 manipularibus
817 645 884 712 suis
900 643 1030 713 duobus
1050 659 1083 715 ct
1101 647 1218 740 viginti

192 765 234 836 ad
244 767 370 835 Attium
383 769 507 833 Varum
521 765 720 859 perfugiunt.
731 765 790 852 Hi,
807 788 864 832 seu
875 787 968 852 vere,
984 788 1082 858 quam
1097 765 1218 834 habue-

191 901 285 972 rant,
306 887 494 979 opinionem
513 885 555 953 ad
575 909 649 954 eum
667 884 851 979 perferunt,
874 885 940 952 sive
967 886 1064 953 etiam
1084 887 1217 955 auribus

191 1005 271 1074 Vari
287 1005 456 1074 serviunt(
464 1029 559 1090 nam,
574 1029 646 1098 quae
655 1003 823 1090 volumus,
837 1019 869 1072 et
886 1003 1050 1074 credimus
1061 1002 1217 1092 libenter;

190 1137 237 1212 et,
250 1148 321 1217 quae
335 1126 491 1193 sentimus
509 1125 585 1218 ipsi,
601 1122 742 1217 reliquos
758 1125 877 1192 sentire
894 1122 1074 1218 speramus)
1085 1149 1093 1191 τ
1103 1123 1218 1193 confir·

189 1257 281 1312 mant
295 1243 426 1336 quidem
444 1257 551 1329 certe,
570 1245 670 1311 totius
686 1244 846 1312 exercitus
866 1244 992 1311 animos
1009 1241 1131 1314 alienos
1149 1269 1218 1313 esse

189 1385 209 1428 a
223 1363 389 1430 Curione:
408 1364 547 1431 maxime
563 1387 645 1455 opus
663 1385 747 1445 esse,
762 1363 796 1428 in
811 1376 1021 1455 conspectum
1039 1363 1217 1432 exercitum

191 1482 314 1566 venire,
341 1496 374 1550 et
399 1480 606 1574 colloquendi
632 1481 704 1550 dari
732 1478 931 1551 facultatem.
956 1481 1032 1570 Qua
1061 1483 1217 1576 opinione

189 1598 349 1668 adductus
376 1602 497 1685 Varus,
523 1614 653 1693 postero
675 1598 727 1667 die
749 1622 845 1667 mane
862 1597 1010 1694 legiones
1035 1625 1074 1668 ex
1103 1602 1217 1668 castris

189 1717 307 1786 educit.
328 1717 516 1787 Facitidem
536 1720 637 1788 Curio
656 1743 664 1785 :
683 1732 796 1811 atque,
824 1742 888 1785 una
908 1716 992 1785 valle
1011 1743 1077 1785 non
1099 1741 1216 1812 magna

189 1837 374 1930 interjecta,
392 1861 465 1905 suas
483 1851 621 1930 uterque
638 1838 747 1930 copias
766 1838 906 1906 iustruit.

235 1956 390 2024 XXVIII.
402 1957 483 2024 Erat
493 1957 528 2023 in
537 1957 681 2024 exercitu
696 1957 776 2024 Vari
793 1958 865 2024 Sex.
879 1954 1080 2044 Quinctilius
1090 1958 1215 2042 Varus,

188 2097 287 2166 quem
301 2072 401 2142 fuisse
418 2073 570 2160 Corfinii,
590 2097 689 2166 supra
714 2073 971 2144 demonstratum
993 2087 1051 2142 est.
1070 2075 1146 2158 Hic,
1167 2073 1218 2140 di·

189 2194 307 2260 missus
337 2198 504 2263 aCaesare
533 2196 566 2262 in
583 2194 726 2263 Africam
752 2208 903 2279 venerat3
930 2194 1139 2289 legionesque
1162 2219 1216 2263 eas

189 2311 377 2380 traduxerat
401 2315 522 2398 Curio,
547 2336 627 2404 quas
660 2313 883 2405 superioribus
906 2314 1107 2408 temporibus
1133 2315 1215 2382 Cor-

189 2430 268 2499 finio
284 2445 450 2525 receperat
465 2435 591 2518 Caesar3
603 2431 684 2500 adeo
703 2445 759 2518 ut,
778 2433 890 2525 paucis
905 2434 1037 2502 mutatis
1054 2434 1218 2502 centurio·

189 2549 298 2635 nibus,
318 2551 415 2618 iidem
435 2550 566 2630 ordines
585 2548 809 2643 manipulique
827 2565 1025 2620 constarent.
1045 2555 1138 2620 Hanc
1160 2575 1216 2619 na-

189 2682 260 2737 ctus
281 2666 508 2761 appellationis
532 2663 663 2736 causam
683 2665 901 2755 Quinctilius,
918 2670 1091 2738 circumire
1113 2670 1214 2738 aciem

188 2789 358 2874 Curionis,
370 2801 468 2878 atque
480 2785 650 2854 obsecrare
663 2783 780 2853 milites
796 2788 909 2880 coepit,
925 2813 990 2856 «ne
1006 2789 1101 2883 primi
1111 2813 1216 2856 sacra-

189 2907 306 2993 menti,
332 2904 421 2998 qnod
439 2903 526 2997 apud
545 2904 728 2972 Domitium
748 2919 846 2999 atque
863 2907 951 3000 apud
970 2931 1003 2974 se
1020 2921 1213 3000 quaestorem

115 3075 119 3085 .
188 3025 362 3110 dixissent,
380 3024 568 3093 memoriam
586 3021 806 3116 deponerent;
827 3050 892 3096 neu
909 3041 1024 3094 contra
1051 3050 1105 3094 eos
1125 3049 1215 3094 arma

187 3142 329 3230 ferrent,
343 3142 401 3234 qui
416 3140 527 3209 eadem
544 3156 651 3210 esseut
669 3143 719 3211 usi
738 3143 889 3230 fortuna,
908 3143 1087 3237 eademque
1104 3147 1139 3212 in
1156 3144 1216 3212 ob·

187 3261 314 3330 sidione
334 3261 498 3355 perpessi3
523 3285 587 3328 neu
605 3286 665 3354 pro
684 3262 723 3330 iis
743 3277 944 3355 pugnarent,
962 3288 982 3332 a
999 3264 1118 3358 quibus
1135 3289 1215 3333 con·

187 3377 321 3450 tumelia
331 3379 476 3474 persugae
493 3376 776 3473 appellarentur.»
794 3383 854 3450 His
871 3405 977 3474 pauca
992 3382 1034 3450 ad
1048 3406 1139 3475 spem
1154 3381 1216 3450 lar·

187 3499 319 3594 gitionis
337 3497 480 3586 addidit,
499 3522 573 3591 qua·
585 3499 626 3566 ab
640 3522 699 3567 sua
714 3495 923 3587 liberalitate,
945 3503 972 3570 si
990 3525 1024 3570 se
1044 3515 1144 3592 atque
1160 3503 1216 3569 At·

187 3620 269 3686 tium
286 3619 388 3688 secuti
405 3633 527 3704 essem,
545 3632 733 3711 exspectare
750 3617 916 3688 deberent.

234 3739 357 3805 XXIX.
391 3741 462 3805 Hac
485 3737 596 3806 babitu
621 3738 787 3824 oratione,
817 3735 940 3808 nullam
963 3737 997 3803 in
1022 3749 1147 3828 partem
1176 3736 1217 3803 ab

187 3857 329 3923 exercitu
350 3857 505 3926 Curionis
525 3857 563 3926 fit
579 3844 789 3951 significatio,
810 3871 908 3951 atque
926 3859 971 3925 ita
985 3880 1059 3925 suas
1079 3869 1217 3949 uterquc

188 3969 298 4065 copias
323 3973 453 4042 reducit
477 4000 484 4042 :
504 3989 604 4067 atque
627 3977 661 4044 in
681 3979 795 4045 castris
814 3977 968 4046 Curionis
988 3999 1127 4070 magnus
1147 4001 1217 4044 om-
