3096 4762
230 373 266 428 38
332 369 362 423 C.
385 367 482 421 JULH
503 365 668 423 CAEsolus
689 368 809 424 COMM.
831 369 881 423 DE
904 369 1023 425 BELLO
1041 371 1151 432 ¹GALL.

225 491 394 561 hominem
414 491 683 563 honestissimum
700 493 879 584 provinciae
894 491 1032 580 Gallie,
1056 516 1151 559 suurn
1171 493 1265 560 farni-

225 612 340 682 liarem
363 627 396 680 et
420 612 602 705 hospitem,
628 626 780 704 ereptum
807 613 998 682 emanihus
1016 611 1178 699 hostium,
1205 610 1267 678 sibi

226 734 417 801 restitutum
428 731 578 818 videbat3
592 755 699 824 neque
711 731 782 824 ejus
796 731 983 801 calamitate
996 732 1141 800 detenta
1154 729 1268 825 volup-

227 867 293 920 tate
308 866 341 919 et
358 850 580 946 gratulatione
598 851 779 946 quidquam
792 850 925 920 fortuna
940 852 1156 921 deminuerat.
1171 856 1220 936 Is,
1236 875 1269 919 se

193 992 195 997 ·
227 986 404 1066 presente,
425 970 466 1042 de
486 995 520 1039 se
540 986 592 1042 ter
612 971 755 1041 sortibus
772 971 962 1041 consultum
984 970 1132 1058 dicebat,
1156 983 1269 1037 utrum

228 1092 297 1185 igni
313 1063 426 1160 statim
451 1104 643 1179 necaretur,
661 1115 703 1159 an
719 1091 753 1158 in
776 1089 866 1159 aliud
893 1104 1022 1183 tempus
1047 1104 1270 1157 reservaretur

228 1211 368 1280 sortium
389 1209 552 1279 beneficio
574 1235 608 1279 se
628 1235 698 1280 esse
720 1209 932 1280 incolumem.
956 1213 1040 1279 Item
1062 1211 1109 1276 Μ.
1133 1209 1270 1276 Mettius

229 1343 394 1423 repertus,
410 1341 443 1396 et
455 1329 498 1398 ad
516 1354 591 1398 eum
608 1330 764 1400 reductus
784 1346 842 1400 est.

280 1452 368 1519 le.
388 1453 460 1518 Hoc
476 1447 593 1545 proelio
612 1465 704 1520 trans
720 1451 875 1520 Rhenum
896 1451 1064 1535 nuntiato,
1081 1449 1198 1534 Suevj,
1213 1449 1270 1541 qui

231 1571 274 1641 ad
288 1572 377 1665 ripas
386 1571 496 1642 Rheni
509 1587 683 1659 venerant,
695 1571 830 1640 domum
844 1572 965 1640 reverti
978 1585 1172 1665 coeperunt:
1188 1595 1271 1664 quos

230 1691 328 1779 Uhii,
339 1693 397 1785 qui
411 1693 553 1786 proximi
565 1691 718 1760 Rhenum
730 1690 898 1781 incolunt,
911 1693 1105 1787 perterritos
1118 1691 1270 1780 insecuti,

232 1833 391 1905 magnum
407 1833 448 1880 ex
461 1813 513 1881 his
527 1835 703 1880 numerum
717 1811 921 1882 occiderunt.
936 1813 1060 1901 Caesm,
1077 1837 1143 1880 una
1162 1825 1273 1881 aestate

233 1931 363 2000 duobus
383 1932 535 1999 maximis
553 1929 648 2000 bellis
666 1931 839 2020 confectis,
861 1934 1024 2001 maturius
1049 1931 1149 2024 paulo
1173 1958 1272 2025 quam

235 2064 364 2144 tempus
381 2051 460 2118 anni
480 2048 683 2143 postulabat,
703 2053 738 2118 in
757 2051 895 2119 hiherna
913 2053 947 2119 in
965 2054 1136 2144 Sequanos
1154 2051 1274 2118 exerci-

236 2183 307 2237 tum
331 2167 468 2238 deduxit
493 2196 500 2237 :
527 2169 674 2239 hibernis
696 2171 881 2238 Labienum
906 2170 1084 2263 praeposuit
1110 2195 1118 2236 :
1144 2171 1213 2263 ipsc
1239 2171 1272 2237 in

236 2290 422 2358 citeriorem
437 2287 582 2358 Galliam
602 2289 645 2358 ad
663 2304 845 2358 conventus
864 2289 1010 2384 agendos
1028 2289 1194 2384 profectus
1214 2304 1273 2358 est.
