3048 4770
456 403 507 458 DE
529 402 648 457 BELLO
671 401 833 460 GALLICO
856 403 924 456 LIB.
944 401 964 454 l.
1195 417 1229 467 27

198 531 298 596 latum
315 526 554 614 querebantur,
570 540 629 594 aut
646 550 723 594 cum
740 523 956 592 familiaribus
971 523 1038 592 suis
1056 533 1236 592 commune

197 639 383 732 periculum
402 643 652 734 miserabantur.
669 643 780 738 Vulgo
801 643 880 711 totis
900 644 1015 720 castris
1035 657 1231 711 testamenta

195 757 466 851 obsignabantur.
482 765 611 830 Horum
624 762 758 830 vocibus
775 787 813 830 ac
828 763 948 831 timore
962 759 1120 857 paulatim
1133 762 1231 829 etiam

199 879 243 963 ii,
265 879 323 970 qui
341 907 496 976 magnum
515 884 550 950 in
567 883 683 950 castris
698 907 795 952 usum
815 882 994 968 habebant,
1012 880 1132 950 milites
1153 904 1231 949 cen·

200 1003 423 1093 tonumque,
437 1003 560 1094 quique
574 1003 735 1094 equitatui
747 1016 928 1096 praeerant,
942 1001 1230 1095 perturbabantur.

198 1119 266 1206 Qui
282 1144 315 1189 se
331 1144 372 1188 ex
389 1121 441 1188 bis
461 1121 569 1190 minus
586 1121 718 1190 timidos
734 1122 914 1190 existimari
930 1119 1095 1204 volebant,
1115 1145 1182 1190 non
1197 1145 1232 1188 se

196 1237 323 1306 bostem
345 1240 467 1326 vereri,
493 1239 549 1308 sed
574 1242 743 1336 angustias
767 1241 893 1309 itineris
913 1254 948 1309 et
969 1238 1230 1333 magnitudinem

196 1353 450 1450 silvarumque
458 1359 798 1429 intercederentinter
808 1360 896 1452 ipsos
906 1373 1005 1451 atque
1015 1359 1229 1446 Ariovistum,

195 1490 254 1542 aut
277 1500 348 1544 rem
376 1476 641 1565 frumentariam,
671 1495 708 1549 ut
734 1481 813 1548 satis
838 1477 1011 1547 commode
1041 1479 1229 1572 supportari

196 1609 320 1687 posset,
335 1599 451 1666 timere
465 1597 625 1667 dicebant.
639 1597 801 1669 Nonnulli
815 1601 915 1668 etiam
925 1599 1047 1667 Caesari
1059 1597 1232 1666 renuncia·

197 1715 405 1808 bant,quum
416 1720 660 1787 castramoveri
671 1745 708 1788 ac
719 1721 812 1812 signa
823 1718 901 1787 ferri
908 1720 1150 1812 jussisset,non
1162 1717 1232 1784 fore

197 1833 285 1903 dicto
294 1834 678 1920 audientesmilites,nec
688 1840 984 1930 proptertimorem
994 1837 1086 1931 signa
1096 1835 1230 1907 laturos.

244 1957 317 2022 XL.
344 1957 422 2022 Haec
438 1979 543 2047 quum
557 1954 858 2042 animadvertisset,
879 1969 1060 2026 convocato
1076 1954 1231 2044 concilio,

196 2077 410 2168 omniumque
425 2073 581 2143 ordinum
597 2073 639 2142 ad
655 2074 688 2142 id
704 2073 880 2144 concilium
898 2076 1052 2145 adhibitis
1068 2078 1234 2145 centurio·

198 2196 313 2280 nibus,
335 2196 545 2264 vehementer
565 2219 621 2262 eos
649 2195 825 2280 incusavit,
846 2199 1044 2279 «Primum,
1065 2197 1155 2289 quod
1174 2210 1234 2265 aut

196 2338 296 2406 quarn
313 2315 347 2382 in
363 2330 507 2408 partem,
522 2328 581 2381 aut
597 2337 664 2404 quo
679 2310 820 2381 concilio
838 2313 1054 2402 ducerentur,
1074 2317 1135 2384 sibi
1149 2341 1234 2407 quae-

197 2433 337 2502 rendum
361 2447 418 2503 ant
442 2431 657 2526 cogitandum
677 2446 842 2526 putarent.
865 2434 1084 2521 Ariovistum,
1103 2459 1137 2502 se
1157 2459 1234 2503 con·

195 2550 283 2636 sule,
311 2551 522 2645 cupidissime
548 2549 664 2644 populi
688 2553 816 2646 romani
839 2553 1020 2621 amicitiam
1039 2555 1231 2646 appetisse:

194 2693 257 2737 cur
279 2671 369 2736 hunc
388 2685 457 2736 tam
487 2683 609 2738 temere
625 2671 798 2763 quisquam
823 2670 864 2738 ab
882 2671 992 2750 officio
1012 2671 1248 2741 discessurum-

193 2785 378 2882 judicaret?
399 2787 469 2855 Sibi
488 2786 621 2880 quidem
638 2788 845 2883 persuaderi,
866 2791 1008 2882 cognitis
1028 2791 1097 2858 suis
1122 2806 1233 2883 postu-

195 2907 285 2992 latis,
301 2921 402 2999 atque
418 2908 571 2998 [equitate
588 2907 815 2980 conditionum
833 2923 1018 3001 perspecta,
1036 2933 1112 2976 eum
1129 2934 1234 3003 neque

196 3050 304 3113 suam,
318 3048 426 3118 neque
436 3023 551 3120 populi
562 3027 690 3094 romani
704 3026 844 3120 gratiam
858 3027 1118 3120 repudiaturum.
1132 3028 1234 3117 Quod

196 3148 241 3232 si,
253 3145 364 3214 surore
376 3160 476 3238 atque
485 3146 630 3214 amentia
643 3144 821 3240 impulsus,
831 3144 955 3215 bellurn
965 3146 1144 3232 intulisset,
1155 3147 1236 3240 quid

197 3265 330 3333 tandem
342 3263 562 3350 vererentur?
576 3281 633 3334 aut
646 3291 707 3333 cur
717 3265 758 3332 de
774 3289 831 3333 sua
849 3266 986 3354 virtute,
1003 3281 1062 3334 ant
1076 3266 1117 3335 de
1134 3267 1234 3360 ipsius

197 3381 368 3479 diligentia
391 3383 626 3476 desperarent?
651 3389 788 3454 Factum
815 3386 885 3478 ejus
917 3387 1020 3456 hostis
1048 3385 1232 3480 periculum

196 3520 329 3597 patrum
359 3495 549 3572 nostrorum
575 3507 753 3590 memoria,
784 3531 905 3599 quum,
930 3507 1073 3576 Cimbris
1097 3520 1130 3574 et
1151 3511 1232 3580 Teu·

196 3625 283 3693 tonis
299 3627 373 3724 ac·
391 3625 501 3692 Mario
517 3621 634 3717 pulsis,
651 3647 717 3691 non
734 3627 896 3694 minorem
913 3623 1044 3693 laudem
1058 3627 1233 3708 exercitus,

196 3769 295 3836 quam
315 3745 385 3839 ipse
404 3745 599 3836 imperator,
616 3745 754 3811 meritus
774 3744 948 3812 videbatur
966 3769 974 3811 :
992 3743 1115 3812 factum
1135 3745 1234 3812 etiam

199 3887 304 3956 nuper
328 3867 362 3934 in
391 3864 501 3946 Italia,
529 3863 639 3932 servili
668 3861 837 3948 tumultu,
865 3888 949 3957 quos
978 3879 1087 3932 tamen
1116 3863 1235 3957 aliquis

203 3981 656 4080 ususacdisciplina,quama
673 3984 770 4052 nobis
781 3985 996 4076 accepissent,
1015 3983 1232 4092 sublevarent.
