3088 4766
286 381 340 419 ua
426 364 456 419 C.
479 363 578 420 JUL11
599 361 763 418 cAEssltls
784 358 1148 420 commmoratur

283 488 378 562 classi
404 489 551 582 aegyptiae
571 500 729 580 praeerat,
749 484 792 554 ad
808 487 947 556 Oricum
972 489 1077 574 venit,
1096 487 1315 559 submersam-

283 631 347 700 que
362 607 492 692 navim,
513 603 659 675 remulco
677 603 855 697 multisque
872 604 1077 675 contendens
1093 605 1245 692 funibus,
1261 608 1315 678 ad·

283 726 391 796 duxit:
409 741 509 819 atque
525 726 663 796 alteram
681 749 814 813 navem,
832 749 906 819 quae
923 740 995 794 erat
1010 725 1052 794 ad
1070 727 1252 796 custodiam
1271 730 1314 798 ab

252 857 254 860 ⁴
283 845 390 916 Acilio
407 848 532 942 posita,
549 843 699 941 pluribus
715 868 888 940 aggressus
903 845 1063 934 navibus,
1080 848 1251 941 inquibus
1271 849 1313 918 ad

284 965 402 1036 libram
417 965 539 1038 fecerat
554 978 680 1052 turres,
698 980 736 1035 ut
751 985 790 1034 ex
807 967 969 1060 superiori
987 989 1139 1060 pugnans
1155 965 1244 1054 loco,
1263 970 1314 1038 in-

284 1102 459 1182 tegrosque
472 1071 801 1180 semperdefatigatis
810 1087 1035 1175 summittens,
1049 1102 1082 1156 et
1097 1087 1231 1182 reliquis
1244 1113 1316 1185 par·

285 1210 371 1278 tibus
391 1206 545 1278 simules
562 1222 647 1276 terra
667 1205 779 1294 scalis,
799 1220 833 1274 et
852 1205 954 1276 classe
970 1208 1090 1278 moenia
1112 1209 1226 1304 oppidi
1248 1225 1315 1280 ten-

172 1365 173 1370 *
285 1343 375 1418 tans,
394 1344 432 1398 ut
447 1327 708 1398 adversariorum
725 1351 841 1396 manus
857 1327 1043 1418 diduceret,
1058 1326 1171 1399 labore
1186 1345 1220 1399 et
1234 1331 1316 1402 mul·

283 1449 424 1519 titudine
441 1448 581 1518 telorum
595 1463 724 1518 nostros
738 1449 817 1516 vicit
831 1473 839 1515 :
855 1445 1055 1543 deiectisque
1067 1447 1313 1541 defensoribus,

283 1570 341 1662 qui
363 1592 477 1638 omnes
497 1568 625 1663 scaphis
644 1569 771 1662 excepti
797 1566 1002 1662 refugerant,
1024 1593 1095 1638 earn
1115 1595 1230 1640 navem
1256 1595 1314 1640 ex-

284 1689 460 1782 pugnavit3
487 1686 668 1780 eodemque
681 1701 844 1794 ‘tempore
875 1686 1043 1756 exaltem
1075 1703 1167 1782 parte
1191 1689 1312 1760 molem

285 1809 391 1876 tenuit
414 1804 598 1877 naturalem
622 1807 801 1900 objectam,
827 1829 900 1900 qum
925 1831 1008 1900 pene
1032 1805 1172 1876 insulam
1197 1825 1312 1880 contra

285 1926 444 2021 oppidum
476 1926 644 2014 effecerat,
680 1949 745 2019 qua
781 1926 937 2014 biremes,
974 1927 1129 2021 subjectis
1161 1929 1312 2016 scutulis,-

286 2043 443 2140 impulsas
464 2045 610 2114 vectibus
628 2046 664 2113 in
685 2045 872 2117 interiorem
892 2059 1019 2138 partem
1041 2045 1234 2118 transduxit.
1261 2052 1312 2118 Ita

282 2189 324 2234 ex
340 2155 478 2257 utraque
492 2179 584 2257 parte
598 2189 695 2235 naves
709 2163 822 2258 longas
835 2187 1023 2258 aggressus,
1039 2190 1112 2258 quae
1125 2183 1222 2236 erant
1233 2166 1314 2237 deli·

283 2301 366 2381 gatae
384 2283 427 2352 ad
446 2297 685 2377 terramatque
711 2284 840 2370 inanes,
857 2297 999 2377 quatuor
1020 2310 1061 2353 ex
1085 2285 1137 2354 his
1161 2286 1312 2374 abduxit,

283 2403 426 2500 reliquas
436 2403 597 2473 incendit.
622 2407 696 2472 Hoc
715 2401 865 2474 confecto
876 2406 1034 2500 ¹negotio,
1051 2409 1095 2476 D.
1115 2405 1253 2476 Laelium
1270 2407 1312 2476 ab

283 2524 416 2594 asiatica
439 2521 540 2614 classe
560 2521 739 2591 abductum
765 2521 916 2616 reliquit,
935 2527 999 2618 qui·
1012 2538 1213 2594 cornmeatus
1233 2522 1312 2593 Bul·

283 2643 350 2713 lide
368 2617 470 2736 atque
485 2642 638 2712 Amantia
657 2642 828 2735 importari
850 2644 884 2711 in
905 2643 1064 2738 oppidum
1083 2643 1283 2737 prohibebat
1302 2671 1310 2712 ε

284 2765 369 2858 ipse,
390 2763 519 2832 Lissum
539 2761 719 2855 profectus,
740 2785 839 2832 naves
862 2765 1028 2832 onerarias
1053 2764 1203 2858 triginta,
1225 2766 1309 2832 aM.

156 2900 157 2914 ¹
282 2886 427 2954 Antonio
448 2880 592 2968 relictas,
612 2882 699 2951 intra
716 2883 848 2976 portum
867 2907 1054 2978 aggressus,
1073 2907 1187 2952 omnes
1205 2885 1312 2950 incen-

282 3003 332 3072 dit
351 3028 360 3070 :
379 3005 508 3072 Lissum
528 3002 717 3096 expugnare
734 3016 889 3086 conatus,
911 2999 1160 3073 defendentibus
1184 3002 1310 3072 civibus

282 3121 443 3207 romanis,
465 3121 522 3213 qui
541 3120 612 3213 ejus
631 3134 730 3190 erant
752 3135 947 3207 conventus,
967 3121 1207 3215 militibusque,
1229 3145 1311 3213 quos

283 3237 424 3333 praesidii
441 3261 539 3308 causa
557 3241 689 3310 miserat
705 3243 830 3328 Cesar,
850 3239 995 3310 triduum
1014 3255 1180 3328 moratus,
1199 3240 1310 3334 paucis

282 3359 316 3426 in
334 3360 581 3454 oppugnatione
596 3360 740 3447 amissis,
759 3382 797 3429 re
816 3340 951 3447 infecta,
970 3359 1047 3453 inde
1069 3359 1224 3429 discessit.

329 3480 568 3567 xL1.caesar,
597 3493 771 3574 postquam
804 3479 996 3574 Pompeium
1022 3477 1065 3546 ad
1094 3476 1310 3569 Asparagium

281 3621 351 3668 esse
364 3600 540 3692 cognovit,
556 3599 670 3668 eodem
685 3621 759 3666 cum
774 3599 918 3666 exercitu
929 3595 1110 3689 profectus,
1121 3609 1311 3688 expugnato

282 3719 316 3785 in
334 3718 452 3788 itinere
470 3718 594 3814 oppido
613 3717 858 3802 Parthinorum,
880 3718 914 3783 in
937 3738 1004 3808 quo
1028 3715 1204 3808 Pompeius
1228 3737 1312 3808 prae·

282 3834 400 3907 sidium
415 3838 572 3926 habebat,
589 3837 687 3906 tertio
699 3833 753 3904 die
767 3834 801 3901 in
818 3833 1048 3904 Macedoniam
1060 3832 1102 3902 ad
1116 3834 1312 3928 Pompeium

282 3957 449 4049 pervenit,
460 3958 620 4050 juxtaque
636 3977 710 4024 eum
731 3969 838 4024 castra
854 3954 980 4050 posuit3
991 3968 1025 4023 et
1042 3955 1215 4047 postridie,
1237 3953 1312 4022 edu·
