3050 4772
247 313 302 367 232
405 316 435 369 C.
459 313 556 370 JULII
578 311 743 367 CAEsnttts
763 309 1132 368 connnnrnnlontttn

294 440 367 506 XX.
394 436 468 506 Tali
493 435 592 504 modo
617 461 653 503 re
672 425 785 530 gesta,
810 434 998 503 recentibus
1019 433 1126 528 proelii
1148 435 1293 528 vestigiis

247 559 415 651 ingressus
428 559 549 644 Caesar,
559 581 680 650 quum,
690 557 795 626 victos
809 569 900 628 tanta
913 553 1116 643 calamitate,
1128 555 1294 624 existima-

247 692 299 744 ret
320 677 444 764 hostes,
461 678 581 745 nuntio
600 690 751 769 accepto,
772 673 883 744 locum
900 689 1086 745 castrorum
1101 672 1292 762 relicturos,

245 821 320 889 quae
335 822 402 864 non
421 795 550 892 longius
567 797 608 865 ab
627 821 665 864 ea
681 795 771 864 caede
790 796 902 864 abesse
913 793 988 889 plns
1008 797 1119 864 minus
1134 809 1211 863 octo
1223 792 1295 862 mil·

247 914 333 984 libus
358 941 515 1012 passuum
542 916 753 1003 dicebantur,
776 916 907 985 tametsi
931 915 1068 984 [lumine
1096 914 1291 1008 impeditum

248 1039 426 1107 transitum
447 1037 595 1127 videbat,
615 1053 740 1127 tamen,
762 1039 909 1106 exercitu
929 1036 1099 1123 traducto,
1121 1036 1293 1130 progredi·

243 1175 314 1248 tur.
338 1161 383 1228 At
406 1156 573 1232 Bellovaci
592 1156 792 1252 reliquosque
813 1158 977 1243 civitates,
999 1171 1135 1250 repente
1156 1155 1293 1250 exsuge

249 1280 376 1374 paucis,
398 1293 498 1372 atque
517 1280 568 1346 his
589 1277 790 1362 vulneratis,
808 1278 967 1370 receptis,
984 1279 1042 1370 qui
1060 1274 1217 1345 silvarum
1236 1277 1293 1344 be-

249 1399 369 1468 neficio
399 1424 512 1468 casum
538 1399 761 1486 evitaverunt,
788 1398 942 1469 omuibus
974 1396 1133 1490 adversis,
1163 1397 1294 1491 cognita

250 1517 452 1605 calamitate,
472 1518 646 1590 interfecto
666 1522 807 1604 Correo,
828 1517 948 1586 amisso
967 1516 1117 1610 equitatu
1133 1529 1165 1584 et
1183 1515 1294 1585 fortis-

250 1641 341 1708 simis
358 1638 539 1733 peditibus,
555 1664 658 1731 qnum
676 1638 854 1708 adventare
868 1640 1038 1706 Romanos
1052 1637 1294 1724 existimarent,

251 1758 394 1830 concilio
416 1774 555 1853 repente
573 1774 675 1827 cantu
692 1759 850 1828 tubarum
870 1773 1070 1842 convocato,
1086 1757 1296 1826 conclamant

252 1879 352 1972 legati
369 1872 566 1971 obsidesque
580 1877 623 1947 ad
636 1881 798 1948 Caesarem
815 1881 999 1948 mittantur.
1178 1963 1179 1966 Ἴ

302 2002 395 2066 ΧΧΙ.
413 2003 484 2066 Hoc
502 2000 657 2068 omnibus
678 1999 820 2092 probato
838 1997 991 2085 consilio,
1011 2002 1184 2069 Commius
1200 2004 1296 2069 Atre·

253 2118 313 2184 bas
335 2116 378 2184 ad
403 2142 459 2185 eos
484 2117 633 2212 profugit
654 2122 840 2188 Germanos
866 2119 1028 2210 aquibus
1050 2118 1093 2186 ad
1114 2119 1151 2186 id
1171 2117 1297 2188 bellum

253 2234 376 2306 auxilia
397 2250 568 2332 mutuatus
586 2253 666 2309 erat.
688 2241 798 2309 Ceteri
815 2263 833 2306 e
853 2239 992 2333 vestigio
1012 2239 1149 2305 mittunt
1167 2237 1208 2304 ad
1226 2243 1298 2306 Cae-

255 2381 363 2426 sarem
387 2355 531 2450 legatos,
557 2373 743 2452 petuntque
771 2389 787 2422 a
807 2373 842 2427 ut
869 2383 907 2426 ea
931 2382 1028 2451 poena
1053 2357 1095 2425 sit
1122 2370 1298 2424 contentus

254 2477 400 2546 hostium
416 2502 535 2570 quam,
553 2479 579 2546 si
598 2479 669 2546 sine
688 2477 900 2548 dimicatione
920 2476 1041 2548 inferre
1062 2478 1200 2571 integris
1222 2501 1299 2569 pos-

256 2611 319 2686 set,
338 2621 400 2691 pro
420 2621 479 2665 sua
502 2595 677 2666 elementia
698 2597 1021 2690 atquehumanitate
1039 2623 1211 2691 nunquam
1225 2623 1299 2692 pro-

257 2719 352 2788 fecto¹
363 2731 448 2786 esset
459 2714 622 2787 illaturus.
638 2715 785 2786 Afflictas
802 2742 882 2812 opes
898 2719 1043 2810 equestri
1059 2716 1177 2811 proelio
1194 2718 1299 2786 Bello-

258 2864 416 2908 vacorum
435 2864 523 2925 esse;
544 2836 749 2906 delectorum
768 2837 919 2931 peditum
940 2815 1047 2907 multa
1069 2835 1174 2907 millia
1198 2841 1299 2906 i'nter-

260 2962 339 3044 isse;
355 2963 411 3028 vix
424 2961 582 3054 refugisse
599 2961 734 3028 nuntios
751 2958 858 3028 cadis.
876 2951 1001 3028 Tamen
1020 2985 1195 3054 magnum,
1212 2963 1297 3028 utin

261 3093 353 3147 tanta
372 3079 576 3166 calamitate,
592 3077 784 3148 Bellovacos
803 3104 842 3148 eo
863 3077 980 3172 proelio
1002 3079 1214 3169 commodum
1231 3105 1299 3149 esse

260 3215 469 3288 consecutos,
486 3198 577 3293 quod
590 3201 753 3286 Correus,
770 3213 886 3267 auctor
901 3197 998 3286 belli,
1014 3202 1199 3268 concitator
1216 3199 1300 3268 mul·

262 3319 429 3405 titudinis,
442 3333 528 3387 esset
543 3318 735 3387 interfectus
751 3345 758 3386 :
773 3343 944 3411 nunquam
959 3321 1047 3408 enim
1061 3336 1213 3389 senatum
1229 3336 1302 3388 tan-

264 3456 333 3510 tum
353 3443 389 3508 in
409 3440 557 3522 civitate,
577 3433 635 3504 illo
654 3439 744 3524 vivo,
762 3454 923 3530 quantum
944 3440 1131 3532 imperitam
1150 3439 1300 3533 plebem,

263 3564 454 3654 potuisse.»

311 3682 420 3748 XXII.
448 3682 525 3746 Haec
556 3678 726 3792 orantibus
756 3679 890 3772 legatis,
923 3695 1162 3748 commemorat
1193 3683 1304 3748 Caesar

264 3800 412 3869 «eodem
435 3812 582 3891 tempore
603 3801 773 3900 superiore
794 3823 882 3866 anno
903 3796 1092 3866 Bellovacos
1110 3815 1303 3892 ceterasque

264 3918 381 3988 Galliae
397 3917 544 3985 civitates
559 3910 737 4011 suscepisse
753 3916 895 4002 bellurn3
912 3919 1172 4012 pertinacissime
1189 3921 1249 3987 hos
1264 3943 1304 3986 ex
