<?xml version="1.0" encoding="UTF-8"?>
<!DOCTYPE html PUBLIC "-//W3C//DTD XHTML 1.0 Transitional//EN"
    "http://www.w3.org/TR/xhtml1/DTD/xhtml1-transitional.dtd">
<html xmlns="http://www.w3.org/1999/xhtml" xml:lang="en" lang="en">
 <head>
  <title>
</title>
<meta http-equiv="Content-Type" content="text/html;charset=utf-8" />
  <meta name='ocr-system' content='tesseract 3.04.00' />
  <meta name='ocr-capabilities' content='ocr_page ocr_carea ocr_par ocr_line ocrx_word'/>
</head>
<body>
  <div class='ocr_page' id='page_1' title='image "./cjcaesarisopera00caesgoog_0165.png"; bbox 0 0 3086 4766; ppageno 0'>
   <div class='ocr_carea' id='block_1_1' title="bbox 451 344 1249 413">
    <p class='ocr_par' dir='ltr' id='par_1_1' title="bbox 451 344 1249 413">
     <span class='ocr_line' id='line_1_1' title="bbox 451 344 1249 413; baseline 0.014 -11"><span class='ocrx_word' id='word_1_1' title='bbox 451 347 503 402; x_wconf 82' lang='lat' dir='ltr'><strong>nn</strong></span> <span class='ocrx_word' id='word_1_2' title='bbox 522 347 647 404; x_wconf 77' lang='lat' dir='ltr'><strong>nunno</strong></span> <span class='ocrx_word' id='word_1_3' title='bbox 670 347 840 406; x_wconf 77' lang='lat' dir='ltr'><strong>onnnrco</strong></span> <span class='ocrx_word' id='word_1_4' title='bbox 862 347 931 404; x_wconf 79' lang='lat' dir='ltr'><strong>nm.</strong></span> <span class='ocrx_word' id='word_1_5' title='bbox 951 349 998 404; x_wconf 83' lang='lat' dir='ltr'><strong>vr.</strong></span> <span class='ocrx_word' id='word_1_6' title='bbox 1196 344 1249 413; x_wconf 66' lang='lat' dir='ltr'><strong>ut</strong></span> 
     </span>
    </p>
   </div>
   <div class='ocr_carea' id='block_1_2' title="bbox 198 471 1348 4073">
    <p class='ocr_par' dir='ltr' id='par_1_2' title="bbox 198 471 1254 1267">
     <span class='ocr_line' id='line_1_2' title="bbox 200 471 1251 568; baseline 0.003 -27"><span class='ocrx_word' id='word_1_7' title='bbox 200 472 289 566; x_wconf 83' lang='lat' dir='ltr'><strong>apud</strong></span> <span class='ocrx_word' id='word_1_8' title='bbox 308 476 473 543; x_wconf 73' lang='lat' dir='ltr'><strong>Cesarem</strong></span> <span class='ocrx_word' id='word_1_9' title='bbox 489 474 596 568; x_wconf 87' lang='lat' dir='ltr'><strong>gratia</strong></span> <span class='ocrx_word' id='word_1_10' title='bbox 614 471 882 568; x_wconf 79' lang='lat' dir='ltr'><strong>intelligebatur,</strong></span> <span class='ocrx_word' id='word_1_11' title='bbox 903 475 943 559; x_wconf 91' lang='lat' dir='ltr'><strong>ii,</strong></span> <span class='ocrx_word' id='word_1_12' title='bbox 961 474 1018 568; x_wconf 93' lang='lat' dir='ltr'><strong>qui</strong></span> <span class='ocrx_word' id='word_1_13' title='bbox 1037 489 1177 568; x_wconf 88' lang='lat' dir='ltr'><strong>propter</strong></span> <span class='ocrx_word' id='word_1_14' title='bbox 1195 499 1251 544; x_wconf 87' lang='lat' dir='ltr'><strong>ve-</strong></span> 
     </span>
     <span class='ocr_line' id='line_1_3' title="bbox 200 591 1250 690; baseline 0.002 -29"><span class='ocrx_word' id='word_1_15' title='bbox 200 609 286 662; x_wconf 81' lang='lat' dir='ltr'><strong>teres</strong></span> <span class='ocrx_word' id='word_1_16' title='bbox 303 594 493 663; x_wconf 81' lang='lat' dir='ltr'><strong>inimicitias</strong></span> <span class='ocrx_word' id='word_1_17' title='bbox 514 591 608 662; x_wconf 93' lang='lat' dir='ltr'><strong>nullo</strong></span> <span class='ocrx_word' id='word_1_18' title='bbox 626 594 727 664; x_wconf 90' lang='lat' dir='ltr'><strong>modo</strong></span> <span class='ocrx_word' id='word_1_19' title='bbox 744 619 822 664; x_wconf 88' lang='lat' dir='ltr'><strong>cum</strong></span> <span class='ocrx_word' id='word_1_20' title='bbox 841 593 956 666; x_wconf 86' lang='lat' dir='ltr'><strong>AEduis</strong></span> <span class='ocrx_word' id='word_1_21' title='bbox 973 595 1132 690; x_wconf 87' lang='lat' dir='ltr'><strong>conjungi</strong></span> <span class='ocrx_word' id='word_1_22' title='bbox 1154 609 1250 688; x_wconf 88' lang='lat' dir='ltr'><strong>pote·</strong></span> 
     </span>
     <span class='ocr_line' id='line_1_4' title="bbox 200 712 1252 810; baseline 0 -28"><span class='ocrx_word' id='word_1_23' title='bbox 200 725 293 802; x_wconf 83' lang='lat' dir='ltr'><strong>rent,</strong></span> <span class='ocrx_word' id='word_1_24' title='bbox 307 738 342 783; x_wconf 87' lang='lat' dir='ltr'><strong>se</strong></span> <span class='ocrx_word' id='word_1_25' title='bbox 355 716 469 784; x_wconf 83' lang='lat' dir='ltr'><strong>Remis</strong></span> <span class='ocrx_word' id='word_1_26' title='bbox 485 715 521 784; x_wconf 90' lang='lat' dir='ltr'><strong>in</strong></span> <span class='ocrx_word' id='word_1_27' title='bbox 538 712 727 784; x_wconf 83' lang='lat' dir='ltr'><strong>clientelam</strong></span> <span class='ocrx_word' id='word_1_28' title='bbox 744 714 913 785; x_wconf 85' lang='lat' dir='ltr'><strong>dicabunt.</strong></span> <span class='ocrx_word' id='word_1_29' title='bbox 928 719 998 784; x_wconf 86' lang='lat' dir='ltr'><strong>Hos</strong></span> <span class='ocrx_word' id='word_1_30' title='bbox 1012 713 1061 784; x_wconf 92' lang='lat' dir='ltr'><strong>illi</strong></span> <span class='ocrx_word' id='word_1_31' title='bbox 1073 713 1252 810; x_wconf 91' lang='lat' dir='ltr'><strong>diligenter</strong></span> 
     </span>
     <span class='ocr_line' id='line_1_5' title="bbox 198 835 1253 930; baseline 0.003 -29"><span class='ocrx_word' id='word_1_32' title='bbox 198 835 391 904; x_wconf 86' lang='lat' dir='ltr'><strong>tuebantur.</strong></span> <span class='ocrx_word' id='word_1_33' title='bbox 411 836 462 904; x_wconf 90' lang='lat' dir='ltr'><strong>Ita</strong></span> <span class='ocrx_word' id='word_1_34' title='bbox 479 851 513 903; x_wconf 90' lang='lat' dir='ltr'><strong>et</strong></span> <span class='ocrx_word' id='word_1_35' title='bbox 532 860 655 904; x_wconf 86' lang='lat' dir='ltr'><strong>novam</strong></span> <span class='ocrx_word' id='word_1_36' title='bbox 672 851 706 904; x_wconf 89' lang='lat' dir='ltr'><strong>et</strong></span> <span class='ocrx_word' id='word_1_37' title='bbox 721 851 860 930; x_wconf 89' lang='lat' dir='ltr'><strong>repente</strong></span> <span class='ocrx_word' id='word_1_38' title='bbox 880 835 1054 906; x_wconf 82' lang='lat' dir='ltr'><strong>collectam</strong></span> <span class='ocrx_word' id='word_1_39' title='bbox 1072 835 1253 904; x_wconf 88' lang='lat' dir='ltr'><strong>auctorita·</strong></span> 
     </span>
     <span class='ocr_line' id='line_1_6' title="bbox 200 955 1253 1053; baseline 0 -30"><span class='ocrx_word' id='word_1_40' title='bbox 200 968 270 1023; x_wconf 90' lang='lat' dir='ltr'><strong>tem</strong></span> <span class='ocrx_word' id='word_1_41' title='bbox 283 955 451 1028; x_wconf 81' lang='lat' dir='ltr'><strong>tenebant.</strong></span> <span class='ocrx_word' id='word_1_42' title='bbox 469 960 519 1026; x_wconf 89' lang='lat' dir='ltr'><strong>Eo</strong></span> <span class='ocrx_word' id='word_1_43' title='bbox 536 971 609 1024; x_wconf 89' lang='lat' dir='ltr'><strong>tum</strong></span> <span class='ocrx_word' id='word_1_44' title='bbox 630 970 720 1025; x_wconf 88' lang='lat' dir='ltr'><strong>statu</strong></span> <span class='ocrx_word' id='word_1_45' title='bbox 738 972 893 1046; x_wconf 90' lang='lat' dir='ltr'><strong>reserat,</strong></span> <span class='ocrx_word' id='word_1_46' title='bbox 911 971 949 1028; x_wconf 92' lang='lat' dir='ltr'><strong>ut</strong></span> <span class='ocrx_word' id='word_1_47' title='bbox 968 957 1067 1053; x_wconf 90' lang='lat' dir='ltr'><strong>louge</strong></span> <span class='ocrx_word' id='word_1_48' title='bbox 1085 957 1253 1051; x_wconf 86' lang='lat' dir='ltr'><strong>principes</strong></span> 
     </span>
     <span class='ocr_line' id='line_1_7' title="bbox 199 1075 1254 1174; baseline 0 -28"><span class='ocrx_word' id='word_1_49' title='bbox 199 1075 404 1146; x_wconf 74' lang='lat' dir='ltr'><strong>haberentur</strong></span> <span class='ocrx_word' id='word_1_50' title='bbox 419 1076 539 1162; x_wconf 87' lang='lat' dir='ltr'><strong>AEdui,</strong></span> <span class='ocrx_word' id='word_1_51' title='bbox 555 1076 740 1146; x_wconf 87' lang='lat' dir='ltr'><strong>secundum</strong></span> <span class='ocrx_word' id='word_1_52' title='bbox 758 1077 870 1148; x_wconf 89' lang='lat' dir='ltr'><strong>locum</strong></span> <span class='ocrx_word' id='word_1_53' title='bbox 886 1077 1059 1174; x_wconf 83' lang='lat' dir='ltr'><strong>dignitatis</strong></span> <span class='ocrx_word' id='word_1_54' title='bbox 1080 1078 1179 1148; x_wconf 88' lang='lat' dir='ltr'><strong>Remi</strong></span> <span class='ocrx_word' id='word_1_55' title='bbox 1194 1077 1254 1147; x_wconf 91' lang='lat' dir='ltr'><strong>ob·</strong></span> 
     </span>
     <span class='ocr_line' id='line_1_8' title="bbox 203 1198 358 1267; baseline 0.006 -3"><span class='ocrx_word' id='word_1_56' title='bbox 203 1198 358 1267; x_wconf 86' lang='lat' dir='ltr'><strong>tiuercnt.</strong></span> 
     </span>
    </p>

    <p class='ocr_par' dir='ltr' id='par_1_3' title="bbox 201 1318 1348 4073">
     <span class='ocr_line' id='line_1_9' title="bbox 250 1318 1254 1415; baseline 0.004 -28"><span class='ocrx_word' id='word_1_57' title='bbox 250 1320 343 1388; x_wconf 89' lang='lat' dir='ltr'><strong>XIII.</strong></span> <span class='ocrx_word' id='word_1_58' title='bbox 372 1321 412 1387; x_wconf 94' lang='lat' dir='ltr'><strong>In</strong></span> <span class='ocrx_word' id='word_1_59' title='bbox 441 1321 533 1388; x_wconf 90' lang='lat' dir='ltr'><strong>omni</strong></span> <span class='ocrx_word' id='word_1_60' title='bbox 562 1318 674 1388; x_wconf 84' lang='lat' dir='ltr'><strong>Gallia</strong></span> <span class='ocrx_word' id='word_1_61' title='bbox 699 1345 816 1388; x_wconf 92' lang='lat' dir='ltr'><strong>eorum</strong></span> <span class='ocrx_word' id='word_1_62' title='bbox 837 1321 1034 1408; x_wconf 89' lang='lat' dir='ltr'><strong>hominum,</strong></span> <span class='ocrx_word' id='word_1_63' title='bbox 1054 1319 1113 1414; x_wconf 91' lang='lat' dir='ltr'><strong>qui</strong></span> <span class='ocrx_word' id='word_1_64' title='bbox 1140 1318 1254 1415; x_wconf 87' lang='lat' dir='ltr'><strong>aliquo</strong></span> 
     </span>
     <span class='ocr_line' id='line_1_10' title="bbox 201 1439 1255 1536; baseline 0.004 -28"><span class='ocrx_word' id='word_1_65' title='bbox 201 1453 279 1508; x_wconf 88' lang='lat' dir='ltr'><strong>sunt</strong></span> <span class='ocrx_word' id='word_1_66' title='bbox 294 1464 436 1509; x_wconf 90' lang='lat' dir='ltr'><strong>numero</strong></span> <span class='ocrx_word' id='word_1_67' title='bbox 452 1455 554 1533; x_wconf 89' lang='lat' dir='ltr'><strong>atque</strong></span> <span class='ocrx_word' id='word_1_68' title='bbox 568 1441 712 1524; x_wconf 81' lang='lat' dir='ltr'><strong>honore,</strong></span> <span class='ocrx_word' id='word_1_69' title='bbox 727 1465 849 1535; x_wconf 87' lang='lat' dir='ltr'><strong>genera</strong></span> <span class='ocrx_word' id='word_1_70' title='bbox 866 1457 944 1512; x_wconf 90' lang='lat' dir='ltr'><strong>sunt</strong></span> <span class='ocrx_word' id='word_1_71' title='bbox 960 1441 1050 1509; x_wconf 90' lang='lat' dir='ltr'><strong>duo:</strong></span> <span class='ocrx_word' id='word_1_72' title='bbox 1068 1467 1146 1511; x_wconf 88' lang='lat' dir='ltr'><strong>narn</strong></span> <span class='ocrx_word' id='word_1_73' title='bbox 1160 1439 1255 1536; x_wconf 86' lang='lat' dir='ltr'><strong>plebs</strong></span> 
     </span>
     <span class='ocr_line' id='line_1_11' title="bbox 202 1558 1257 1655; baseline 0 -27"><span class='ocrx_word' id='word_1_74' title='bbox 202 1583 294 1654; x_wconf 75' lang='lat' dir='ltr'><strong>pene</strong></span> <span class='ocrx_word' id='word_1_75' title='bbox 311 1583 483 1628; x_wconf 89' lang='lat' dir='ltr'><strong>servorum</strong></span> <span class='ocrx_word' id='word_1_76' title='bbox 499 1560 641 1628; x_wconf 86' lang='lat' dir='ltr'><strong>babetur</strong></span> <span class='ocrx_word' id='word_1_77' title='bbox 657 1558 752 1646; x_wconf 89' lang='lat' dir='ltr'><strong>loco,</strong></span> <span class='ocrx_word' id='word_1_78' title='bbox 770 1585 843 1654; x_wconf 80' lang='lat' dir='ltr'><strong>quae</strong></span> <span class='ocrx_word' id='word_1_79' title='bbox 859 1585 970 1655; x_wconf 88' lang='lat' dir='ltr'><strong>perse</strong></span> <span class='ocrx_word' id='word_1_80' title='bbox 984 1559 1070 1630; x_wconf 91' lang='lat' dir='ltr'><strong>nihil</strong></span> <span class='ocrx_word' id='word_1_81' title='bbox 1088 1560 1204 1648; x_wconf 86' lang='lat' dir='ltr'><strong>audet,</strong></span> <span class='ocrx_word' id='word_1_82' title='bbox 1223 1575 1257 1628; x_wconf 93' lang='lat' dir='ltr'><strong>et</strong></span> 
     </span>
     <span class='ocr_line' id='line_1_12' title="bbox 203 1677 1255 1774; baseline 0 -26"><span class='ocrx_word' id='word_1_83' title='bbox 203 1679 296 1750; x_wconf 91' lang='lat' dir='ltr'><strong>nullo</strong></span> <span class='ocrx_word' id='word_1_84' title='bbox 312 1679 491 1750; x_wconf 82' lang='lat' dir='ltr'><strong>adhibetur</strong></span> <span class='ocrx_word' id='word_1_85' title='bbox 506 1679 658 1750; x_wconf 91' lang='lat' dir='ltr'><strong>consilio.</strong></span> <span class='ocrx_word' id='word_1_86' title='bbox 673 1679 843 1774; x_wconf 89' lang='lat' dir='ltr'><strong>Plerique,</strong></span> <span class='ocrx_word' id='word_1_87' title='bbox 858 1705 962 1774; x_wconf 91' lang='lat' dir='ltr'><strong>quum</strong></span> <span class='ocrx_word' id='word_1_88' title='bbox 979 1696 1039 1749; x_wconf 84' lang='lat' dir='ltr'><strong>aut</strong></span> <span class='ocrx_word' id='word_1_89' title='bbox 1049 1705 1115 1749; x_wconf 83' lang='lat' dir='ltr'><strong>aere</strong></span> <span class='ocrx_word' id='word_1_90' title='bbox 1129 1677 1255 1767; x_wconf 87' lang='lat' dir='ltr'><strong>alieno,</strong></span> 
     </span>
     <span class='ocr_line' id='line_1_13' title="bbox 202 1800 1255 1896; baseline -0.002 -26"><span class='ocrx_word' id='word_1_91' title='bbox 202 1817 262 1870; x_wconf 89' lang='lat' dir='ltr'><strong>aut</strong></span> <span class='ocrx_word' id='word_1_92' title='bbox 287 1800 519 1896; x_wconf 83' lang='lat' dir='ltr'><strong>magnitudine</strong></span> <span class='ocrx_word' id='word_1_93' title='bbox 548 1801 768 1890; x_wconf 88' lang='lat' dir='ltr'><strong>tributorum,</strong></span> <span class='ocrx_word' id='word_1_94' title='bbox 799 1815 857 1871; x_wconf 85' lang='lat' dir='ltr'><strong>eut</strong></span> <span class='ocrx_word' id='word_1_95' title='bbox 880 1801 1003 1894; x_wconf 88' lang='lat' dir='ltr'><strong>injuria</strong></span> <span class='ocrx_word' id='word_1_96' title='bbox 1024 1800 1255 1894; x_wconf 86' lang='lat' dir='ltr'><strong>potentiomrn</strong></span> 
     </span>
     <span class='ocr_line' id='line_1_14' title="bbox 202 1919 1257 2017; baseline -0.001 -26"><span class='ocrx_word' id='word_1_97' title='bbox 202 1935 420 2017; x_wconf 86' lang='lat' dir='ltr'><strong>premuntur,</strong></span> <span class='ocrx_word' id='word_1_98' title='bbox 439 1945 510 1990; x_wconf 90' lang='lat' dir='ltr'><strong>sese</strong></span> <span class='ocrx_word' id='word_1_99' title='bbox 529 1922 564 1988; x_wconf 90' lang='lat' dir='ltr'><strong>in</strong></span> <span class='ocrx_word' id='word_1_100' title='bbox 580 1923 776 1990; x_wconf 85' lang='lat' dir='ltr'><strong>servitutem</strong></span> <span class='ocrx_word' id='word_1_101' title='bbox 793 1920 907 1990; x_wconf 84' lang='lat' dir='ltr'><strong>dicent</strong></span> <span class='ocrx_word' id='word_1_102' title='bbox 927 1919 1094 1989; x_wconf 87' lang='lat' dir='ltr'><strong>nobilibus</strong></span> <span class='ocrx_word' id='word_1_103' title='bbox 1115 1945 1123 1988; x_wconf 91' lang='lat'><strong>:</strong></span> <span class='ocrx_word' id='word_1_104' title='bbox 1143 1921 1178 1989; x_wconf 91' lang='lat' dir='ltr'><strong>in</strong></span> <span class='ocrx_word' id='word_1_105' title='bbox 1194 1922 1257 1990; x_wconf 86' lang='lat' dir='ltr'><strong>hos</strong></span> 
     </span>
     <span class='ocr_line' id='line_1_15' title="bbox 203 2041 1257 2136; baseline 0 -24"><span class='ocrx_word' id='word_1_106' title='bbox 203 2043 319 2112; x_wconf 83' lang='lat' dir='ltr'><strong>eadem</strong></span> <span class='ocrx_word' id='word_1_107' title='bbox 339 2043 453 2111; x_wconf 89' lang='lat' dir='ltr'><strong>omnia</strong></span> <span class='ocrx_word' id='word_1_108' title='bbox 471 2055 551 2110; x_wconf 88' lang='lat' dir='ltr'><strong>sunt</strong></span> <span class='ocrx_word' id='word_1_109' title='bbox 563 2042 656 2136; x_wconf 88' lang='lat' dir='ltr'><strong>jura,</strong></span> <span class='ocrx_word' id='word_1_110' title='bbox 674 2067 747 2135; x_wconf 81' lang='lat' dir='ltr'><strong>quae</strong></span> <span class='ocrx_word' id='word_1_111' title='bbox 767 2041 912 2110; x_wconf 90' lang='lat' dir='ltr'><strong>dominis</strong></span> <span class='ocrx_word' id='word_1_112' title='bbox 934 2042 969 2110; x_wconf 91' lang='lat' dir='ltr'><strong>in</strong></span> <span class='ocrx_word' id='word_1_113' title='bbox 990 2065 1111 2112; x_wconf 85' lang='lat' dir='ltr'><strong>servos.</strong></span> <span class='ocrx_word' id='word_1_114' title='bbox 1131 2041 1198 2112; x_wconf 89' lang='lat' dir='ltr'><strong>Sed</strong></span> <span class='ocrx_word' id='word_1_115' title='bbox 1214 2041 1257 2112; x_wconf 90' lang='lat' dir='ltr'><strong>de</strong></span> 
     </span>
     <span class='ocr_line' id='line_1_16' title="bbox 201 2160 1257 2258; baseline 0 -26"><span class='ocrx_word' id='word_1_116' title='bbox 201 2164 255 2234; x_wconf 90' lang='lat' dir='ltr'><strong>bis</strong></span> <span class='ocrx_word' id='word_1_117' title='bbox 266 2163 398 2234; x_wconf 90' lang='lat' dir='ltr'><strong>duobus</strong></span> <span class='ocrx_word' id='word_1_118' title='bbox 408 2164 588 2258; x_wconf 87' lang='lat' dir='ltr'><strong>generibus</strong></span> <span class='ocrx_word' id='word_1_119' title='bbox 603 2160 747 2231; x_wconf 88' lang='lat' dir='ltr'><strong>alterum</strong></span> <span class='ocrx_word' id='word_1_120' title='bbox 757 2175 807 2232; x_wconf 88' lang='lat' dir='ltr'><strong>est</strong></span> <span class='ocrx_word' id='word_1_121' title='bbox 818 2160 991 2248; x_wconf 85' lang='lat' dir='ltr'><strong>druidum,</strong></span> <span class='ocrx_word' id='word_1_122' title='bbox 1005 2160 1149 2231; x_wconf 88' lang='lat' dir='ltr'><strong>alterum</strong></span> <span class='ocrx_word' id='word_1_123' title='bbox 1166 2165 1257 2258; x_wconf 89' lang='lat' dir='ltr'><strong>equi·</strong></span> 
     </span>
     <span class='ocr_line' id='line_1_17' title="bbox 204 2281 1257 2377; baseline -0.001 -24"><span class='ocrx_word' id='word_1_124' title='bbox 204 2300 285 2354; x_wconf 90' lang='lat' dir='ltr'><strong>tum.</strong></span> <span class='ocrx_word' id='word_1_125' title='bbox 301 2283 354 2353; x_wconf 92' lang='lat' dir='ltr'><strong>Illi</strong></span> <span class='ocrx_word' id='word_1_126' title='bbox 369 2283 603 2354; x_wconf 86' lang='lat' dir='ltr'><strong>rebusdivinis</strong></span> <span class='ocrx_word' id='word_1_127' title='bbox 618 2285 797 2372; x_wconf 88' lang='lat' dir='ltr'><strong>intersunt,</strong></span> <span class='ocrx_word' id='word_1_128' title='bbox 811 2281 974 2353; x_wconf 85' lang='lat' dir='ltr'><strong>sacrificia</strong></span> <span class='ocrx_word' id='word_1_129' title='bbox 990 2281 1125 2377; x_wconf 89' lang='lat' dir='ltr'><strong>publica</strong></span> <span class='ocrx_word' id='word_1_130' title='bbox 1138 2309 1176 2352; x_wconf 85' lang='lat' dir='ltr'><strong>ac</strong></span> <span class='ocrx_word' id='word_1_131' title='bbox 1189 2285 1257 2377; x_wconf 93' lang='lat' dir='ltr'><strong>pri-</strong></span> 
     </span>
     <span class='ocr_line' id='line_1_18' title="bbox 202 2401 1258 2499; baseline 0.001 -28"><span class='ocrx_word' id='word_1_132' title='bbox 202 2420 279 2474; x_wconf 82' lang='lat' dir='ltr'><strong>vate</strong></span> <span class='ocrx_word' id='word_1_133' title='bbox 304 2419 509 2498; x_wconf 82' lang='lat' dir='ltr'><strong>procurant,</strong></span> <span class='ocrx_word' id='word_1_134' title='bbox 534 2402 714 2499; x_wconf 83' lang='lat' dir='ltr'><strong>religiones</strong></span> <span class='ocrx_word' id='word_1_135' title='bbox 739 2405 1013 2496; x_wconf 85' lang='lat' dir='ltr'><strong>interpretantur.</strong></span> <span class='ocrx_word' id='word_1_136' title='bbox 1033 2401 1087 2472; x_wconf 83' lang='lat' dir='ltr'><strong>Ad</strong></span> <span class='ocrx_word' id='word_1_137' title='bbox 1106 2405 1168 2473; x_wconf 88' lang='lat' dir='ltr'><strong>hos</strong></span> <span class='ocrx_word' id='word_1_138' title='bbox 1191 2427 1258 2472; x_wconf 82' lang='lat' dir='ltr'><strong>ma·</strong></span> 
     </span>
     <span class='ocr_line' id='line_1_19' title="bbox 204 2523 1258 2620; baseline -0.004 -26"><span class='ocrx_word' id='word_1_139' title='bbox 204 2549 289 2620; x_wconf 91' lang='lat' dir='ltr'><strong>gnus</strong></span> <span class='ocrx_word' id='word_1_140' title='bbox 304 2523 566 2594; x_wconf 87' lang='lat' dir='ltr'><strong>adolescentium</strong></span> <span class='ocrx_word' id='word_1_141' title='bbox 580 2548 740 2595; x_wconf 85' lang='lat' dir='ltr'><strong>uumerus</strong></span> <span class='ocrx_word' id='word_1_142' title='bbox 759 2523 943 2618; x_wconf 74' lang='lat' dir='ltr'><strong>discipline</strong></span> <span class='ocrx_word' id='word_1_143' title='bbox 956 2547 1056 2593; x_wconf 85' lang='lat' dir='ltr'><strong>causa</strong></span> <span class='ocrx_word' id='word_1_144' title='bbox 1066 2523 1258 2609; x_wconf 84' lang='lat' dir='ltr'><strong>concurrit,</strong></span> 
     </span>
     <span class='ocr_line' id='line_1_20' title="bbox 203 2643 1258 2740; baseline -0.004 -25"><span class='ocrx_word' id='word_1_145' title='bbox 203 2670 394 2740; x_wconf 87' lang='lat' dir='ltr'><strong>magnoque</strong></span> <span class='ocrx_word' id='word_1_146' title='bbox 412 2648 435 2713; x_wconf 93' lang='lat' dir='ltr'><strong>ii</strong></span> <span class='ocrx_word' id='word_1_147' title='bbox 454 2659 533 2714; x_wconf 90' lang='lat' dir='ltr'><strong>sunt</strong></span> <span class='ocrx_word' id='word_1_148' title='bbox 547 2644 639 2739; x_wconf 83' lang='lat' dir='ltr'><strong>apud</strong></span> <span class='ocrx_word' id='word_1_149' title='bbox 657 2671 713 2714; x_wconf 88' lang='lat' dir='ltr'><strong>eos</strong></span> <span class='ocrx_word' id='word_1_150' title='bbox 733 2643 871 2714; x_wconf 89' lang='lat' dir='ltr'><strong>honore.</strong></span> <span class='ocrx_word' id='word_1_151' title='bbox 894 2647 983 2716; x_wconf 83' lang='lat' dir='ltr'><strong>Nam</strong></span> <span class='ocrx_word' id='word_1_152' title='bbox 1000 2645 1069 2714; x_wconf 81' lang='lat' dir='ltr'><strong>sere</strong></span> <span class='ocrx_word' id='word_1_153' title='bbox 1086 2644 1127 2714; x_wconf 89' lang='lat' dir='ltr'><strong>de</strong></span> <span class='ocrx_word' id='word_1_154' title='bbox 1147 2643 1258 2712; x_wconf 89' lang='lat' dir='ltr'><strong>omni-</strong></span> 
     </span>
     <span class='ocr_line' id='line_1_21' title="bbox 203 2763 1259 2860; baseline -0.001 -25"><span class='ocrx_word' id='word_1_155' title='bbox 203 2769 267 2835; x_wconf 87' lang='lat' dir='ltr'><strong>bus</strong></span> <span class='ocrx_word' id='word_1_156' title='bbox 284 2766 521 2834; x_wconf 84' lang='lat' dir='ltr'><strong>controversiis</strong></span> <span class='ocrx_word' id='word_1_157' title='bbox 538 2763 682 2860; x_wconf 88' lang='lat' dir='ltr'><strong>publicis</strong></span> <span class='ocrx_word' id='word_1_158' title='bbox 690 2767 896 2860; x_wconf 80' lang='lat' dir='ltr'><strong>privatisque</strong></span> <span class='ocrx_word' id='word_1_159' title='bbox 911 2766 1143 2851; x_wconf 73' lang='lat' dir='ltr'><strong>constituunt,</strong></span> <span class='ocrx_word' id='word_1_160' title='bbox 1164 2778 1214 2852; x_wconf 88' lang='lat' dir='ltr'><strong>et,</strong></span> <span class='ocrx_word' id='word_1_161' title='bbox 1231 2768 1259 2834; x_wconf 90' lang='lat' dir='ltr'><strong>si</strong></span> 
     </span>
     <span class='ocr_line' id='line_1_22' title="bbox 202 2883 1260 2986; baseline -0.004 -28"><span class='ocrx_word' id='word_1_162' title='bbox 202 2885 297 2986; x_wconf 92' lang='lat' dir='ltr'><strong>quod</strong></span> <span class='ocrx_word' id='word_1_163' title='bbox 310 2900 362 2956; x_wconf 87' lang='lat' dir='ltr'><strong>est</strong></span> <span class='ocrx_word' id='word_1_164' title='bbox 381 2886 563 2955; x_wconf 86' lang='lat' dir='ltr'><strong>admissum</strong></span> <span class='ocrx_word' id='word_1_165' title='bbox 582 2885 724 2974; x_wconf 79' lang='lat' dir='ltr'><strong>lbcinus,</strong></span> <span class='ocrx_word' id='word_1_166' title='bbox 742 2887 770 2955; x_wconf 87' lang='lat' dir='ltr'><strong>si</strong></span> <span class='ocrx_word' id='word_1_167' title='bbox 782 2886 886 2956; x_wconf 80' lang='lat' dir='ltr'><strong>caedes</strong></span> <span class='ocrx_word' id='word_1_168' title='bbox 902 2886 1010 2974; x_wconf 86' lang='lat' dir='ltr'><strong>facta,</strong></span> <span class='ocrx_word' id='word_1_169' title='bbox 1027 2887 1054 2954; x_wconf 90' lang='lat' dir='ltr'><strong>si</strong></span> <span class='ocrx_word' id='word_1_170' title='bbox 1070 2883 1112 2954; x_wconf 96' lang='lat' dir='ltr'><strong>de</strong></span> <span class='ocrx_word' id='word_1_171' title='bbox 1130 2883 1260 2954; x_wconf 87' lang='lat' dir='ltr'><strong>heredi·</strong></span> 
     </span>
     <span class='ocr_line' id='line_1_23' title="bbox 203 3005 1260 3098; baseline 0 -20"><span class='ocrx_word' id='word_1_172' title='bbox 203 3024 286 3098; x_wconf 85' lang='lat' dir='ltr'><strong>tate,</strong></span> <span class='ocrx_word' id='word_1_173' title='bbox 312 3008 340 3076; x_wconf 89' lang='lat' dir='ltr'><strong>si</strong></span> <span class='ocrx_word' id='word_1_174' title='bbox 369 3006 411 3078; x_wconf 92' lang='lat' dir='ltr'><strong>de</strong></span> <span class='ocrx_word' id='word_1_175' title='bbox 433 3005 555 3076; x_wconf 88' lang='lat' dir='ltr'><strong>linibus</strong></span> <span class='ocrx_word' id='word_1_176' title='bbox 578 3008 808 3076; x_wconf 86' lang='lat' dir='ltr'><strong>controversia</strong></span> <span class='ocrx_word' id='word_1_177' title='bbox 837 3021 906 3095; x_wconf 87' lang='lat' dir='ltr'><strong>est,</strong></span> <span class='ocrx_word' id='word_1_178' title='bbox 929 3005 1031 3076; x_wconf 90' lang='lat' dir='ltr'><strong>iidem</strong></span> <span class='ocrx_word' id='word_1_179' title='bbox 1057 3005 1260 3090; x_wconf 86' lang='lat' dir='ltr'><strong>decernunt;</strong></span> 
     </span>
     <span class='ocr_line' id='line_1_24' title="bbox 203 3128 1261 3224; baseline -0.002 -24"><span class='ocrx_word' id='word_1_180' title='bbox 203 3133 340 3224; x_wconf 86' lang='lat' dir='ltr'><strong>praemia</strong></span> <span class='ocrx_word' id='word_1_181' title='bbox 352 3152 534 3224; x_wconf 84' lang='lat' dir='ltr'><strong>poenasque</strong></span> <span class='ocrx_word' id='word_1_182' title='bbox 554 3129 786 3199; x_wconf 87' lang='lat' dir='ltr'><strong>constituunt:</strong></span> <span class='ocrx_word' id='word_1_183' title='bbox 799 3129 826 3198; x_wconf 85' lang='lat' dir='ltr'><strong>si</strong></span> <span class='ocrx_word' id='word_1_184' title='bbox 844 3129 918 3223; x_wconf 90' lang='lat' dir='ltr'><strong>qui,</strong></span> <span class='ocrx_word' id='word_1_185' title='bbox 939 3141 996 3197; x_wconf 88' lang='lat' dir='ltr'><strong>aut</strong></span> <span class='ocrx_word' id='word_1_186' title='bbox 1019 3128 1185 3222; x_wconf 87' lang='lat' dir='ltr'><strong>privatus,</strong></span> <span class='ocrx_word' id='word_1_187' title='bbox 1202 3142 1261 3198; x_wconf 81' lang='lat' dir='ltr'><strong>aut</strong></span> 
     </span>
     <span class='ocr_line' id='line_1_25' title="bbox 204 3248 1348 3346; baseline -0.003 -25"><span class='ocrx_word' id='word_1_188' title='bbox 204 3251 373 3346; x_wconf 91' lang='lat' dir='ltr'><strong>publicus,</strong></span> <span class='ocrx_word' id='word_1_189' title='bbox 389 3275 507 3322; x_wconf 87' lang='lat' dir='ltr'><strong>eorum</strong></span> <span class='ocrx_word' id='word_1_190' title='bbox 519 3249 656 3322; x_wconf 82' lang='lat' dir='ltr'><strong>decreto</strong></span> <span class='ocrx_word' id='word_1_191' title='bbox 665 3275 734 3318; x_wconf 92' lang='lat' dir='ltr'><strong>non</strong></span> <span class='ocrx_word' id='word_1_192' title='bbox 745 3248 1032 3338; x_wconf 86' lang='lat' dir='ltr'><strong>stetit,sacriliciis</strong></span> <span class='ocrx_word' id='word_1_193' title='bbox 1043 3248 1259 3320; x_wconf 86' lang='lat' dir='ltr'><strong>interdicunt.</strong></span> <span class='ocrx_word' id='word_1_194' title='bbox 1345 3301 1348 3308; x_wconf 21' lang='grc' dir='ltr'><strong>Δ</strong></span> 
     </span>
     <span class='ocr_line' id='line_1_26' title="bbox 204 3370 1263 3467; baseline -0.006 -25"><span class='ocrx_word' id='word_1_195' title='bbox 204 3375 285 3442; x_wconf 84' lang='lat' dir='ltr'><strong>Haec</strong></span> <span class='ocrx_word' id='word_1_196' title='bbox 301 3396 400 3466; x_wconf 86' lang='lat' dir='ltr'><strong>poena</strong></span> <span class='ocrx_word' id='word_1_197' title='bbox 414 3371 506 3467; x_wconf 84' lang='lat' dir='ltr'><strong>apud</strong></span> <span class='ocrx_word' id='word_1_198' title='bbox 519 3395 576 3441; x_wconf 87' lang='lat' dir='ltr'><strong>eos</strong></span> <span class='ocrx_word' id='word_1_199' title='bbox 591 3385 640 3440; x_wconf 88' lang='lat' dir='ltr'><strong>est</strong></span> <span class='ocrx_word' id='word_1_200' title='bbox 654 3371 858 3466; x_wconf 81' lang='lat' dir='ltr'><strong>gravissima.</strong></span> <span class='ocrx_word' id='word_1_201' title='bbox 875 3371 1009 3461; x_wconf 87' lang='lat' dir='ltr'><strong>Quibus</strong></span> <span class='ocrx_word' id='word_1_202' title='bbox 1026 3372 1073 3440; x_wconf 88' lang='lat' dir='ltr'><strong>ita</strong></span> <span class='ocrx_word' id='word_1_203' title='bbox 1092 3385 1144 3440; x_wconf 90' lang='lat' dir='ltr'><strong>est</strong></span> <span class='ocrx_word' id='word_1_204' title='bbox 1158 3370 1263 3439; x_wconf 87' lang='lat' dir='ltr'><strong>inter·</strong></span> 
     </span>
     <span class='ocr_line' id='line_1_27' title="bbox 204 3488 1260 3586; baseline -0.005 -24"><span class='ocrx_word' id='word_1_205' title='bbox 204 3491 355 3579; x_wconf 88' lang='lat' dir='ltr'><strong>dietum,</strong></span> <span class='ocrx_word' id='word_1_206' title='bbox 374 3494 398 3560; x_wconf 90' lang='lat' dir='ltr'><strong>ii</strong></span> <span class='ocrx_word' id='word_1_207' title='bbox 413 3514 554 3562; x_wconf 87' lang='lat' dir='ltr'><strong>numero</strong></span> <span class='ocrx_word' id='word_1_208' title='bbox 570 3491 752 3586; x_wconf 90' lang='lat' dir='ltr'><strong>impiorum</strong></span> <span class='ocrx_word' id='word_1_209' title='bbox 767 3515 806 3561; x_wconf 87' lang='lat' dir='ltr'><strong>ac</strong></span> <span class='ocrx_word' id='word_1_210' title='bbox 822 3488 1062 3562; x_wconf 87' lang='lat' dir='ltr'><strong>sceleratorum</strong></span> <span class='ocrx_word' id='word_1_211' title='bbox 1078 3490 1260 3573; x_wconf 65' lang='lat' dir='ltr'><strong>habentur,</strong></span> 
     </span>
     <span class='ocr_line' id='line_1_28' title="bbox 202 3611 1259 3705; baseline -0.002 -24"><span class='ocrx_word' id='word_1_212' title='bbox 202 3615 244 3684; x_wconf 87' lang='lat' dir='ltr'><strong>iis</strong></span> <span class='ocrx_word' id='word_1_213' title='bbox 265 3639 381 3684; x_wconf 85' lang='lat' dir='ltr'><strong>omnes</strong></span> <span class='ocrx_word' id='word_1_214' title='bbox 401 3611 585 3700; x_wconf 88' lang='lat' dir='ltr'><strong>decedunt,</strong></span> <span class='ocrx_word' id='word_1_215' title='bbox 605 3611 736 3682; x_wconf 88' lang='lat' dir='ltr'><strong>aditum</strong></span> <span class='ocrx_word' id='word_1_216' title='bbox 755 3636 872 3682; x_wconf 87' lang='lat' dir='ltr'><strong>eorum</strong></span> <span class='ocrx_word' id='word_1_217' title='bbox 892 3635 1149 3705; x_wconf 87' lang='lat' dir='ltr'><strong>sermonemque</strong></span> <span class='ocrx_word' id='word_1_218' title='bbox 1167 3611 1259 3680; x_wconf 88' lang='lat' dir='ltr'><strong>defu·</strong></span> 
     </span>
     <span class='ocr_line' id='line_1_29' title="bbox 203 3732 1260 3830; baseline -0.007 -28"><span class='ocrx_word' id='word_1_219' title='bbox 203 3736 319 3829; x_wconf 92' lang='lat' dir='ltr'><strong>giunt,</strong></span> <span class='ocrx_word' id='word_1_220' title='bbox 337 3734 476 3830; x_wconf 88' lang='lat' dir='ltr'><strong>nequid</strong></span> <span class='ocrx_word' id='word_1_221' title='bbox 492 3759 533 3804; x_wconf 83' lang='lat' dir='ltr'><strong>ex</strong></span> <span class='ocrx_word' id='word_1_222' title='bbox 549 3734 752 3830; x_wconf 81' lang='lat' dir='ltr'><strong>contagione</strong></span> <span class='ocrx_word' id='word_1_223' title='bbox 768 3732 974 3804; x_wconf 88' lang='lat' dir='ltr'><strong>incommodi</strong></span> <span class='ocrx_word' id='word_1_224' title='bbox 990 3733 1157 3826; x_wconf 83' lang='lat' dir='ltr'><strong>accipiant</strong></span> <span class='ocrx_word' id='word_1_225' title='bbox 1174 3755 1182 3798; x_wconf 91' lang='lat'><strong>:</strong></span> <span class='ocrx_word' id='word_1_226' title='bbox 1201 3747 1260 3794; x_wconf 86' lang='lat' dir='ltr'><strong>ne-</strong></span> 
     </span>
     <span class='ocr_line' id='line_1_30' title="bbox 205 3852 1262 3951; baseline -0.007 -28"><span class='ocrx_word' id='word_1_227' title='bbox 205 3877 271 3947; x_wconf 88' lang='lat' dir='ltr'><strong>que</strong></span> <span class='ocrx_word' id='word_1_228' title='bbox 288 3856 326 3926; x_wconf 88' lang='lat' dir='ltr'><strong>iis</strong></span> <span class='ocrx_word' id='word_1_229' title='bbox 344 3856 537 3951; x_wconf 84' lang='lat' dir='ltr'><strong>petentibus</strong></span> <span class='ocrx_word' id='word_1_230' title='bbox 551 3855 607 3950; x_wconf 85' lang='lat' dir='ltr'><strong>jus</strong></span> <span class='ocrx_word' id='word_1_231' title='bbox 624 3855 793 3945; x_wconf 90' lang='lat' dir='ltr'><strong>redditur,</strong></span> <span class='ocrx_word' id='word_1_232' title='bbox 812 3880 919 3949; x_wconf 89' lang='lat' dir='ltr'><strong>neque</strong></span> <span class='ocrx_word' id='word_1_233' title='bbox 934 3855 1043 3925; x_wconf 86' lang='lat' dir='ltr'><strong>bonos</strong></span> <span class='ocrx_word' id='word_1_234' title='bbox 1063 3852 1153 3922; x_wconf 86' lang='lat' dir='ltr'><strong>ullus</strong></span> <span class='ocrx_word' id='word_1_235' title='bbox 1169 3872 1262 3920; x_wconf 60' lang='lat' dir='ltr'><strong>com-</strong></span> 
     </span>
     <span class='ocr_line' id='line_1_31' title="bbox 205 3976 1261 4073; baseline -0.003 -30"><span class='ocrx_word' id='word_1_236' title='bbox 205 3977 407 4047; x_wconf 88' lang='lat' dir='ltr'><strong>municatur.</strong></span> <span class='ocrx_word' id='word_1_237' title='bbox 428 3979 490 4046; x_wconf 84' lang='lat' dir='ltr'><strong>His</strong></span> <span class='ocrx_word' id='word_1_238' title='bbox 509 3992 621 4046; x_wconf 82' lang='lat' dir='ltr'><strong>autem</strong></span> <span class='ocrx_word' id='word_1_239' title='bbox 644 3979 802 4049; x_wconf 80' lang='lat' dir='ltr'><strong>omnibns</strong></span> <span class='ocrx_word' id='word_1_240' title='bbox 823 3976 1000 4047; x_wconf 90' lang='lat' dir='ltr'><strong>druidibus</strong></span> <span class='ocrx_word' id='word_1_241' title='bbox 1020 3988 1139 4073; x_wconf 84' lang='lat' dir='ltr'><strong>praeest</strong></span> <span class='ocrx_word' id='word_1_242' title='bbox 1156 3995 1261 4062; x_wconf 88' lang='lat' dir='ltr'><strong>unus,</strong></span> 
     </span>
    </p>
   </div>
   <div class='ocr_carea' id='block_1_3' title="bbox 0 0 1552 4766">
    <p class='ocr_par' dir='ltr' id='par_1_4' title="bbox 0 0 1552 4766">
     <span class='ocr_line' id='line_1_32' title="bbox 0 0 1552 4766; baseline 0 0"><span class='ocrx_word' id='word_1_243' title='bbox 0 0 1552 4766; x_wconf 95' lang='lat' dir='ltr'><strong> </strong></span> 
     </span>
    </p>
   </div>
  </div>
 </body>
</html>
