3042 4772
285 396 340 454 aad
464 394 612 450 C.JUL11
635 393 798 452 CAESARIS
820 393 1018 452 cortuum.
1041 396 1152 452 LIBER

283 549 323 594 ex
347 521 445 590 rebus
461 520 521 588 sibi
534 543 606 591 eam
623 519 839 620 dignitatern,
858 543 933 612 quae
951 535 1001 588 est
1016 543 1076 614 per
1091 533 1204 613 gentes
1213 517 1332 589 claris·

284 646 366 714 sime
384 641 634 733 notissimaque,
656 637 865 727 conciliavit;
880 637 1210 733 adolescentulusque
1227 655 1329 733 atque

283 785 385 857 eques
409 785 567 832 romanus
590 761 820 856 triumphavit.
842 763 950 852 Atque
969 758 1023 829 ille
1047 785 1115 828 non
1140 761 1185 828 ita
1209 759 1329 854 amplis

283 886 382 955 rebus
397 885 501 980 patris
524 883 622 976 gestis
641 905 749 974 neque
762 895 830 948 tam
846 877 1018 950 excellenti
1037 882 1202 974 majorum
1218 880 1329 975 digni·

284 1021 352 1075 tate
369 1020 484 1100 parta,
509 1027 617 1097 neque
637 1006 734 1072 tantis
757 999 917 1080 clientelis
943 1003 1154 1095 nominisque
1177 1002 1328 1071 claritate

284 1127 463 1221 praeditus,
484 1127 517 1194 in
538 1149 607 1193 rem
628 1121 795 1217 publicam
817 1137 867 1190 est
884 1123 1051 1216 ingressus
1068 1150 1084 1190 Δε
1108 1138 1145 1192 tu
1159 1138 1274 1193 contra
1293 1138 1328 1192 et

283 1249 386 1342 patris
408 1244 596 1331 nobilitate,
615 1259 649 1312 ct
666 1244 842 1336 dignitate,
865 1255 897 1310 et
914 1267 973 1335 per
990 1257 1024 1311 te
1043 1244 1113 1338 ipse
1127 1244 1206 1312 satis
1225 1245 1326 1312 animi

283 1366 512 1462 magnitudine
533 1363 773 1457 diligentiaque
793 1362 969 1458 praeditus,
989 1389 1099 1433 nonne
1118 1364 1273 1450 eniteris,
1292 1379 1328 1432 et

287 1485 504 1581 proficisceris
523 1484 564 1553 ad
583 1499 737 1578 paternas
750 1481 938 1572 clientelas,
955 1482 1116 1552 auxilium
1134 1483 1194 1552 tibi
1212 1485 1326 1577 reique

285 1605 426 1703 publica
444 1622 543 1699 atque
559 1606 688 1700 optimo
708 1605 828 1697 cuique
844 1602 1082 1698 efflagitatum?
1099 1632 1115 1668 s

332 1730 458 1798 Xlllll.
477 1728 536 1796 His
557 1726 666 1794 verbis
694 1723 838 1793 hominis
859 1724 1042 1818 gravissimi
1065 1724 1221 1792 incitatus
1242 1723 1324 1792 ado·

285 1846 500 1931 lescentulus,
519 1871 596 1915 cum
625 1841 784 1914 naviculis
810 1842 1062 1936 cujusquemodi
1090 1844 1218 1936 generis
1240 1869 1325 1928 xxx,

284 1970 366 2038 inibi
387 1969 501 2063 paucis
521 1967 687 2048 rostratis,
708 1964 875 2058 profectus
898 1965 941 2031 ab
960 1964 1059 2030 Utica
1080 1964 1180 2032 estin
1201 1966 1326 2032 Mauri·

285 2089 425 2171 taniam,
443 2108 648 2181 regnumque
664 2084 810 2178 Bogudis
830 2097 879 2152 est
903 2085 1087 2178 ingressum
1106 2083 1324 2177 expediteque

284 2208 446 2293 exercitu,
478 2229 618 2274 numero
641 2228 832 2291 servorum,
856 2203 1058 2289 liberorum,
1086 2203 1230 2272 duorum
1254 2202 1324 2270 mil·

285 2329 366 2397 lium
377 2326 489 2419 ,cujus
498 2339 624 2418 partem
642 2327 803 2394 inermem
814 2375 823 2412 ,
834 2339 960 2420 partem
972 2339 1134 2394 armatam
1145 2325 1324 2412 habuerat,

285 2446 329 2518 ad
345 2446 504 2541 oppidum
526 2449 689 2530 Ascurum
718 2443 874 2513 accedere
891 2446 992 2538 coepit
1017 2472 1025 2512 :
1053 2446 1176 2538 inquo
1200 2443 1325 2538 oppido

284 2566 472 2661 praesidium
493 2564 554 2634 fuit
574 2565 714 2658 regium.
739 2565 896 2657 Pompeio
919 2563 1132 2647 adveniente,
1150 2563 1326 2659 oppidani,

284 2711 389 2780 usque
410 2709 450 2755 eo
469 2687 553 2780 passi
574 2687 711 2779 propius
735 2686 906 2775 accedere,
927 2685 1034 2754 donec
1051 2686 1093 2754 ad
1110 2687 1198 2778 ipsas
1213 2699 1326 2780 portas

285 2831 323 2876 ac
333 2831 467 2877 murum
476 2806 780 2900 appropinquaret,
801 2807 911 2874 subito
928 2807 1104 2899 eruptione
1122 2805 1229 2892 sacta,
1246 2829 1324 2899 pro·

284 2940 403 2998 stratos
418 2927 678 3022 perterritosque
693 2927 913 3019 Pompeianos
927 2927 960 2994 in
973 2951 1063 2994 mare
1074 2927 1194 3019 passim
1214 2948 1325 2992 naves·

283 3072 348 3141 que
366 3044 608 3138 compulerunt.
623 3049 672 3113 lta
687 3067 722 3112 re
742 3044 827 3118 male
842 3061 932 3140 gesta
944 3097 954 3133 ,
968 3049 1029 3114 Cn.
1043 3047 1219 3138 Pompeius
1239 3043 1326 3112 lilius

283 3190 383 3234 nares
403 3164 479 3234 inde
506 3166 641 3251 avertit,
662 3189 768 3257 neque
786 3181 898 3258 postea
922 3164 1001 3236 litus
1027 3166 1153 3260 attigit,
1171 3164 1326 3234 classem-

283 3311 348 3380 que
363 3284 405 3355 ad
425 3283 550 3354 insulas
568 3284 717 3355 Baleares
731 3309 844 3356 versus
861 3289 1037 3358 convertit.

331 3409 458 3476 XXIV.
480 3407 591 3500 Scipio
609 3408 741 3475 interim
759 3431 837 3476 cnm
854 3408 892 3476 iis
909 3409 1117 3502 copiis,quas
1131 3403 1231 3498 paulo
1248 3415 1326 3470 ante

285 3525 606 3610 demonstravimus,
625 3527 731 3596 Uticae
756 3527 875 3620 grandi
892 3525 1043 3618 praesidio
1062 3523 1193 3610 relicto,
1217 3521 1327 3614 profe·

283 3663 373 3738 ctus,
385 3651 530 3743 primum
549 3647 722 3718 Adrumeti
735 3663 844 3717 castra
864 3647 957 3738 ponit
972 3669 979 3710 ε
992 3644 1109 3712 deinde
1126 3667 1247 3736 paucos
1258 3642 1329 3712 dies
1351 3657 1355 3665 '

284 3768 329 3836 ibi
346 3783 586 3856 commoratus,
605 3783 707 3837 noctu
725 3769 842 3835 itinere
857 3763 963 3851 lacto,
981 3787 1058 3832 curn
1077 3765 1196 3833 Petreii
1218 3779 1253 3834 et
1269 3768 1331 3834 La·

282 3887 372 3957 hieni
387 3891 491 3984 copiis
507 3914 541 3958 se
561 3889 734 3983 conjungit
756 3899 882 3976 :atque
904 3884 977 3952 unis
997 3887 1113 3954 castris
1132 3885 1243 3971 lactis,
1266 3885 1329 3954 tria

283 4007 388 4078 millia
406 4033 562 4105 passuum
589 4007 686 4103 longe
706 4001 893 4074 considunt
922 4006 1099 4099 Equitatus
1120 4007 1252 4077 interim
1272 4029 1328 4073 eo·
