3014 4780
484 429 534 483 DE
560 425 673 484 BlLLO
691 427 937 486 HISPANIENSI.
1160 433 1211 491 301

245 561 315 625 XL.
352 549 528 622 Interfecto
555 553 608 620 Ct.
647 554 802 645 Pompeio
826 551 1044 640 adolescente,
1073 558 1214 647 Didius,

198 699 294 768 quem
308 697 405 767 supra
422 670 722 755 demonstravimus,
741 669 796 740 illa
811 672 945 741 affectus
956 672 1084 762 latitia,
1103 680 1215 770 proxi·

199 819 253 861 mo
268 818 301 861 sc
320 793 442 884 recepit
461 787 602 873 castelle,
622 789 862 884 nonnullasque
886 817 985 861 naves
1007 794 1048 861 ad
1068 796 1214 866 reficien-

199 911 277 980 dum
308 910 472 980 subduxit.
496 909 653 996 Lusitani,
676 911 733 1002 qui
763 933 940 1004 expugna
967 913 1214 1005 superfuerunt,

199 1030 240 1100 ad
255 1032 383 1125 siguum
404 1053 439 1098 se
454 1041 652 1122 receperant,
670 1043 703 1095 ct
717 1028 800 1097 bene
821 1010 940 1123 magna
964 1055 1064 1100 manu
1082 1057 1215 1128 compa..

200 1166 291 1234 rata,
308 1150 349 1219 ad
369 1148 505 1218 Didium
522 1171 556 1216 sc
578 1159 747 1240 asportant.
766 1148 852 1217 Huic
877 1151 935 1218 etsi
953 1175 1021 1219 nou
1037 1152 1151 1221 aberat
1168 1153 1216 1222 di·
1332 1147 1335 1154 ’

200 1267 333 1363 ligentia
360 1265 402 1336 ad
426 1289 525 1334 naves
545 1265 688 1352 tondes,
702 1279 810 1334 tamen
835 1291 1073 1362 nonnunquam
1101 1295 1140 1339 ex
1162 1297 1215 1340 ca·

200 1385 294 1455 stello
310 1401 444 1482 propter
463 1409 576 1453 eorum
598 1383 716 1453 crebras
732 1387 938 1454 excursiones
955 1384 1167 1457 eliciebatur:
1183 1406 1215 1458 et

200 1507 246 1574 sic
269 1529 372 1600 prope
392 1502 590 1597 quotidianis
606 1503 716 1596 ¹unguis
737 1501 869 1572 insidias
885 1519 1030 1597 ponunt,
1051 1522 1084 1574 ct
1101 1509 1217 1602 tripar-

200 1626 261 1692 tito
277 1627 369 1719 signa
384 1623 592 1694 distribuunt.
605 1625 705 1690 Erant
725 1624 846 1714 parati,
867 1625 924 1716 qui
942 1647 1039 1693 naves
1059 1625 1215 1695 incende-

200 1757 288 1828 rent,
304 1743 506 1834 incensisque
520 1743 576 1834 qui
594 1740 765 1808 obsidium
785 1756 979 1834 repeterent.
992 1745 1020 1810 Ii
1038 1745 1085 1812 sic
1102 1744 1215 1837 dispo·

200 1863 253 1929 siti
265 1873 377 1945 erant,
405 1873 443 1927 ut
470 1881 488 1926 a
511 1857 603 1926 nullo
626 1860 789 1953 conspccti
816 1861 963 1928 omnium
993 1861 1035 1930 ad
1069 1887 1214 1956 pugnam

200 1978 444 2047 contenderent
458 1981 509 2046 Ita
524 2002 617 2071 quun
633 2003 672 2046 ex
688 1977 820 2047 castello
837 1980 955 2054 Didius
972 1979 1014 2048 sd
1032 1981 1216 2075 propellen-

200 2097 279 2166 dum
300 2099 509 2190 processisset
532 2123 605 2166 cnm
615 2099 730 2192 copiis,
757 2099 886 2192 signum
911 2100 1114 2195 ebusitanis
1134 2099 1217 2169 tolli-

200 2231 378 2303 tur,naves
387 2216 617 2304 incenduntur,
634 2214 795 2311 simulque
806 2219 881 2310 ,qui
898 2218 929 2284 in
950 2218 1083 2288 castello
1097 2219 1139 2288 ad
1156 2245 1216 2315 pn·

198 2359 296 2428 gnam
311 2349 534 2430 processerant
546 2388 555 2425 ,
569 2335 676 2408 ecdem
693 2337 786 2429 signo
804 2335 966 2430 fugientes
981 2335 1125 2407 latrones
1138 2337 1216 2406 dum

198 2469 457 2548 persequuntur,
476 2479 494 2524 a
511 2471 603 2549 tergo
616 2455 740 2524 insidiae
762 2451 905 2522 clamore
929 2455 1057 2525 sublato
1075 2457 1216 2525 circum-

196 2576 342 2644 veniunt.
368 2574 486 2644 Didius
512 2596 723 2667 magnacum
749 2571 870 2640 virtute
889 2596 964 2640 cum
992 2573 1216 2666 compluribus

197 2692 425 2761 interficitur:
449 2690 597 2759 nonnulli
619 2713 655 2760 ea
675 2714 786 2784 pugna
806 2690 957 2783 scaphas,
983 2715 1055 2785 quae
1076 2690 1116 2761 ad
1139 2691 1224 2761 litus¹
1339 2784 1342 2791 Ι

196 2810 342 2898 fueraut,
367 2824 561 2902 occupant:
588 2811 660 2878 item
688 2808 872 2904 complures
902 2809 1013 2879 nando
1039 2809 1080 2878 ad
1101 2836 1217 2896 naves,

197 2953 268 3021 quae
285 2932 318 2997 ia
339 2929 407 2998 salo
425 2928 576 3013 fuerunt,
595 2953 625 2998 se
640 2931 803 3024 recipiunt
820 2929 970 2998 :ancoris
987 2928 1141 3017 sublatis,
1160 2956 1217 3025 pe·

197 3047 289 3143 lagos
309 3050 406 3116 remis
425 3064 537 3142 petere
554 3064 727 3144 coeperunt.
749 3052 832 3138 Quae
851 3073 902 3117 res
917 3073 1031 3118 eorum
1050 3051 1125 3119 vitae
1141 3053 1217 3120 snb·

196 3166 279 3235 sidio
306 3167 377 3237 fuit.
406 3170 554 3238 busitani
581 3170 684 3264 preda
716 3171 899 3265 potiuntur.
934 3171 1042 3238 Caesar
1068 3168 1217 3240 Gadibus

197 3309 310 3354 rursus
328 3286 369 3354 ad
384 3287 543 3382 Hispalim
561 3291 706 3358 recurrit.

242 3409 329 3474 XLI.
349 3408 466 3475 Fabius
480 3410 656 3492 Maximus,
667 3433 763 3502 quem
776 3410 845 3503 ipse
853 3409 895 3478 ad
909 3409 1072 3478 Mundam
1083 3408 1124 3478 sd
1139 3433 1219 3502 prse-

196 3525 317 3624 sidinm
342 3527 600 3620 oppugnandum
622 3526 796 3620 reliquerat
815 3530 969 3622 operibus
984 3527 1140 3612 assiduis,
1161 3529 1219 3596 ho-

195 3660 325 3738 stesque
341 3649 465 3714 circum
483 3671 552 3716 sese
574 3645 753 3733 interclusi,
772 3647 858 3716 inter
878 3671 913 3716 se
926 3647 1117 3733 decernere,
1135 3646 1218 3714 facte

195 3763 281 3832 caede
296 3764 379 3832 bene
398 3790 535 3861 magna,
556 3767 757 3859 eruptionem
775 3765 909 3834 faciunt.
932 3767 1042 3836 Nostri
1064 3763 1105 3834 ad
1125 3765 1219 3857 oppi-

194 3879 272 3948 dum
292 3883 553 3975 recuperandum
576 3887 778 3954 occasionem
806 3910 874 3954 noa
893 3885 1168 3979 praetermittunt,
1187 3897 1221 3950 et

193 3997 338 4093 reliquos
358 4002 449 4071 vivos
467 4003 621 4100 capiunt„
635 4027 696 4074 ην
711 4003 832 4094 millia,
846 4030 885 4075 nc
900 4003 1018 4073 deinde
1032 4007 1218 4074 Ursaonem
