3086 4766
512 374 563 429 DE
583 375 703 434 RELLO
724 377 884 434 cituco
905 375 973 430 uu.
992 375 1055 430 vu.
1243 371 1292 443 167
1360 447 1363 456 ,

265 519 396 564 causam
419 496 640 592 supplementi
657 503 888 595 equitatusque
907 497 1066 594 cogendi,
1092 493 1133 566 ab
1154 498 1299 566 exercitu

263 611 422 701 discedit;
440 618 582 686 Brutum
598 617 840 691 adolescentem
860 620 899 690 iis
915 619 1020 711 copiis
1036 607 1184 712 praeficit.
1201 618 1299 684 Hunc

197 719 201 726 ¹
263 748 375 802 monet
396 745 435 803 ut
457 736 493 804 in
515 760 630 808 omnes
650 751 758 833 partes
778 741 905 834 equites
925 762 1026 831 quam
1047 734 1205 806 latissime
1225 757 1300 826 per·

261 869 454 946 vagentur:
476 855 632 926 daturum
659 883 694 926 se
716 883 872 953 operam,
894 882 936 927 ne
956 855 1089 952 longius
1120 853 1233 924 triduo
1258 852 1300 922 ab

263 973 377 1041 castris
400 973 494 1043 absit.
518 975 577 1044 His
598 972 787 1052 constitutis
805 979 923 1065 rebus,
945 978 1012 1048 suis
1033 974 1300 1068 inopinantibus,

261 1114 361 1184 quam
377 1093 527 1162 maximis
548 1107 659 1187 potest
676 1096 866 1182 itineribus,
878 1097 1043 1167 Viennam
1064 1093 1226 1188 pervenit
1248 1093 1298 1162 lbi

261 1225 375 1282 nactus
390 1227 558 1284 recentem
574 1216 772 1308 equitatum,
786 1241 885 1312 quem
903 1215 1016 1286 multis
1033 1229 1112 1284 ante
1129 1212 1245 1281 diebus
1259 1237 1298 1281 eo

261 1333 478 1425 premiserat,
492 1357 600 1428 neque
618 1333 739 1405 diurno
756 1360 863 1430 neque
880 1350 1046 1408 nocturno
1062 1335 1181 1404 itinere
1193 1334 1297 1401 inter-

260 1452 374 1540 misso,
392 1477 452 1546 per
467 1452 549 1522 lines
564 1453 748 1525 AEduorum
765 1456 800 1524 in
815 1457 983 1552 Lingones
994 1453 1181 1540 contendit,
1196 1453 1254 1521 ubi
1271 1476 1295 1522 n

261 1570 405 1664 legiones
423 1572 634 1660 hiemabaut;
654 1588 709 1661 ut,
729 1576 758 1644 si
773 1573 854 1670 quid
869 1575 970 1643 etiam
988 1573 1030 1642 de
1049 1598 1109 1642 sua
1127 1570 1234 1642 salute
1253 1572 1295 1638 ab
1354 1583 1358 1594 '

257 1688 372 1759 AEduis
390 1691 531 1760 iniretur
544 1690 692 1780 consilii,
703 1691 870 1764 celeritate
888 1707 1112 1786 praecurreret.
1129 1693 1180 1761 Eo
1191 1714 1295 1784 quum

259 1810 480 1901 pervenisset,
502 1811 544 1879 ad
570 1810 714 1906 reliquas
742 1811 886 1908 legiones
915 1813 1044 1896 mittit,
1072 1810 1231 1905 priusque
1261 1812 1295 1876 in

257 1951 361 1998 unum
378 1929 487 2000 locum
505 1956 619 2002 omncs
635 1933 739 2026 cogit,
751 1957 851 2027 quam
867 1931 908 2001 de
924 1933 994 2026 ejus
1009 1931 1155 2000 adventu
1172 1933 1295 2000 Arver-

256 2050 306 2118 nis
326 2052 474 2120 nuntiari
494 2065 612 2145 posset.
635 2056 706 2122 Hac
728 2077 763 2124 re
783 2052 931 2146 cognita,
945 2050 1197 2145 Vercingetorix
1220 2075 1294 2118 rur·

256 2193 311 2238 sus
325 2170 360 2238 in
379 2171 543 2265 Bituriges
559 2174 740 2242 exercitum
756 2172 900 2258 reducit;
916 2186 1016 2264 atque
1027 2170 1109 2240 inde
1125 2169 1293 2264 profectus

256 2290 476 2384 Gergoviam,
493 2293 652 2362 Boiorum
668 2291 846 2386 oppidum,
862 2317 945 2386 quos
960 2292 1006 2361 ibi
1023 2290 1197 2361 Helvetico
1209 2315 1294 2383 proe-

255 2405 301 2477 lio
315 2411 421 2480 victos
434 2414 543 2484 caesar
554 2409 791 2498 collocaverat,
809 2411 989 2506 AEduisque
1005 2413 1217 2498 attribuerat,
1232 2437 1292 2504 op·

254 2551 403 2622 pugnare
424 2531 576 2600 instituit.

301 2649 343 2714 X.
361 2649 517 2742 Magnam
530 2651 599 2720 haec
612 2676 664 2720 res
674 2653 796 2722 Caesari
813 2649 1041 2720 difficultatem
1058 2651 1100 2720 ad
1114 2646 1288 2720 consilium

254 2763 452 2858 capiendum
465 2766 623 2838 afferebat
641 2796 649 2837 ε
665 2771 692 2840 si
708 2769 868 2863 reliquam
888 2784 1014 2862 partem
1035 2769 1153 2837 hiemis
1167 2791 1234 2835 uno
1256 2766 1289 2832 iu

252 2883 326 2954 loco
342 2883 487 2980 legiones
504 2888 705 2976 contineret,
721 2913 779 2975 ne,
798 2888 1021 2982 stipendiariis
1036 2887 1219 2958 AEduorum
1235 2909 1289 2952 ex·

253 3007 422 3102 pugnatis,
446 3021 569 3078 cuncta
588 3005 699 3078 Gallia
723 3007 894 3096 deficeret,
915 3006 1004 3100 quod
1025 3005 1154 3076 nullum
1174 3003 1288 3075 amicis

253 3126 286 3193 in
306 3151 346 3194 eo
364 3124 550 3219 presidium
569 3126 697 3198 videret
715 3129 859 3221 positum
879 3151 948 3196 esse
970 3151 978 3192 ε
1000 3127 1049 3194 sin
1070 3123 1231 3192 maturius
1247 3147 1287 3190 ex

253 3245 398 3316 bibernis
420 3246 595 3332 educeret,
617 3272 660 3317 ne
681 3248 723 3318 ab
745 3273 782 3316 re
806 3245 1019 3318 frumentaria
1040 3240 1130 3312 duris
1148 3242 1285 3312 subvec-

251 3366 396 3436 tionibus
421 3364 595 3436 laboraret.
622 3370 781 3438 Praestare
803 3367 910 3435 visum
939 3375 1143 3447 esttamen,
1171 3385 1286 3428 omnes

251 3483 459 3556 difficultates
483 3489 628 3580 perpeti,
651 3509 766 3579 quam,
793 3495 885 3550 tauta
909 3477 1108 3550 contumelia
1135 3493 1284 3573 accepta,

249 3605 399 3674 omnium
417 3627 553 3674 suorum
574 3602 761 3674 voluntates
776 3599 929 3670 alienare.
945 3601 1076 3692 Itaque,
1094 3597 1285 3666 cohortatus

250 3721 372 3792 AEduos
393 3723 433 3792 de
454 3723 681 3818 supportando
700 3733 899 3804 commeatu,
919 3719 1089 3813 praemittit
1108 3715 1151 3786 ad
1170 3715 1285 3798 Boios,

249 3845 305 3934 qui
332 3842 373 3912 de
397 3867 458 3914 suo
482 3842 628 3914 adventu
652 3842 810 3927 doceant,
833 3841 1073 3932 hortenturque
1098 3851 1138 3906 ut
1161 3837 1195 3906 in
1220 3833 1285 3906 lide

250 3977 420 4051 maneant,
444 3977 544 4054 atque
563 3961 710 4031 hostium
734 3963 895 4055 impeturn
910 3981 1033 4054 magno
1057 3958 1168 4028 animo
1186 3958 1281 4028 susti-
