3096 4762
520 385 572 440 DE
593 381 715 439 BELbO
734 379 897 436 GALLICO
918 381 987 436 LIB.
1006 381 1028 434 1.
1276 393 1291 445 7

252 513 369 581 civitas
388 523 439 579 est
456 509 491 576 in
507 508 692 578 Provincia.
713 505 753 574 ld
773 506 800 574 si
821 504 932 592 fieret,
949 500 1155 596 intelligebat
1172 525 1294 594 magno

252 655 329 700 cum
343 627 529 699 Provinciae
545 626 692 722 periculo
706 625 874 712 futurum,
892 637 930 693 ut
944 622 1097 692 homines
1107 618 1293 708 bellicosos,

252 748 370 844 populi
396 748 524 816 romani
558 734 727 834 inimicos,
757 743 838 814 locis
868 743 1058 838 patentibus
1088 740 1295 833 maximeque

253 866 477 936 frumentariis
494 863 655 934 finitimos
673 866 820 936 haberet.
842 863 896 933 Ob
918 887 973 932 eas
1000 886 1115 932 causas
1132 861 1162 928 ei
1183 861 1296 930 muni·

254 985 355 1071 tioui,
380 1009 481 1078 quam
506 985 643 1072 fecerat,
667 987 705 1056 T.
730 985 916 1056 Labienum
938 982 1084 1077 legatum
1108 979 1255 1074 praefecit
1285 1005 1295 1048 ι

253 1105 372 1198 ipsein
390 1103 520 1176 Italiam
539 1106 670 1200 magnis
690 1104 866 1176 itineribus
881 1102 1069 1189 contendit,
1087 1101 1235 1193 duasque
1251 1100 1296 1168 ibi

236 1207 395 1318 ¹legiones
415 1225 611 1312 conscribit,
631 1238 665 1294 et
684 1240 764 1311 tres,
783 1249 857 1318 quar
875 1225 1001 1293 circum
1022 1220 1210 1315 Aquileiam
1226 1219 1297 1288 hie·

251 1343 400 1430 mabant,
425 1367 465 1412 ex
489 1344 639 1415 hibernis
662 1344 790 1432 educit,
807 1360 855 1430 et,
877 1368 942 1437 qua
966 1343 1157 1437 proximum
1176 1341 1241 1408 iter
1262 1339 1296 1408 in

252 1460 444 1532 ulteriorem
462 1460 607 1534 Galliam
623 1489 681 1558 per
694 1461 795 1558 Alpes
812 1479 904 1551 erat,
919 1487 994 1532 curu
1011 1463 1063 1532 his
1080 1463 1229 1555 quinque
1249 1457 1296 1528 le-

251 1584 403 1678 gionibus
428 1587 477 1654 ire
502 1585 685 1656 contendit.
710 1586 762 1654 Ibi
786 1588 988 1671 Ceutrones,
1005 1597 1041 1652 et
1058 1578 1242 1663 Graioceli,
1263 1593 1296 1648 et

252 1704 445 1797 Caturiges,
467 1702 547 1772 locis
567 1705 794 1800 superioribus
820 1705 1004 1798 occupatis,
1030 1703 1149 1768 itinere
1169 1699 1296 1768 enerci-

253 1837 325 1890 tum
345 1822 524 1914 prohibere
549 1836 722 1892 conantur.
744 1821 984 1917 Compluribus
1004 1820 1056 1889 bis
1078 1817 1202 1913 proeliis
1221 1815 1295 1912 pul·

251 1942 311 2027 sis,
330 1941 372 2008 ab
394 1939 517 2029 Ocelo,
536 1942 627 2034 quod
646 1956 697 2010 est
715 1943 878 2013 citerioris
893 1941 1079 2010 Provinciae
1093 1953 1295 2024 extremum,

251 2059 286 2126 in
305 2059 387 2128 lines
415 2062 658 2130 Vocontiorum
682 2058 849 2134 ulterioris
873 2061 1054 2131 Provinciae
1080 2059 1133 2128 die
1154 2060 1296 2153 septimo

252 2155 404 2272 peruenit
419 2205 428 2249 ι
444 2179 522 2249 inde
540 2181 574 2248 in
595 2178 815 2274 Allobrogum
835 2180 934 2266 lines,
950 2181 990 2249 ab
1010 2177 1244 2272 Allobrogibus
1260 2179 1295 2245 in

252 2299 450 2391 Segusiauos
473 2302 658 2370 exercitum
679 2299 782 2368 ducit.
809 2302 852 2368 Hi
876 2314 955 2369 sunt
975 2314 1069 2368 extra
1086 2299 1296 2368 Provinciam

210 2488 220 2506 ,
254 2432 344 2487 trans
360 2418 562 2492 Rhodanum
578 2421 687 2514 primi.

299 2539 359 2604 XI.
378 2537 521 2608 Helvetii
535 2541 606 2634 jam
627 2564 686 2633 per
709 2543 878 2635 angustias
902 2555 937 2609 et
955 2540 1037 2609 fines
1061 2545 1294 2632 Sequanorum

252 2677 327 2722 suas
346 2656 457 2747 copias
482 2656 712 2748 traduxerant,
739 2661 833 2728 etin
857 2659 1041 2728 AEduorum
1073 2659 1154 2728 fines
1181 2680 1296 2750 perve-

253 2787 385 2858 nerant,
402 2797 584 2868 eorumque
610 2803 706 2872 agros
721 2778 978 2873 populabantur.
1004 2777 1120 2864 AEdni,
1141 2799 1244 2869 quum
1261 2799 1294 2845 se

251 2916 377 2986 suaque
386 2893 427 2961 ab
445 2895 485 2962 iis
499 2894 675 2964 defendere
685 2921 753 2966 non
767 2911 919 2990 possent,
934 2894 1059 2989 legatos
1077 2895 1119 2964 ad
1131 2899 1293 2966 Caesarem

252 3013 407 3098 mittunt,
426 3027 581 3108 rogatum
601 3013 762 3085 auxilinm
785 3041 792 3083 :
819 3018 870 3084 lta
896 3039 931 3084 se
957 3017 1048 3084 omni
1076 3031 1226 3110 tempore
1251 3015 1293 3084 de

251 3130 376 3226 populo
407 3156 546 3203 romano
578 3135 717 3204 meritos
745 3159 847 3219 esse,
860 3149 898 3202 ut
924 3158 1018 3229 paene
1048 3137 1083 3202 in
1113 3151 1292 3230 conspectu

251 3252 416 3322 exercitus
430 3254 536 3322 nostri
552 3254 624 3348 agri
640 3255 780 3343 vastari,
797 3253 893 3324 liberi
910 3277 1027 3325 eorum
1045 3254 1080 3322 in
1099 3258 1291 3323 servitutem

251 3371 389 3459 abduci,
409 3360 532 3468 oppida
551 3375 736 3468 expugnari
755 3398 823 3444 nou
840 3373 1038 3443 debuerunt.
1058 3375 1183 3443 Eodem
1207 3387 1291 3442 tem-

251 3515 331 3583 pore
346 3491 463 3578 AEdui,
480 3491 634 3562 Ambarri
649 3515 800 3586 quoque,
816 3495 990 3564 necessarii
1003 3509 1036 3564 et
1053 3483 1290 3588 consanguinei

251 3612 451 3697 AEduorum,
463 3615 628 3682 Caesarem
640 3617 816 3683 certiorem
830 3614 972 3701 faciunt,
984 3637 1067 3700 sese,
1081 3611 1290 3707 depopulatis

250 3733 353 3826 agris,
368 3758 435 3802 non
452 3731 548 3802 facile
558 3734 599 3802 ab
609 3733 741 3828 oppidis
754 3735 824 3802 vim
834 3735 980 3803 hostiurn
991 3733 1169 3827 probibere
1185 3757 1193 3800 :
1210 3733 1289 3802 item

251 3851 461 3946 Allobroges,
482 3855 539 3946 qui
560 3867 651 3922 trans
670 3853 871 3923 Rhodanum
891 3855 982 3923 vicos
1002 3855 1289 3948 possessionesque

252 3971 427 4060 habebant,
443 3974 520 4068 fuga
531 3995 566 4040 se
578 3973 620 4042 ad
629 3978 793 4044 Coesarem
807 3975 987 4066 recipiunt,
999 3983 1032 4042 et
1043 3973 1288 4058 demonstrant,
