3042 4772
525 425 576 480 on
597 403 717 481 nanno
738 423 944 483 anarcano.
1197 437 1252 492 ιη

215 578 290 622 rum
310 553 433 621 circum
452 553 590 621 Caesaris
611 551 812 619 munitiones
828 550 963 642 vagari,
982 562 1080 642 atque
1101 573 1176 637 cos,
1195 551 1254 642 qui

214 671 392 769 pabulandi
411 687 468 742 aut
486 671 629 766 aquandi
649 673 754 766 gratia
767 684 860 740 extra
876 668 999 739 vallum
1020 670 1185 764 progressi
1203 695 1254 740 es-

216 807 304 881 sent,
323 793 491 887 excipere;
510 795 556 862 ita
581 818 695 862 omnes
715 793 920 862 adversarios
947 793 1033 860 intra
1051 794 1253 862 munitiones

217 895 397 986 continere⁸
416 915 530 1004 Quare
554 916 731 984 Caesariani
761 915 853 1009 gravi
878 939 1009 983 annona
1038 930 1115 983 sunt
1139 915 1254 984 confli-

214 1038 311 1123 ctati,
334 1036 429 1126 ideo,
449 1035 539 1129 quod
562 1035 709 1105 nondum
737 1060 844 1129 neque
862 1037 904 1105 ab
924 1036 1052 1124 Sicilia,
1078 1060 1187 1130 neque
1211 1039 1254 1106 ab

215 1156 367 1225 Sardinia
382 1171 585 1226 commeatus
608 1171 823 1250 supportatus
847 1171 937 1244 erat3
961 1181 1068 1251 neque
1087 1183 1147 1253 per
1174 1159 1254 1227 anni

215 1289 345 1370 tempus
369 1277 404 1344 in
429 1278 513 1345 mari
527 1275 646 1346 classes
669 1277 740 1344 sine
766 1275 916 1371 periculo
941 1279 1053 1372 vagari
1076 1293 1253 1372 poterant,

214 1421 322 1490 neque
337 1394 478 1490 amplius
499 1395 601 1465 millia
622 1420 776 1490 passuum
798 1421 852 1466 sex
870 1412 965 1466 terrae
980 1397 1098 1468 Africae
1117 1423 1254 1493 quoquo

215 1539 331 1586 versus
356 1517 534 1604 tenebant,
562 1514 741 1610 pabulique
769 1519 880 1612 inopia
903 1519 1147 1610 premebantur.
1177 1522 1254 1608 Qua

215 1638 406 1707 necessitate
421 1638 525 1706 coacti
541 1638 686 1705 veterani
705 1635 825 1706 milites
840 1615 1053 1730 equitesque,
1073 1640 1131 1732 qui
1148 1638 1254 1708 multa

216 1770 305 1826 terra
323 1758 472 1849 marique
490 1754 576 1824 bella
593 1755 829 1844 confecissent,
849 1771 884 1825 et
901 1755 1056 1850 periculis
1076 1759 1254 1852 inopiaque

216 1875 272 1946 tali
298 1899 382 1968 saepe
404 1889 510 1944 esseut
536 1861 733 1959 conflictati,
759 1875 835 1970 alga
867 1901 885 1944 e
913 1874 1011 1945 litore
1040 1875 1195 1965 collecta,
1221 1893 1255 1947 et

217 2020 303 2090 aqua
318 1992 409 2064 dulci
427 1992 536 2082 eluta,
556 2011 591 2065 et
610 1999 654 2066 ita
668 1997 830 2089 jumentis
847 1997 1068 2066 esurientibus
1086 1997 1188 2088 data,
1206 2001 1255 2066 vi·

216 2131 285 2184 tam
299 2139 413 2184 eorum
434 2116 671 2210 producebant„

263 2238 370 2304 XXV.
384 2239 477 2306 Dum
492 2237 562 2306 haec
574 2237 619 2306 ita
630 2237 763 2326 fierent,
778 2262 835 2307 rex
847 2238 948 2323 Juba,
965 2239 1105 2333 cognitis
1114 2239 1254 2308 Caesaris

216 2355 467 2426 difficultatibus
487 2357 724 2451 copiarumque
750 2360 936 2452 paucitate,
957 2383 1023 2426 non
1050 2372 1098 2427 est
1125 2358 1253 2440 visum,

217 2476 289 2544 dari
307 2478 451 2570 spatium
465 2474 735 2564 convalescendi,
749 2476 1039 2570 augendarumque
1055 2479 1126 2570 ejus
1140 2501 1253 2571 opum.

214 2600 350 2691 ltaque,
370 2599 567 2692 comparatis
586 2599 735 2691 equitum
753 2598 880 2690 magnis
900 2595 1115 2690 peditumque
1132 2598 1255 2690 copiis,

215 2719 364 2788 subsidio
385 2721 473 2806 suis,
488 2740 638 2809 egressus
656 2741 674 2785 e
694 2741 816 2811 regno,
835 2718 882 2785 ire
899 2717 1080 2785 contendit.
1099 2721 1135 2786 P.
1155 2719 1255 2788 Silius

217 2840 351 2908 interim
370 2852 403 2906 et
418 2862 476 2906 rex
495 2837 665 2922 Bocchus,
681 2836 869 2930 conjunctis
885 2838 952 2906 suis
974 2838 1100 2930 copiis,
1119 2840 1254 2934 cognito

163 3005 170 3019 ·
216 2959 303 3052 regis
326 2958 420 3026 lubae
451 2981 604 3050 egressu,
630 2958 767 3050 propius
796 2958 869 3050 ejus
891 2981 1031 3053 regnum
1050 2959 1161 3053 copias
1180 2983 1256 3028 suas

217 3077 407 3162 admovere,
427 3078 640 3169 Cirtamque,
658 3077 818 3171 oppidum
837 3079 1024 3178 ejuslregni
1044 3077 1255 3173 opulentissi-

217 3220 331 3279 mum,
350 3195 474 3284 adorti,
494 3197 606 3290 paucis
626 3195 741 3266 diebus
762 3196 941 3291 pugnando
955 3199 1110 3291 capiunt,
1126 3214 1160 3268 et
1175 3223 1257 3297 prae·

218 3332 307 3386 terea
333 3315 401 3384 duo
424 3315 548 3410 oppida
572 3314 805 3386 Gaetulorum:
827 3317 948 3413 quibus
972 3345 1076 3415 quum
1101 3299 1261 3393 conditio·

218 3463 294 3506 nem
313 3439 456 3522 ferrent,
475 3451 514 3505 ut
532 3435 657 3531 oppido
677 3439 894 3527 excederent,
915 3441 1014 3535 idque
1035 3443 1097 3511 sibi
1115 3468 1258 3512 vacuum

217 3559 445 3648 transderent,
456 3558 750 3654 conditionemque
761 3562 1006 3655 repudiassent,
1021 3578 1134 3657 postea
1154 3566 1195 3633 ab
1211 3565 1257 3634 eis

217 3681 307 3775 capti
317 3680 548 3774 interfectique
562 3697 639 3751 sunt
657 3705 783 3751 omnes.
795 3680 879 3750 lnde
895 3684 1082 3778 progressi,
1099 3707 1195 3778 agros
1204 3710 1260 3778 op·

217 3799 362 3894 pidaque
380 3827 499 3870 vexare
527 3827 594 3872 non
622 3801 792 3872 desistunt.
820 3803 952 3892 Quibus
977 3803 1076 3872 rebus
1101 3806 1259 3899 cognitis,

218 3919 320 4008 iuba,
340 3945 445 4014 quum
462 3924 530 4015 jam
551 3948 618 3992 non
637 3922 737 4018 longe
755 3923 796 3993 ab
815 3925 970 4019 Scipione
989 3938 1088 4016 atque
1108 3927 1179 4019 ejus
1199 3925 1260 3995 du·

218 4037 311 4107 cibus
329 4040 472 4125 abesset,
493 4043 581 4136 capit
599 4041 799 4131 consilium,
821 4044 923 4113 satius
943 4067 1030 4133 esse,
1051 4044 1114 4112 sibi
1134 4069 1259 4139 suoque

1084 4161 1137 4235 15.
