3062 4766
263 356 319 412 abo
420 359 449 412 C.
473 357 568 411 JULII
590 356 753 412 CAEsauts
775 351 1141 411 COMMENTARIORUM

262 484 362 552 etiam
383 507 441 575 per
461 507 495 549 se
515 480 744 550 discessionem
766 480 872 548 facerc
890 479 989 572 coepit
1015 474 1122 570 (quod
1146 499 1186 542 uc
1210 475 1302 542 fieret

263 601 412 672 consules
438 604 601 695 amicique
631 603 780 695 Pompeii
803 599 1005 694 jusserunt);
1033 613 1131 690 atque
1161 597 1207 664 ita
1232 620 1302 663 rem

262 721 467 790 moderando
485 722 714 791 discesserunt.

309 843 398 911 LIII.
427 845 591 937 Magnum
619 841 682 909 hoc
712 843 938 910 testimonium
968 852 1100 907 senatus
1129 851 1200 905 erat
1229 837 1304 904 uni-

262 966 364 1046 versi,
394 963 661 1054 conveniensque
686 962 850 1054 superiori
875 961 972 1030 facto.
1006 961 1093 1030 Nam
1125 955 1304 1026 Marcellus

263 1083 415 1174 proximo
439 1105 543 1166 anno,
569 1105 672 1174 quum
694 1081 907 1174 impugnaret
929 1079 1065 1147 Caesaris
1092 1077 1303 1170 dignitatem,

263 1215 380 1268 contra
403 1198 508 1293 legem
531 1200 681 1292 Pompeii
705 1214 737 1266 et
759 1199 868 1268 Crassi
893 1196 1050 1266 retulerat
1074 1211 1151 1264 ante
1175 1211 1305 1289 tempus

265 1317 307 1386 ad
324 1333 473 1387 senatum
494 1318 536 1386 de
554 1319 692 1410 Caesaris
715 1317 911 1411 provinciis3
935 1317 1171 1408 sententiisque
1191 1315 1304 1398 dictis,

264 1436 496 1507 discessionem
517 1438 656 1507 faciente
680 1435 858 1522 Marcello,
880 1438 937 1528 qui
959 1437 1020 1505 sibi
1040 1461 1172 1504 omnem
1198 1435 1306 1528 digni-

265 1573 366 1625 tatem
387 1583 427 1625 ex
447 1559 584 1628 Caesaris
603 1556 725 1626 invidia
742 1557 927 1649 quaerebat,
945 1572 1077 1626 senatus
1097 1556 1251 1649 frequens
1272 1558 1305 1623 in

265 1675 328 1745 alia
346 1679 457 1747 omnia
476 1678 614 1746 transiit.
635 1677 767 1766 Quibus
784 1701 852 1744 non
872 1676 1110 1772 frangebantur
1125 1678 1225 1744 animi
1242 1678 1306 1744 ini-

268 1800 428 1868 micorum
456 1799 609 1885 Caesaris,
630 1797 686 1866 scd
713 1797 979 1867 admonebantur
1002 1823 1070 1891 quo
1089 1799 1229 1891 majores
1250 1823 1307 1891 pa·

266 1934 379 1986 rarent
396 1916 668 2004 necessitudines,
685 1917 804 2010 quibus
817 1919 891 2012 cogi
909 1934 1018 2012 posset
1034 1934 1167 1987 senatus
1184 1919 1216 1987 id
1228 1943 1307 2013 ¹pro-

265 2027 345 2095 bare
361 2027 452 2119 quod
468 2029 531 2121 ipsi
546 2029 802 2097 constituissent.

317 2149 403 2215 LIV.
425 2148 479 2214 Fit
499 2144 618 2220 deinde
639 2149 670 2214 S.
689 2151 727 2216 C.
751 2161 788 2215 ut
808 2148 850 2216 ad
870 2147 993 2216 bellum
1010 2149 1202 2218 Parthicum
1221 2148 1307 2244 legio

271 2290 335 2333 una
353 2288 372 2332 a
387 2268 449 2335 Cn.
469 2268 643 2360 Pompeio,
661 2266 764 2336 altera
781 2293 800 2336 a
819 2272 856 2337 C.
875 2271 1002 2341 Caesare
1018 2270 1206 2337 mitteretur
1225 2296 1232 2336 ε
1251 2295 1309 2338 nc-

269 2411 334 2479 quc
353 2388 492 2458 obscure
518 2388 569 2461 hae
588 2387 660 2457 duae
682 2387 826 2483 legiones
851 2391 909 2458 uni
927 2391 1049 2458 Caesari
1072 2389 1306 2458 detrahuntur.

204 2550 207 2558 ·
267 2508 355 2576 Nam
375 2511 437 2576 Cn.
459 2510 635 2616 Pompeius
653 2507 815 2603 legionem
837 2510 994 2603 primam,
1013 2533 1113 2602 quam
1137 2509 1178 2578 ad
1199 2513 1307 2578 Caesa·

268 2655 338 2700 rem
357 2629 506 2715 miserat,
532 2627 715 2698 confectam
737 2654 777 2697 ex
801 2628 932 2697 delectu
954 2631 1134 2723 provincie
1153 2631 1308 2716 Caesaris,

166 2843 170 2848 ⁸
270 2775 343 2820 eam
358 2765 516 2844 tauquam
534 2775 573 2818 ex
590 2773 649 2818 suo
664 2774 803 2819 numero
818 2749 919 2817 dedit.
935 2752 1044 2821 Caesar
1061 2765 1188 2837 tamen,
1205 2775 1307 2842 quum

198 2874 202 2882 “
270 2871 310 2938 de
335 2869 506 2940 voluntate
532 2872 668 2938 minime
689 2869 828 2938 dubium
849 2885 934 2940 esset
949 2870 1213 2940 adversariorum
1230 2893 1307 2937 suo·

270 3013 361 3072 rum,
378 2992 440 3057 Cn.
456 2991 615 3082 Pompeio
633 2989 796 3085 legionem
812 2991 952 3074 remisit,
968 3005 1001 3058 et
1018 3015 1078 3060 suo
1096 2992 1231 3059 nominc
1247 3013 1308 3075 xv,

269 3107 422 3197 quamsin
441 3106 550 3176 Gallia
569 3111 721 3178 citeriore
739 3110 915 3196 habuerat,
932 3135 971 3178 ex
992 3114 1024 3179 S.
1043 3114 1081 3186 C,
1098 3111 1193 3204 jubet
1211 3109 1307 3178 tradi.

269 3229 308 3294 In
334 3225 404 3319 ejus
438 3223 546 3295 locum
569 3253 631 3297 xm
656 3227 819 3322 legionem
851 3232 883 3297 in
915 3229 1044 3300 Italiam
1078 3233 1201 3317 mittit,
1237 3255 1310 3323 quae

269 3346 420 3442 presidia
456 3362 589 3417 tueatur
626 3371 663 3416 cn
704 3351 823 3442 quibus
857 3349 1016 3444 presidiis
1050 3375 1095 3420 xv
1125 3351 1309 3422 deduceba-

272 3486 334 3538 tur.
364 3475 438 3565 Ipse
466 3471 622 3540 exercitui
654 3471 825 3540 distribuit
856 3473 1012 3559 hiberna,
1040 3473 1076 3542 C.
1106 3474 1309 3542 Trebonium

270 3617 346 3660 cum
371 3591 555 3686 legionibus
581 3613 616 3660 tv
643 3594 677 3660 in
705 3591 819 3686 Belgio
839 3590 994 3679 collocat3
1013 3597 1051 3662 C.
1073 3595 1212 3662 Fabium
1233 3619 1310 3664 cum

272 3711 408 3780 totidem
435 3713 468 3780 in
494 3713 615 3800 AEduos
638 3712 781 3782 deducit.
814 3713 867 3781 Sic
895 3715 983 3781 enim
1013 3715 1223 3784 existimabat
1260 3729 1311 3783 tu·

206 3813 210 3820 ⁴
270 3833 430 3900 tissimum
464 3831 533 3900 fore
570 3832 735 3918 Galliam,
770 3836 796 3901 si
827 3832 952 3928 Belgae,
990 3859 1133 3927 quorum
1167 3837 1312 3904 maxima

270 3951 389 4046 uirtus,
428 3966 460 4018 et
500 3952 612 4041 AEdui,
653 3978 793 4046 quorum
829 3956 1009 4024 auctoritas
1043 3980 1171 4024 summa
1210 3971 1311 4043 essct,
