3038 4766
272 414 326 470 118
420 415 450 469 C.
471 413 567 470 suut
588 412 754 468 obsutus
777 409 1144 467 countuttuattloltuu

317 541 469 607 XLVIII.
493 541 551 606 Est
568 539 666 606 etiam
697 561 800 630 genus
829 533 945 604 radicis
972 537 1139 602 inventum
1175 535 1216 604 ab
1248 537 1301 622 iis,

269 661 327 753 qui
345 659 475 727 fucrant
491 682 567 725 cum
585 656 735 743 Valerio,
754 655 843 749 quod
869 652 1055 748 appellatur
1072 655 1190 742 chara,
1212 655 1302 748 quod

270 777 451 846 admixtum
470 775 554 844 lacte
572 773 712 842 multum
737 774 881 866 inopiam
903 771 1043 841 levabat.
1069 773 1109 842 Id
1131 773 1173 841 ad
1190 773 1302 842 simili·

270 896 419 965 tudinem
430 896 523 989 panis
532 893 728 963 efficiebant.
741 893 820 984 Ejus
837 905 907 960 erat
925 915 1044 984 magna
1061 893 1164 986 copia.
1181 893 1303 962 Exhoc

270 1015 402 1084 effectos
419 1019 535 1108 panes',
550 1036 652 1106 quum
668 1013 701 1078 in
713 1009 884 1103 colloquiis
896 1013 1088 1105 Pompeiani
1108 1011 1225 1080 famem
1246 1037 1304 1080 no-

271 1135 346 1202 stris
358 1135 574 1226 objectarent,
594 1130 693 1225 vulgo
709 1133 742 1200 in
758 1129 1006 1224 eosjaciebant,
1025 1144 1061 1198 ut
1079 1155 1169 1224 spem
1188 1155 1303 1200 eorum

272 1254 466 1320 minuerent.

320 1373 439 1440 XLIX.
473 1375 610 1463 Jamque
645 1369 807 1439 frumenta
842 1384 1062 1438 maturescere
1085 1368 1303 1462 incipiebant,

271 1507 369 1583 atque
397 1490 467 1583 ipsa
490 1513 561 1582 spes
580 1489 724 1582 inopiam
749 1489 966 1573 sustentabat,
987 1487 1076 1581 quod
1101 1486 1248 1556 celeriter
1268 1514 1303 1557 se

271 1610 439 1678 habituros
454 1609 581 1701 copiam
601 1608 809 1677 confidebant
823 1633 830 1675 :
842 1607 1027 1700 crebraeque
1044 1632 1141 1676 voces
1160 1593 1302 1676 militu'nr

271 1731 305 1796 in
329 1727 446 1822 vigiliis
467 1725 701 1820 colloquiisque
723 1726 956 1810 audiebantur,
981 1755 998 1790 a
1014 1727 1104 1819 prius
1128 1751 1162 1794 se
1182 1729 1303 1796 cortice

272 1873 311 1914 cx
331 1846 502 1916 arboribus
523 1848 682 1930 victuros,
701 1870 800 1939 quam
819 1847 1013 1938 Pompeium
1039 1871 1058 1913 e
1078 1845 1230 1914 manibus
1251 1845 1302 1913 di·

270 1967 478 2034 missuros.»
503 1967 658 2034 Libenter
685 1966 780 2033 etiam
806 1989 846 2032 ex
870 1965 1016 2059 perfugis
1044 1965 1299 2058 cognoscebant,

272 2109 373 2176 equos
393 2108 506 2151 eorum
532 2087 585 2152 vix
615 2083 762 2170 tolerari,
789 2082 914 2177 reliqua
950 2109 1027 2152 vero
1048 2084 1197 2177 jumenta
1225 2085 1304 2153 intc-

272 2205 370 2286 risse3
391 2203 439 2270 uti
452 2217 561 2270 autem
583 2203 668 2296 ipsos
688 2201 875 2270 valetudiue
898 2227 965 2271 non
989 2203 1091 2289 bona,
1120 2227 1222 2296 quuur
1246 2229 1304 2272 an·

273 2318 387 2416 girstiis
402 2321 483 2405 loci,
503 2336 536 2388 ct
556 2321 656 2388 odore
682 2335 766 2389 tetro
789 2345 827 2389 ex
851 2320 1061 2390 multitudine
1087 2321 1303 2410 cadaverum,

272 2455 304 2508 et
328 2441 528 2533 quotidianis
546 2438 730 2526 laboribus,
756 2442 899 2509 insuetos
929 2461 1088 2533 operum,
1116 2454 1187 2509 turn
1213 2465 1304 2534 aquas

168 2553 170 2556 ⁵
272 2584 398 2627 sumina
432 2560 543 2653 inopia
559 2559 693 2627 affectos
731 2585 738 2626 :
773 2559 884 2628 omnia
909 2563 996 2630 enirn
1024 2560 1174 2647 flumina,
1204 2575 1303 2654 atque

271 2704 384 2748 omnes
397 2681 504 2766 rivos,
524 2681 581 2772 qui
602 2678 643 2748 ad
662 2703 753 2748 mare
770 2679 995 2773 pertinebant,
1013 2682 1122 2748 Caesar
1139 2696 1196 2749 aut
1212 2704 1305 2749 aver-

272 2812 377 2882 terat,
394 2813 451 2868 aut
469 2800 595 2893 magnis
614 2798 768 2891 operibus
789 2798 1004 2868 obstruxerat.
1029 2805 1137 2892 Atque
1156 2812 1192 2870 ut
1209 2815 1305 2868 erant

273 2913 345 2984 loca
364 2932 552 3005 montuosa,
571 2918 662 2986 etad
683 2943 798 3011 specus
816 2921 975 3011 angustiae
993 2918 1145 3004 vallium,
1166 2920 1224 2988 bas
1249 2942 1303 2988 su·

273 3033 367 3104 blicis
387 3037 557 3105 interram
577 3036 723 3106 demissis
742 3053 967 3131 praesepserat,
989 3053 1172 3132 terramque
1190 3063 1304 3134 agges-

274 3165 374 3236 serat,
394 3167 432 3220 ut
446 3179 565 3248 aquam
581 3158 796 3225 continerent.
814 3161 931 3251 Itaque
954 3155 1002 3226 illi
1026 3161 1207 3228 necessario
1234 3158 1305 3228 loca

275 3271 366 3362 sequi
386 3269 523 3341 demissa
545 3297 583 3342 ac
604 3273 778 3369 palustria,
798 3291 832 3343 et
854 3291 968 3368 puteos
996 3276 1122 3360 fodere,
1142 3278 1305 3372 cogeban-

276 3404 348 3456 tur:
364 3402 462 3480 atque
475 3390 563 3460 bunc
580 3390 724 3462 laborem
736 3395 777 3463 ad
789 3395 981 3488 quotidiana
993 3401 1094 3488 opera'
1112 3395 1277 3463 addebant
1295 3419 1303 3460 :

275 3508 331 3599 qui
361 3521 469 3574 tamen
498 3507 604 3579 fontes
628 3537 646 3580 a
671 3513 867 3606 quibusdam
890 3513 1048 3606 praesidiis
1073 3515 1209 3580 aberant
1231 3511 1305 3580 lon·

277 3627 363 3719 gius,
380 3640 412 3694 et
432 3625 578 3697 celeriter
595 3633 723 3702 aestibus
742 3632 980 3700 exarescebant.
999 3635 1043 3700 At
1059 3633 1193 3701 Caesaris
1210 3655 1305 3700 exer·

226 3795 231 3802 -
276 3746 360 3814 citus
379 3747 501 3838 optima
531 3745 713 3820 valetudiue
738 3771 930 3842 summaque
955 3775 1045 3842 aquae
1075 3752 1169 3845 copia
1191 3751 1307 3820 uteba·

279 3879 351 3949 tur;
377 3878 448 3930 tum
471 3881 670 3935 commeatus
696 3867 785 3934 omui
816 3893 933 3962 genere
958 3885 1074 3962 praeter
1103 3871 1306 3941 frumentum

278 3981 465 4051 abundabat
494 4008 501 4048 :
527 3984 645 4076 quibus
668 3987 813 4076 quotidie
841 3987 957 4058 melius
977 3990 1149 4060 succedere
1178 4007 1308 4086 ternpus
