3014 4780
302 389 361 450 238
482 393 513 448 C.
532 391 631 450 JULn
651 389 820 448 CAESARIS
839 389 1038 448 cotumnr.
1060 391 1172 446 LIBER

303 519 432 612 periore
452 513 524 584 loco
536 531 570 585 et
588 530 662 611 post
679 531 807 609 tergum
823 515 1060 602 circumventi,
1080 514 1273 609 fortiterque
1293 541 1359 584 re-

301 639 468 723 sistentes,
488 635 711 706 oonciduntur
734 637 889 706 universi.
911 634 1014 723 Quod
1033 635 1091 704 ubi
1110 633 1256 729 legiones
1274 637 1356 705 Sci·

301 759 428 852 pionis,
441 781 514 851 quae
526 781 587 851 pro
596 758 714 827 castris
722 770 816 826 mant
824 757 1009 842 instructae,
1018 754 1354 843 animadverterunt,

302 893 393 948 metu
409 902 448 947 ac
469 893 593 947 terrore
616 877 800 963 obmcatae,
819 877 975 946 omnibus
991 878 1095 971 portis
1109 878 1143 946 in
1160 901 1217 947 sua
1232 893 1351 946 castra

300 997 414 1092 fugere
433 1011 614 1091 coeperunt.
633 1000 768 1084 Postea,
783 997 938 1090 Scipione
952 998 1088 1090 ejusque
1103 997 1207 1089 copiis
1222 1021 1352 1090 campo

300 1117 504 1211 collibusque
523 1117 719 1204 exturbatis,
737 1130 836 1209 atque
851 1117 885 1184 in
903 1130 1009 1186 castra
1024 1114 1216 1210 compulsis,
1237 1141 1351 1209 quum

301 1238 448 1331 receptui
467 1240 575 1330 Caesar
596 1237 670 1306 cani
690 1237 855 1329 jussisset,
872 1237 1123 1328 equitatumque
1143 1261 1276 1304 omnem
1298 1239 1351 1304 in·

301 1373 438 1428 trasuas
450 1357 650 1426 munitiones
668 1357 860 1449 recepisset,
879 1381 996 1449 campo
1012 1371 1173 1452 purgato,
1191 1359 1350 1426 animad-

301 1481 400 1548 vertit
419 1477 557 1547 mirifica
577 1501 718 1572 corpora
736 1475 908 1547 Gallorum
927 1479 1259 1576 Germanorumque,
1282 1481 1346 1571 qni

302 1600 424 1692 partim
444 1599 514 1692 ejus
533 1598 763 1666 auctoritatem
776 1579 871 1665 erant
889 1621 930 1665 ex
949 1594 1059 1665 Gallia
1080 1599 1198 1683 secuti,
1216 1599 1345 1690 partim

301 1721 408 1814 pretio
427 1716 787 1814 pollicitationibusque
811 1716 945 1785 adducti
975 1715 1017 1785 ad
1042 1741 1116 1786 eum
1141 1741 1176 1785 se
1195 1717 1348 1786 contule-

300 1853 376 1908 rant
395 1865 405 1926 ;
426 1835 597 1916 nonnulli,
612 1837 670 1929 qui
691 1861 730 1904 ex
749 1837 905 1906 Curionis
924 1835 1039 1929 proelio
1056 1837 1143 1930 capti
1166 1861 1343 1906 conserva·

302 1959 395 2052 tique
413 1981 526 2051 parem
550 1957 690 2050 gratiam
711 1956 745 2024 in
768 1955 834 2025 lide
857 1956 1029 2050 partienda
1046 1972 1199 2050 prestare
1225 1956 1342 2027 volue-

303 2089 389 2144 rant.
417 2080 546 2145 Horum
567 2099 727 2171 corpora,
748 2075 883 2146 mirifica
903 2079 1012 2170 specie
1036 2076 1343 2171 amplitudineque,

303 2219 385 2266 caesa
400 2211 471 2266 toto
486 2220 605 2291 campo
622 2219 661 2266 ac
681 2211 846 2290 prostrata
863 2196 990 2266 diverse
998 2199 1164 2291 jacebant.

351 2320 441 2385 XLI.
460 2317 520 2385 His
537 2315 634 2384 rebus
651 2317 768 2410 gestis,
786 2331 918 2410 postero
937 2317 991 2386 die
1007 2321 1117 2388 Caesar
1132 2343 1172 2388 ex
1189 2319 1344 2388 omnibus

303 2436 461 2534 praesidiis
482 2437 634 2506 cohortes
660 2435 793 2523 eduxit,
814 2451 914 2530 atque
940 2461 1053 2506 omnes
1072 2463 1147 2508 suas
1172 2440 1283 2534 copias
1307 2441 1342 2507 in

304 2581 420 2651 campo
430 2558 595 2626 instruxit.
606 2558 810 2650 Scipio,suis
820 2556 904 2626 male
913 2560 1067 2652 acceptis,
1075 2559 1202 2642 occisis,
1211 2555 1344 2626 convul-

304 2679 508 2769 noratisque,
519 2679 607 2745 intra
618 2701 694 2746 suas
707 2679 875 2746 continere
887 2703 921 2745 se
937 2679 1138 2746 munitiones
1147 2681 1256 2772 coepit.
1272 2679 1342 2745 Cae·

304 2799 544 2886 sar,instructa
554 2798 624 2866 acie
635 2796 817 2866 secundum
831 2796 959 2866 infimas
967 2797 1040 2891 jugi
1054 2797 1194 2884 radices,
1208 2798 1341 2892 propius

304 2918 504 2986 munitiones
521 2915 638 2984 leniter
651 2918 797 2984 accessit.
816 2919 954 3009 Jamque
967 2918 1075 2984 miuus
1087 2916 1177 2986 inille
1187 2941 1339 3010 passuum

303 3039 344 3106 ab
363 3037 486 3131 oppido
506 3037 623 3123 Uzita,
640 3034 732 3129 quod
748 3037 858 3130 Scipio
873 3036 1026 3123 tenebat,
1042 3037 1181 3104 aberant
1199 3036 1341 3130 legiones

302 3155 460 3243 Julianae,
480 3179 582 3248 quum
603 3157 734 3248 Scipio,
758 3157 899 3241 veritus,
919 3180 961 3224 ne
976 3154 1135 3250 oppidum
1157 3157 1340 3242 amitteret,

303 3274 393 3344 unde
418 3277 534 3368 aquari
559 3273 761 3370 reliquisque
787 3276 885 3345 rebus
907 3274 1071 3344 sublevari
1089 3277 1160 3368 ejus
1177 3276 1339 3343 exercitus

305 3410 496 3480 consuerat,
517 3394 644 3465 eductis
663 3397 817 3465 omnibus
836 3397 954 3489 copiis,
972 3393 1178 3488 quadruplici
1200 3392 1269 3459 acie
1289 3391 1337 3456 in·

304 3529 429 3584 structa
439 3539 477 3584 ex
490 3518 712 3586 institutosuo
721 3567 730 3602 ,
740 3517 846 3610 prima
857 3515 999 3606 equestri
1014 3513 1184 3580 turmatim
1196 3509 1339 3594 directa,

304 3635 556 3731 elephantisque
577 3639 703 3706 turritis
722 3636 922 3730 interpositis
941 3633 1158 3722 armatisque,
1177 3631 1340 3724 suppetias

305 3758 353 3824 ire
365 3756 546 3825 contendit.
566 3755 669 3845 Quod
686 3757 742 3826 nbi
759 3758 870 3824 Caesar
882 3749 1134 3832 animadvertit,
1147 3751 1339 3839 arbitratus,

305 3877 492 3968 Scipionem
517 3877 558 3945 ad
579 3877 803 3948 dimicandum
825 3887 979 3968 paratum
1002 3869 1044 3940 ad
1067 3895 1102 3940 se
1122 3885 1214 3940 certo
1234 3873 1339 3940 animo

297 3994 431 4082 uenire,
451 3999 485 4065 in
505 4021 545 4066 eo
557 3996 648 4087 loco,
668 4019 734 4092 quo
754 3993 852 4090 paulo
879 4009 957 4063 ante
976 3992 1250 4080 commemoravi,
1271 4002 1340 4057 ante
