3068 4772
277 387 330 470 aar
447 389 1125 446 n.suurcassamscosrnmnr.n1nnn

151 599 153 605 s
273 511 460 598 decederet,
488 536 592 602 neve,
617 512 833 606 occupatione
857 509 933 581 belli
959 509 1084 598 civilis,
1110 507 1222 605 populi
1250 535 1305 580 ro-

273 634 362 710 mani
375 633 430 726 jus
448 632 715 726 majestatemque
735 645 886 703 tentaret
907 634 1001 721 Hanc
1017 628 1302 700 denuntiationem

272 773 376 845 quum
401 749 559 846 majorem
578 752 645 821 vim
670 745 856 820 babituram
874 749 1091 838 existimaret,
1117 749 1146 818 si
1167 750 1302 842 propius

242 882 243 885 ’
273 893 327 938 eas
340 871 491 963 regiones
511 895 586 940 cum
607 871 749 940 exercitu
768 869 971 957 accessisset,
990 867 1033 937 ad
1058 867 1205 962 legiones
1223 893 1302 964 pro·

271 987 392 1076 lectus,
404 1013 505 1059 unam
518 1013 556 1058 ex
573 989 678 1059 tribus
697 989 891 1058 tricesimam
909 1003 1033 1057 sextam
1058 1013 1168 1060 secum
1185 987 1300 1072 ducit,

269 1107 353 1178 duas
371 1110 403 1177 in
423 1110 600 1203 AEgyptum
619 1107 661 1178 ad
680 1111 841 1178 Caesarem
864 1109 980 1196 mittit,
1001 1106 1117 1177 litteris
1133 1107 1204 1201 ejus
1221 1132 1299 1178 ero·

270 1239 359 1296 catas
376 1254 383 1294 :
399 1251 538 1320 quarum
554 1225 654 1296 altare
676 1229 710 1296 in
725 1225 814 1297 bello
830 1225 1040 1296 alexandrino
1054 1250 1122 1297 non
1138 1230 1298 1315 occurrit,

270 1343 361 1438 quod
389 1347 507 1415 itinere
529 1347 674 1414 terrestri
693 1369 753 1446 per
773 1347 897 1440 Syriam
915 1359 987 1415 erat
1009 1346 1116 1416 missa.
1138 1343 1298 1442 Adiungit

270 1466 330 1534 Cn.
346 1467 511 1538 Domitius
527 1464 648 1560 legioni
665 1489 773 1536 xxxva
788 1465 869 1536 duas
888 1465 930 1533 ab
954 1465 1126 1560 Dejotaro,
1145 1465 1297 1560 quasilla

270 1581 440 1678 disciplina
458 1597 556 1678 atque
572 1600 738 1656 armatura
758 1599 870 1654 nostra
888 1582 1070 1679 complures
1096 1609 1199 1656 annos
1223 1609 1297 1655 oon·

268 1702 399 1772 stitutas
423 1704 584 1791 habebat,
616 1707 805 1798 equitesque
835 1717 967 1775 rentum
992 1727 1000 1771 ε
1027 1703 1227 1798 totidemque
1253 1705 1297 1773 ab

268 1821 487 1892 Ariobarzane
503 1825 612 1892 sumit.
632 1823 736 1892 Mittit
752 1825 787 1892 P.
808 1823 955 1893 Sentium
972 1820 1015 1890 ad
1031 1825 1068 1893 C.
1085 1821 1294 1912 Platorium,

268 1955 483 2033 questorem,
503 1958 541 2010 nt
557 1940 720 2036 legionem
738 1941 933 2027 adduceret,
951 1965 1025 2036 queo
1051 1963 1090 2010 ex
1116 1941 1293 2013 tumultua-

267 2059 325 2126 riis
344 2058 504 2132 militibus
523 2063 557 2128 in
575 2064 681 2130 Ponto
703 2051 848 2130 confecta
861 2073 951 2144 erat,
963 2060 1211 2155 Quinctumqne
1230 2064 1294 2132 Pa·

136 2229 142 2238 .
237 2275 239 2283 Α
267 2179 378 2248 tisium
405 2181 439 2248 in
468 2179 616 2251 Ciliciam
634 2178 676 2248 ad
709 2177 830 2248 auxilia
853 2179 1054 2250 arcessenda.
1077 2180 1161 2267 Quae
1189 2181 1292 2274 copiae

266 2297 416 2368 celeriter
429 2323 542 2367 omnes
551 2299 644 2392 jussu
660 2300 797 2367 Domitii
818 2301 962 2368 Comana
979 2313 1212 2369 convenerunt.

313 2419 454 2487 XXXV.
472 2419 607 2486 Interim
624 2417 721 2512 legati
736 2441 755 2486 a
769 2417 938 2486 Pharnace
952 2437 1106 2512 responsa
1120 2417 1263 2488 referunt
1283 2445 1292 2487 :

266 2534 505 2630 «Cappadocia
523 2560 558 2604 se
581 2535 771 2622 decessisse,
800 2536 986 2605 Armeniam
1016 2537 1175 2606 minorem
1204 2561 1292 2606 rece·

265 2654 366 2748 pisse,
385 2677 484 2746 quam
502 2668 639 2747 paterno
660 2656 793 2754 nomine
808 2654 882 2747 jure
902 2653 1049 2723 obtinere
1068 2652 1215 2739 deberet3
1240 2655 1294 2724 de·

266 2773 367 2865 nique
381 2773 449 2866 ejus
466 2774 674 2866 regni‘causa
691 2774 818 2866 integra
835 2773 955 2842 Caesari
972 2787 1159 2866 ¹servaretur
1174 2797 1183 2842 ε
1201 2797 1295 2868 para·

266 2903 336 2959 tum
353 2891 439 2960 euim
455 2915 490 2960 se
505 2891 626 2976 lacere,
645 2889 734 2984 quod
753 2892 780 2959 is
796 2892 969 2960 statuisset.
988 2919 1005 2954 n
1031 2893 1092 2961 Cn.
1113 2891 1293 2977 Domitius,

266 3033 368 3102 quum
385 3007 673 3095 animadverteret,
695 3033 771 3078 eum
788 3009 997 3103 Cappadocia
1013 3009 1204 3096 decessisse,
1225 3033 1292 3078 non

265 3126 434 3196 voluntate
450 3126 643 3213 adductum,
664 3127 723 3196 sed
740 3129 944 3213 necessitate,
970 3129 1060 3221 quod
1082 3127 1211 3199 facilius
1232 3133 1294 3198 Ar·

265 3247 408 3315 mentam
424 3244 598 3314 defendere
615 3247 940 3340 posset,=subjectam
965 3271 1025 3316 suo
1054 3272 1171 3341 regno,
1194 3271 1292 3341 qnam

265 3362 522 3458 Cappadociam,
542 3363 671 3459 longius
688 3379 862 3453 remotam,
880 3366 1033 3460 quodque
1047 3391 1158 3436 omncs
1171 3381 1236 3435 tres
1251 3365 1295 3435 le·

265 3483 378 3578 giones
389 3482 608 3553 adducturum
622 3485 807 3554 Domitium
826 3499 969 3579 putasset
986 3485 1046 3580 (ea
1060 3487 1293 3579 quibusquam

265 3625 291 3672 rr
308 3601 350 3670 ad
370 3605 529 3673 Caesarem
557 3604 669 3672 missas
696 3600 855 3690 audisset,
886 3604 1041 3674 audacius
1072 3606 1106 3674 in
1137 3607 1293 3675 Armenia

265 3720 492 3817 substitisset),
511 3745 719 3817 perseverare
740 3725 852 3817 coepit,
874 3753 890 3788 a<
914 3739 951 3792 ut
974 3748 1014 3792 eo
1035 3747 1166 3817 quoque
1190 3747 1293 3819 regno

265 3839 436 3910 decederet
451 3867 459 3908 ε
474 3865 581 3934 neque
596 3843 684 3909 enim
698 3839 787 3910 aliud
798 3843 851 3935 jus
865 3867 935 3912 esse
946 3841 1179 3937 Cappadociae,
1193 3857 1293 3934 atque

264 3960 424 4030 Armenias
446 3985 453 4028 :
479 3985 539 4028 nec
558 3961 645 4052 juste
667 3983 742 4028 eum
763 3959 939 4054 postulare,
963 3975 1000 4030 ut
1021 3963 1055 4030 in
1078 3963 1212 4031 Caesaris
1232 3961 1292 4029 ad·
