3060 4768
298 391 353 456 286
474 403 506 458 C.
525 401 623 458 JULII
643 402 811 460 CAESARIS
830 403 1027 460 COMMENT.
1049 407 1160 462 LIBER

297 529 395 622 sugit,
417 541 449 596 et
470 529 650 616 nuntiavit,
671 553 738 622 quo
764 527 817 597 die
843 543 992 621 equestre
1019 528 1170 624 proelium
1204 530 1327 600 sactum

241 670 245 678 ’
297 663 397 736 esset,
425 673 485 718 suo
517 650 611 743 signo
639 649 759 741 perisse
786 648 935 718 homines
960 673 1070 734 xxxv,
1101 673 1206 743 neque
1229 647 1328 720 licere

296 771 410 840 castris
428 773 491 840 Cn.
512 769 659 863 Pompeii
675 771 839 856 nuntiari,
854 793 960 862 neque
976 769 1063 856 dici,
1079 771 1200 862 perisse
1217 795 1329 863 quem·

297 915 406 983 quam.
433 893 573 978 Servus,
602 889 695 981 cujus
721 889 872 957 dominus
900 889 931 956 in
959 891 1095 960 Caesaris
1117 890 1231 958 castris
1253 891 1329 960 luis·

297 1025 358 1097 set,
372 1033 574 1102 uxoremque
588 1023 621 1078 et
637 1005 742 1076 lilium
759 1009 792 1076 in
809 1006 933 1101 oppido
951 1007 1140 1100 reliquerat,
1159 1009 1329 1078 dominum

296 1130 476 1227 jugulavit,
504 1131 602 1198 etita
631 1127 715 1196 clam
738 1150 758 1195 a
784 1129 918 1197 Caesaris
944 1126 1101 1226 praesidiis
1127 1129 1159 1195 in
1181 1130 1330 1221 Pompeii

298 1267 403 1321 castra
435 1251 605 1336 discessit,
636 1263 669 1317 et
697 1247 856 1316 indicium
890 1247 1010 1341 glande
1037 1249 1196 1342 scriptum
1221 1252 1330 1336 misit,

299 1394 358 1463 per
381 1368 470 1462 quod
490 1371 610 1438 certior
637 1367 729 1437 fieret
753 1370 877 1455 Cesar,
900 1393 972 1461 quae
999 1369 1034 1436 in
1063 1369 1186 1463 oppido
1213 1370 1255 1439 ad
1274 1370 1330 1438 de-

298 1486 498 1557 fendendum
516 1501 794 1579 compararentur.
813 1489 888 1574 lta,
913 1485 1028 1556 litteris
1048 1491 1210 1581 acceptis,
1227 1514 1329 1582 quum

192 1659 202 1674 .
300 1611 334 1678 in
358 1607 518 1702 oppidum
545 1609 770 1694 revertissent,
802 1607 858 1700 qui
885 1608 1016 1676 mittere
1042 1605 1194 1702 glandem
1216 1610 1331 1680 inscri-

213 1761 218 1770 ,
301 1743 390 1824 ptam
419 1725 586 1811 solebant,
606 1727 789 1818 insequenti
819 1739 965 1822 tempore
993 1724 1060 1795 dno
1089 1729 1240 1797 Lusitani
1265 1727 1330 1797 fra·

301 1863 367 1918 taos
385 1847 561 1941 transfugae
578 1847 791 1931 nuntiarunt,
814 1869 913 1938 quam
939 1847 1111 1940 Pompeius
1138 1850 1331 1916 concionem

302 1967 489 2055 habuisset,
517 1966 702 2059 «quoniam
725 1964 848 2058 oppido
875 1962 1021 2034 subsidio
1042 1989 1108 2034 non
1137 1983 1245 2060 posset
1274 1991 1332 2036 ve·

302 2087 394 2170 nire,
413 2099 514 2153 noctu
538 2108 578 2152 ex
593 2082 854 2152 adversariorum
877 2098 1054 2176 conspectu
1079 2107 1113 2152 se
1132 2083 1333 2154 deducerent

302 2204 342 2273 ad
365 2227 455 2271 mare
471 2225 620 2271 versum:
638 2229 655 2265 a
672 2225 775 2270 unum
794 2201 1016 2294 respondisse,
1029 2233 1046 2267 a
1057 2217 1096 2271 ut
1112 2204 1221 2297 potius
1231 2203 1271 2272 ad
1282 2204 1332 2273 di·
1360 2231 1365 2240 ·

303 2322 490 2393 micandum
517 2321 763 2408 descenderent,
790 2345 888 2414 quam
915 2324 1045 2416 signum
1075 2324 1159 2416 fugae
1184 2323 1333 2393 ostende·

303 2455 377 2512 rent
396 2466 403 2508 :
425 2469 442 2504 a
458 2465 551 2528 eum,
571 2440 628 2533 qui
648 2443 694 2509 ita
717 2438 846 2510 locutus
866 2455 967 2526 esset,
989 2440 1187 2534 jugulatum.
1208 2443 1332 2512 Εοάειη

304 2573 450 2652 tempore
469 2556 627 2629 tabellarii
645 2560 715 2654 ejus
730 2560 938 2653 deprehensi,
955 2561 1012 2653 qui
1042 2559 1085 2628 ad
1101 2561 1259 2655 oppidum
1276 2587 1333 2630 vc·

304 2679 456 2762 aiebant,
472 2705 611 2772 quorum
634 2680 757 2748 litteras
784 2683 891 2750 Cesar
917 2679 1089 2773 oppidanis
1117 2681 1256 2773 objecit,
1284 2695 1332 2772 et,

302 2801 361 2891 qui
379 2800 479 2868 vitam
497 2799 558 2868 sibi
576 2813 720 2891 peteret,
739 2800 835 2891 jussit
849 2813 974 2868 turrem
993 2798 1136 2893 ligneam
1150 2799 1332 2894 oppidano·

303 2941 379 2986 rum
394 2917 567 2987 incendere
582 2941 591 2986 a
606 2916 638 2986 id
655 2920 682 2986 si
697 2917 843 3004 fecisset,
861 2919 892 2987 ei
908 2941 943 2986 se
961 2919 1113 3011 promisit
1131 2920 1240 2988 omnia
1255 2943 1335 2988 con·

304 3061 483 3106 cessurum.
502 3035 602 3124 Quod
622 3035 755 3105 difficile
771 3049 839 3104 crat
856 3035 963 3123 lactu,
978 3051 1015 3108 ut
1032 3061 1104 3106 eam
1123 3053 1246 3106 turrem
1264 3038 1335 3106 sine

305 3155 452 3250 periculo
471 3158 543 3248 quis
562 3156 761 3225 incenderet.
779 3159 828 3224 lta
846 3156 993 3225 facturus
1022 3157 1062 3225 de
1093 3155 1206 3251 ligno,
1229 3181 1336 3250 quum
1435 3233 1438 3238 ,

307 3275 442 3367 propius
452 3275 654 3361 accessisset,
664 3275 705 3344 ab
718 3273 892 3368 oppidanis
904 3289 952 3344 est
961 3275 1094 3343 occisus.
1102 3275 1225 3344 Eadem
1239 3289 1337 3344 nocte

304 3391 476 3487 transfuga
492 3395 678 3481 nuntiavit,
693 3395 887 3487 Pompeium
907 3409 940 3463 et
957 3393 1140 3464 Labienum
1154 3393 1195 3462 de
1204 3393 1338 3487 jugula-

304 3512 396 3580 tione
413 3512 652 3605 oppidanorum
669 3513 856 3608 indignatos
870 3537 949 3581 esse.

355 3634 447 3702 xlx.
469 3631 591 3726 Vigilia
605 3633 746 3702 secunda
761 3647 895 3726 propter
924 3631 1166 3702 multitudinem
1193 3629 1338 3700 telorum

307 3751 408 3820 turris
427 3750 550 3845 lignea,
565 3775 638 3845 quae
655 3765 763 3821 nostra
783 3751 911 3836 luisset,
929 3749 971 3818 ab
1002 3753 1069 3820 imo
1099 3752 1214 3820 vitium
1239 3751 1340 3838 lecit,

308 3893 412 3963 usque
434 3869 476 3938 ad
493 3870 676 3942 tabulatum
690 3866 880 3950 ¹secundum
898 3884 933 3938 et
950 3874 1092 3940 tertium.
1111 3870 1236 3940 Eodem
1256 3885 1343 3940 tem·

308 4013 389 4082 pore
407 4013 468 4082 pro
484 4013 580 4058 muro
597 3991 779 4084 pugnatum
794 3989 973 4076 acerrime,
987 4005 1018 4059 et
1038 3992 1155 4058 turrim
1168 4004 1341 4077 nostram,
