3048 4770
484 392 534 446 DE
554 392 674 447 BELLO
696 390 857 448 GALLICO
878 393 945 448 LlB.
964 395 985 448 1.
1218 390 1254 460 Ξῖ

220 520 319 587 misit.
337 522 389 587 Ita
412 518 516 584 nostri
532 520 651 586 acriter
670 519 704 584 in
720 517 845 603 hostes,
865 518 958 612 signo
979 516 1072 602 dato,
1095 519 1255 610 impetum

219 638 391 722 fecerunt3
414 638 526 728 itaque
548 637 658 706 hostes
682 651 817 730 repente
843 634 1059 728 celeriterque
1086 660 1257 729 procurre·

221 771 317 844 runt,
335 771 373 825 ut
388 756 531 849 spatium
549 756 615 849 pila
631 759 665 824 in
681 757 792 825 hostes
810 754 1007 848 conjiciendi
1025 778 1092 823 non
1112 754 1256 839 daretur,

222 877 364 969 Rejectis
384 873 477 968 pilis,
500 875 650 944 cominus
677 874 794 970 gladiis
818 890 1003 970 pugnatum
1024 888 1083 944 est.
1105 878 1147 944 At
1172 876 1258 943 Ger-

224 996 329 1080 mani,
346 991 498 1062 celeriter
512 1019 553 1063 ex
570 995 807 1080 consuetudine
828 1019 886 1062 sua
903 992 1067 1088 phalange
1083 994 1183 1080 facta,
1201 993 1259 1060 im·

221 1126 316 1206 petus
341 1111 529 1206 gladiorum
561 1129 769 1208 exceperunt.
798 1115 935 1207 Reperti
964 1128 1041 1182 sunt
1070 1112 1258 1208 complures

220 1232 324 1328 nostri
342 1230 479 1320 milites,
495 1235 557 1326 qui
573 1235 608 1301 in
627 1232 806 1327 phalangas
828 1232 1009 1320 insilirent,
1026 1247 1061 1300 et
1076 1248 1169 1306 scuta
1189 1257 1260 1302 ma-

220 1350 317 1418 nibus
328 1349 541 1438 revellerent,
553 1367 586 1421 et
598 1352 740 1445 desuper
749 1351 973 1420 vulnerarent.
984 1353 1099 1440 Quum
1110 1353 1258 1422 hostium

219 1470 304 1538 acies
319 1494 339 1538 a
354 1471 486 1541 sinistro
503 1495 608 1540 cornu
628 1470 723 1566 pulsa
738 1472 888 1564 atqueiu
904 1470 1017 1565 fugam
1033 1495 1191 1540 conversa
1208 1497 1259 1539 es-

220 1603 286 1678 set,
301 1614 319 1657 a
338 1589 454 1662 dextro
465 1615 570 1662 cornu
582 1591 797 1672 vehementer
811 1589 1026 1660 multitudine
1039 1613 1175 1660 suorum
1187 1616 1259 1659 nos·

221 1724 305 1778 tram
317 1711 421 1779 aciem
434 1711 638 1803 premebant.
653 1709 693 1776 Id
705 1734 808 1802 quum
817 1709 1106 1779 animadvertisset·
1118 1714 1153 1778 P.
1166 1714 1260 1780 Cras·

219 1854 289 1914 sus,
311 1828 512 1916 adolescens,
533 1831 591 1922 qui
612 1829 761 1921 equitatu
782 1844 939 1921 praerat,
966 1829 1056 1922 quod
1077 1829 1261 1922 expeditior

220 1964 304 2038 erat,
316 1974 416 2042 quam
428 1950 477 2036 hi,
487 1949 544 2042 qui
556 1950 642 2017 inter
652 1950 755 2018 aciem
765 1948 999 2036 versabantur,
1012 1951 1144 2018 tertiam
1154 1951 1259 2018 aciem

220 2070 446 2140 laborantibus
462 2072 582 2140 nostris
598 2071 744 2140 subsidio
762 2072 860 2140 misit.

269 2194 356 2260 LIII.
374 2194 427 2260 lta
442 2190 595 2284 proelium
612 2193 804 2262 restitutum
822 2207 887 2278 est,
903 2207 1002 2285 atque
1020 2215 1133 2260 omnes
1150 2193 1260 2260 hostes

221 2325 314 2406 terga
324 2325 516 2396 verterunt,
529 2336 637 2404 neque
648 2313 740 2406 prius
754 2312 868 2406 fugere
881 2312 1096 2394 destiterunt,
1106 2335 1205 2404 quam
1219 2312 1261 2379 ad

221 2429 344 2497 llumen
358 2429 513 2498 Rhenum
528 2428 631 2498 millia
649 2454 805 2523 passuum
821 2455 861 2498 ex
877 2455 916 2498 eo
934 2428 1006 2499 loco
1021 2431 1155 2499 circiter
1164 2431 1261 2524 quin-

220 2549 378 2642 quaginta
409 2562 640 2641 pervenerunt.
668 2549 719 2617 lbi
743 2551 900 2643 perpauci
917 2564 977 2617 ant
997 2551 1122 2618 viribus
1145 2548 1260 2618 conlisi

223 2682 428 2735 transnatare
446 2667 706 2752 contenderunt,
725 2682 783 2734 aut
803 2666 957 2736 lintribus
973 2669 1116 2736 inventis
1133 2669 1195 2735 sibi
1212 2681 1262 2736 s'a-

221 2784 326 2853 lutem
345 2800 547 2878 repererunt.
565 2789 603 2854 ln
623 2786 674 2854 his
689 2785 752 2854 suit
769 2786 970 2871 Ariovistus,
986 2787 1059 2879 qui,
1074 2784 1261 2858 naviculam

220 2902 399 2998 deligatam
415 2903 458 2971 ad
470 2905 577 2996 ripam
590 2919 721 2991 nactus,
738 2929 776 2971 ea
792 2902 938 2998 profugit
959 2930 967 2971 :
984 2901 1129 2997 reliquos
1145 2930 1260 2975 omnes

221 3027 391 3094 consecuti
404 3025 531 3117 equites
545 3024 649 3091 nostri
661 3022 906 3092 interfecerunt.
922 3026 1006 3093 Duae
1018 3025 1153 3093 fuerunt
1167 3028 1261 3102 Ario·

220 3147 296 3213 visti
305 3169 507 3229 uxores,una
516 3146 624 3210 Sueva
634 3141 779 3229 natione,
786 3166 885 3234 quam
895 3141 1109 3212 domosecum
1119 3145 1261 3215 adduxe-

221 3279 290 3349 rat;
307 3261 410 3331 altera
426 3265 563 3348 Norica,
580 3263 666 3356 regis
679 3261 838 3344 Voeionis
854 3285 963 3347 soror,
979 3287 1078 3355 quam
1097 3264 1131 3330 in
1151 3263 1261 3332 Gallia

221 3385 373 3472 duxerat,
391 3410 408 3453 a
427 3384 528 3452 fratre
544 3384 677 3450 missam
693 3408 700 3449 :
719 3396 866 3475 utraequc
884 3385 971 3450 inea
988 3383 1064 3476 luga
1080 3385 1258 3476 perierunt.

221 3508 305 3574 Duae
318 3503 392 3572 filiae
406 3505 543 3587 harum,
559 3500 660 3569 altera
676 3503 797 3579 occisa,
811 3501 913 3570 altera
930 3517 1025 3594 capta
1040 3516 1097 3570 est.
1110 3505 1148 3570 C.
1161 3503 1260 3573 Vale-

220 3628 290 3696 rius
312 3620 493 3710 Procillus,
515 3646 617 3715 quum
634 3645 654 3688 a
670 3620 860 3689 custodibus
878 3623 912 3688 in
927 3621 1006 3716 luga
1022 3623 1116 3688 trinis
1135 3625 1260 3692 eatenis

220 3762 351 3816 vinctus
373 3745 574 3826 traheretur,
596 3742 629 3808 in
653 3742 760 3834 ipsum
779 3743 959 3826 Caesarenr,
981 3742 1091 3811 hostes
1111 3745 1260 3835 equitatu

222 3877 489 3958 persequentem,
511 3861 638 3930 incidit.
657 3863 741 3949 Quae
760 3861 893 3953 quidem
911 3885 963 3929 res
982 3863 1100 3932 Caesari
1116 3888 1185 3931 non
1202 3864 1262 3932 mi-

224 4009 357 4068 norem,
381 4007 480 4076 quam
508 3983 577 4074 ipsa
600 3982 754 4065 victoria,
781 3978 983 4072 voluptatem
1013 3985 1144 4071 attulit,
1172 3982 1260 4074 quod
