3096 4762
474 383 526 438 llll
548 381 668 438 selbo
688 374 851 440 datum
871 383 939 440 Llll.
958 384 1008 438 111.
1226 403 1259 454 7¹

225 507 328 575 nostri
346 509 533 594 consecuti,
549 531 707 602 magnum
722 531 899 576 numerum
921 531 1037 576 eorum
1054 507 1262 593 occiderunt,

224 623 367 718 reliquos
388 628 515 718 equites
536 627 733 712 consectati,
757 651 898 721 paucos,
920 629 981 720 qui
1002 627 1136 721 exsuge
1154 652 1265 698 evase-

225 760 319 834 rant,
339 745 556 841 reliquerunt.
577 750 632 820 Sic
652 775 721 820 uno
742 767 895 845 tempore
911 768 943 821 et
963 755 1004 822 de
1025 751 1133 821 navali
1153 778 1266 848 pugna

224 866 382 955 Sabinus,
397 883 430 938 et
443 865 485 936 de
496 868 612 938 Sabim
626 871 765 942 victorie
780 874 890 942 Ceser
904 875 1027 942 certior
1043 872 1148 942 lactus
1163 898 1170 940 :
1189 874 1267 942 civi·

227 999 376 1079 tatesque
386 1011 502 1058 omnes
519 1015 553 1059 se
567 992 679 1060 stetim
692 992 822 1061 Titurio
833 989 1040 1062 dediderunt.
1055 995 1158 1078 Nam,
1170 1007 1209 1060 ut
1225 992 1265 1060 ad

226 1103 311 1172 bella
335 1109 542 1201 suscipienda
559 1109 735 1181 Gallorum
755 1109 863 1182 alacer
883 1135 922 1179 ac
941 1125 1117 1206 promptus
1130 1126 1179 1180 est
1194 1113 1267 1180 aoi-

226 1247 317 1312 mus,
334 1228 382 1294 sic
398 1224 507 1296 mollis
527 1253 566 1298 ac
587 1231 723 1300 minime
742 1231 894 1300 resistens
909 1233 951 1299 ad
970 1230 1172 1305 calamitates
1191 1255 1268 1324 per-

226 1343 376 1414 ferendas
393 1370 486 1416 mens
501 1371 618 1418 eorum
630 1365 688 1419 est
780 1439 782 1446 Α

276 1467 350 1534 XX.
370 1467 497 1536 Eodem
514 1469 583 1539 lere
604 1487 755 1572 tempore
770 1475 806 1542 P.
824 1478 977 1556 Crassus,
993 1495 1098 1568 quum
1114 1473 1148 1539 in
1166 1472 1269 1565 Aqui-

228 1587 350 1657 taniam
370 1604 584 1680 pervenisset,
600 1615 673 1684 que
690 1617 784 1686 pars,
800 1607 836 1662 ut
852 1607 928 1662 ante
947 1591 1072 1660 dictum
1089 1605 1154 1677 cst,
1171 1605 1205 1659 et
1221 1615 1270 1658 re-

226 1706 365 1800 gionum
389 1706 581 1796 latitudine,
606 1725 640 1778 et
659 1713 873 1780 multitudine
896 1711 1085 1797 bominum,
1111 1734 1151 1776 ex
1174 1712 1270 1778 tertia

229 1842 323 1919 parte
348 1826 466 1896 Gallice
493 1841 543 1896 est
571 1830 778 1918 aestirnmda,
803 1853 907 1925 quum
939 1827 1136 1923 intelligeret
1159 1829 1193 1896 in
1219 1830 1270 1898 bis

229 1944 311 2028 locis
323 1947 386 2016 sibi
400 1945 525 2026 bellurn
541 1949 740 2043 gerendum,
752 1951 809 2018 ubi
825 1951 939 2044 paucis
951 1963 1028 2018 ente
1043 1950 1139 2016 annis
1153 1952 1191 2016 L.
1207 1953 1271 2018 Va-

230 2065 331 2136 lenus
357 2071 567 2140 Praeconinus
598 2067 740 2163 legatus,
768 2069 915 2138 exercitu
941 2071 1053 2164 pulso,
1077 2065 1270 2137 interfectus

229 2200 328 2272 esset,
354 2202 453 2284 etque
480 2189 569 2258 unde
598 2192 636 2258 L.
660 2187 797 2258 Mallius
822 2187 1000 2282 proconsul
1025 2187 1273 2281 impedimentis

230 2307 358 2376 amissis
377 2307 593 2402 profugisset,
612 2331 680 2377 non
697 2307 897 2376 mediocrem
913 2309 974 2376 sibi
994 2305 1199 2400 diligentiam
1214 2304 1271 2375 ad-

229 2425 407 2499 hibendum
427 2426 644 2523 intelligebat.
668 2429 800 2522 ltaque,
823 2451 859 2495 re
883 2427 1099 2496 frumentaria
1123 2427 1270 2519 provisa,

230 2544 361 2616 auxiliis
389 2551 605 2640 equitatuque
632 2563 839 2644 comparato,
868 2546 982 2614 multis
1007 2560 1165 2638 preterea
1194 2547 1273 2610 viris

232 2665 374 2734 sortibus
383 2665 519 2749 Tolosa,
532 2671 732 2736 Carcassoue
748 2683 781 2734 et
796 2667 967 2747 Narbone,
982 2687 1056 2757 quse
1068 2678 1148 2732 sunt
1158 2663 1273 2730 civita-

235 2799 282 2854 tes
307 2781 424 2852 Gallias
448 2787 642 2878 provincie,
667 2785 816 2858 finitirnae
832 2785 1103 2877 hisregionibus,
1124 2779 1273 2849 nomina·

234 2905 294 2974 tim
303 2905 464 2991 evocatis,
479 2911 513 2972 in
527 2905 692 2973 Sotiatum
706 2905 788 2974 fines
803 2907 986 2973 exercitum
1000 2901 1195 2972 introduxit.
1208 2903 1273 2972 Cu·

230 3025 286 3117 jus
297 3023 442 3092 adventu
456 3025 603 3118 cognito,
615 3025 771 3109 Sotiates,
783 3025 911 3119 magnis
924 3025 1027 3115 copiis
1043 3025 1166 3094 coactis
1180 3047 1268 3116 equi·

236 3157 389 3238 tatuque,
421 3169 489 3239 quo
521 3142 703 3237 plurimum
736 3144 906 3230 valebant,
939 3165 973 3210 ru
1005 3143 1121 3210 itinere
1153 3165 1271 3236 agmen

237 3279 388 3337 nostrum
414 3265 537 3352 adorti,
567 3267 712 3358 primurn
741 3278 892 3356 equestre
919 3259 1073 3356 proelium
1101 3265 1273 3331 commise-

234 3400 334 3470 ruut;
354 3385 493 3470 deinde,
515 3398 665 3479 equitatu
685 3407 745 3452 suo
770 3382 884 3476 pulso,
905 3399 1005 3476 etque
1026 3383 1274 3474 insequentibus

235 3506 377 3593 nostris,
395 3507 504 3576 subito
523 3508 692 3599 pedestres
708 3509 835 3599 copias,
854 3527 939 3598 quas
952 3505 987 3571 in
1004 3503 1154 3574 convalle
1169 3525 1209 3568 ex
1226 3501 1276 3566 in·

238 3625 327 3699 sidiie
351 3623 609 3710 collocaverant,
628 3626 853 3695 ostenderunt.
880 3627 938 3710 Hi,
963 3639 1094 3692 nostros
1120 3621 1275 3711 disjectos

240 3743 362 3834 adorti,
379 3749 531 3840 proelium
547 3761 760 3816 renovarunt.

284 3869 373 3938 xxl.
392 3872 580 3964 Pugnatum
597 3881 645 3934 est
662 3867 719 3934 diu
733 3881 833 3959 atque
849 3867 984 3946 acriter,
1000 3885 1105 3958 quum
1118 3862 1277 3942 Sotiates,

234 3991 461 4082 superioribus
484 3986 630 4055 victoriis
655 3987 746 4070 freti,
772 3986 806 4054 in
832 4009 890 4054 sue
913 3986 1035 4054 virtute
1053 3986 1155 4052 totius
1173 3983 1276 4074 Aqui·
