3026 4768
427 345 619 403 DE'BELLO
638 345 800 402 GALLICO
819 343 888 400 Llll.
910 330 943 400 V.
1153 356 1206 412 vop

213 471 304 539 XVI.
331 473 418 538 Toto
442 469 507 538 hoc
533 471 568 538 in
593 494 711 564 genere
734 493 872 562 pugne,
891 491 996 567 quum
1020 466 1081 534 sub
1103 464 1208 534 oculis

163 591 316 660 omnium
333 615 372 659 ao
389 614 451 684 pro
464 591 580 660 castris
595 588 825 673 dimicaretur,
838 586 1043 657 intellectum
1053 602 1121 676 est,
1133 613 1209 656 uos·

167 727 236 781 tros
257 726 394 806 propter
415 711 612 805 gravitatem
630 723 825 798 armaturae,
840 708 932 803 quod
953 732 1060 802 neque
1081 707 1210 801 insequi

166 830 321 900 cedentes
340 845 493 924 possent,
515 855 623 924 neque
646 830 687 900 ab
710 829 814 926 signis
838 827 1006 900 discedere
1030 827 1210 906 auderent,

168 952 278 1019 minus
296 965 391 1044 aptos
408 975 478 1020 esse
497 951 539 1020 ad
557 951 657 1044 hujus
674 951 805 1046 generis
827 949 957 1019 hostem
974 975 983 1018 ε
1003 950 1129 1042 equites
1150 971 1210 1016 au·

169 1088 236 1140 tem
253 1095 377 1166 magno
395 1095 471 1164 cum
492 1068 642 1164 periculo
662 1069 834 1157 dimicare,
856 1083 1032 1164 propterea
1050 1067 1142 1162 quod
1161 1065 1210 1135 illi

169 1193 270 1260 etiam
282 1189 436 1261 consulto
447 1189 644 1286 plerumque
654 1188 825 1276 cederent,
839 1205 887 1277 et,
901 1213 1004 1282 quum
1021 1185 1158 1281 paulum
1169 1185 1211 1254 ab

170 1310 355 1407 legionibus
370 1326 502 1381 nostros
521 1311 754 1399 removissent,
772 1335 812 1379 ex
833 1309 954 1382 essedis
969 1307 1157 1394 desilirent,
1176 1322 1213 1376 et

170 1431 310 1525 pedibus
336 1432 461 1524 dispari
485 1430 604 1526 proelio
631 1429 878 1500 contenderent.
906 1429 1076 1523 Equestris
1102 1441 1213 1498 autem

171 1549 279 1645 proelii
304 1553 390 1620 ratio
419 1564 453 1620 et
474 1550 668 1620 cedentibus
692 1565 727 1620 et
750 1550 999 1644 insequentibus
1025 1529 1213 1644 paratque

172 1670 259 1741 idem
277 1669 461 1767 periculum
478 1671 651 1742 inferebat.
668 1670 860 1742 Accedebat
872 1673 953 1762 huc,
970 1685 1023 1758 ut,
1040 1693 1213 1765 nunquam

172 1793 330 1881 conferti,
357 1791 415 1862 sed
442 1793 509 1862 rari
537 1792 732 1886 magnisque
760 1789 942 1860 intervallis
967 1789 1213 1884 proeliarentur,

173 1914 397 2006 stationesque
420 1911 595 2006 dispositas
618 1911 795 1999 haberent;
818 1925 919 2003 atque
941 1909 1023 1981 alios
1043 1909 1101 1982 alii
1119 1910 1214 1981 dein·

172 2057 250 2126 ceps
266 2033 472 2126 exciperent,
484 2032 672 2126 integrmue
684 2045 718 2100 et
735 2045 884 2101 recentes
898 2031 1084 2128 delbtigatis
1101 2057 1215 2102 succe-
1248 2069 1250 2074 v

175 2147 302 2220 darent.
1010 2241 1013 2246 Ι

224 2273 333 2340 XVII.
359 2273 498 2342 Postero
511 2271 579 2361 die,
596 2270 714 2365 procul
735 2296 756 2340 a
772 2274 887 2344 castris
898 2273 1009 2344 hostes
1024 2274 1059 2342 in
1077 2273 1216 2344 collibus

176 2390 415 2479 constiterunt,
430 2391 564 2484 rarique
584 2416 619 2460 se
633 2390 823 2478 ostendere,
842 2407 876 2460 et
898 2389 1005 2462 lenius
1024 2419 1124 2487 quam
1146 2395 1217 2487 pri·

177 2510 249 2598 die,
265 2525 395 2579 nostros
409 2512 539 2605 equites
555 2511 672 2606 proelio
688 2510 847 2590 lacessere
862 2527 1044 2606 coeperunt.
1064 2513 1129 2582 Sed
1146 2539 1216 2582 me·

178 2632 277 2718 ridie,
296 2657 400 2726 quum
416 2634 526 2702 Caesar
544 2631 724 2726 pabulandi
745 2647 844 2702 causa
862 2647 931 2702 tras
951 2626 1097 2727 legiones
1119 2647 1218 2726 atque

177 2776 311 2820 omnem
325 2752 509 2846 equitatum
531 2777 608 2821 cum
624 2756 661 2824 C.
678 2753 846 2822 Trebonio
863 2751 972 2848 legato
989 2753 1148 2839 misisset,
1165 2761 1218 2822 ress
1268 2747 1272 2774 ’

179 2884 278 2963 pente
291 2895 332 2940 er
341 2870 496 2940 omnibus
510 2872 659 2966 partibus
672 2871 714 2940 ad
730 2868 941 2968 pabulatores
958 2869 1217 2963 advolaverunt,

179 2991 241 3079 sic,
258 2991 310 3059 uti
327 2990 369 3059 ab
385 2992 486 3085 signis
505 2989 756 3086 legionibusque
772 3015 841 3061 non
858 2991 1067 3062 absisterent.
1083 2995 1218 3082 Nostri,

180 3112 298 3180 acriter
313 3111 418 3180 ineos
435 3113 563 3206 impetu
578 3113 681 3199 facto,
696 3111 908 3206 repulerunt;
928 3136 1035 3207 neque
1045 3113 1151 3186 finem
1169 3141 1220 3185 sa-

179 3231 303 3324 quendi
324 3231 491 3322 fecerunt,
509 3233 622 3327 quoad
643 3231 790 3302 subsidio
809 3233 926 3331 confisi
948 3237 1095 3330 equites,
1115 3263 1219 3331 quum

180 3366 257 3444 post
280 3376 315 3421 se
343 3349 489 3447 legiones
514 3353 683 3440 viderent,
712 3353 898 3447 precipites
924 3356 1035 3428 hostes
1052 3373 1220 3452 ¹egeruut;

149 3559 151 3566 γ
180 3494 369 3565 magnoque
397 3495 513 3540 eorum
538 3496 682 3544 numero¹
703 3473 891 3562 interfecto,
918 3501 1025 3570 neque
1052 3479 1103 3546 sui
1126 3475 1221 3546 colli·

156 3597 158 3602 ‘
182 3589 302 3683 gendi,
321 3614 429 3682 neque
448 3591 670 3680 consistendi,
694 3607 753 3662 aut
778 3618 818 3662 ex
841 3595 962 3664 essedis
981 3593 1151 3664 desiliendi
1172 3595 1222 3664 fa-

182 3706 340 3778 cultatem
360 3707 532 3779 dederunt.
549 3714 599 3780 Ex
619 3712 682 3780 hac
694 3712 780 3808 luga
799 3713 973 3808 protinus„
985 3738 1059 3809 quae
1076 3713 1222 3809 undique

182 3844 422 3916 convenerant,
436 3828 558 3899 auxilia
574 3831 810 3922 discesserunt3
826 3859 934 3928 neque
951 3849 1027 3928 post
1042 3834 1077 3911 id
1092 3849 1222 3931 tempus

183 3969 331 4042 unquam
346 3951 482 4020 summis
499 3951 673 4019 nobiscum
689 3953 793 4046 copiis
814 3953 923 4026 hostes
939 3955 1192 4026 contenderunt.
