<?xml version="1.0" encoding="UTF-8"?>
<!DOCTYPE html PUBLIC "-//W3C//DTD XHTML 1.0 Transitional//EN"
    "http://www.w3.org/TR/xhtml1/DTD/xhtml1-transitional.dtd">
<html xmlns="http://www.w3.org/1999/xhtml" xml:lang="en" lang="en">
 <head>
  <title>
</title>
<meta http-equiv="Content-Type" content="text/html;charset=utf-8" />
  <meta name='ocr-system' content='tesseract 3.04.00' />
  <meta name='ocr-capabilities' content='ocr_page ocr_carea ocr_par ocr_line ocrx_word'/>
</head>
<body>
  <div class='ocr_page' id='page_1' title='image "./cjcaesarisopera00caesgoog_0246.png"; bbox 0 0 3050 4772; ppageno 0'>
   <div class='ocr_carea' id='block_1_1' title="bbox 279 317 1158 382">
    <p class='ocr_par' dir='ltr' id='par_1_1' title="bbox 279 317 1158 382">
     <span class='ocr_line' id='line_1_1' title="bbox 279 317 1158 382; baseline 0.005 -13"><span class='ocrx_word' id='word_1_1' title='bbox 279 322 336 382; x_wconf 72' lang='lat' dir='ltr'>nt</span> <span class='ocrx_word' id='word_1_2' title='bbox 436 318 467 372; x_wconf 91' lang='lat' dir='ltr'>C.</span> <span class='ocrx_word' id='word_1_3' title='bbox 489 318 584 373; x_wconf 83' lang='lat' dir='ltr'>JULII</span> <span class='ocrx_word' id='word_1_4' title='bbox 605 317 768 374; x_wconf 75' lang='lat' dir='ltr'>CAESARIS</span> <span class='ocrx_word' id='word_1_5' title='bbox 789 317 1158 374; x_wconf 75' lang='lat' dir='ltr'>commnunamontmt</span> 
     </span>
    </p>
   </div>
   <div class='ocr_carea' id='block_1_2' title="bbox 219 436 1319 3046">
    <p class='ocr_par' dir='ltr' id='par_1_2' title="bbox 219 436 1319 2206">
     <span class='ocr_line' id='line_1_2' title="bbox 277 436 1317 534; baseline 0.004 -30"><span class='ocrx_word' id='word_1_6' title='bbox 277 436 471 523; x_wconf 78' lang='lat' dir='ltr'>contulisse3</span> <span class='ocrx_word' id='word_1_7' title='bbox 493 437 679 533; x_wconf 81' lang='lat' dir='ltr'>complures</span> <span class='ocrx_word' id='word_1_8' title='bbox 699 465 768 508; x_wconf 90' lang='lat' dir='ltr'>esse</span> <span class='ocrx_word' id='word_1_9' title='bbox 788 441 955 534; x_wconf 82' lang='lat' dir='ltr'>principes</span> <span class='ocrx_word' id='word_1_10' title='bbox 976 438 1055 508; x_wconf 93' lang='lat' dir='ltr'>belli</span> <span class='ocrx_word' id='word_1_11' title='bbox 1075 455 1241 528; x_wconf 81' lang='lat' dir='ltr'><strong>auctores,</strong></span> <span class='ocrx_word' id='word_1_12' title='bbox 1262 440 1317 508; x_wconf 93' lang='lat' dir='ltr'>sed</span> 
     </span>
     <span class='ocr_line' id='line_1_3' title="bbox 277 560 1319 656; baseline -0.001 -27"><span class='ocrx_word' id='word_1_13' title='bbox 277 560 524 631; x_wconf 86' lang='lat' dir='ltr'>multitudinem</span> <span class='ocrx_word' id='word_1_14' title='bbox 556 566 698 632; x_wconf 81' lang='lat' dir='ltr'>maxime</span> <span class='ocrx_word' id='word_1_15' title='bbox 729 567 854 633; x_wconf 88' lang='lat' dir='ltr'>Correo</span> <span class='ocrx_word' id='word_1_16' title='bbox 887 563 1133 656; x_wconf 88' lang='lat' dir='ltr'>obtemperare,</span> <span class='ocrx_word' id='word_1_17' title='bbox 1166 560 1257 655; x_wconf 89' lang='lat' dir='ltr'>quod</span> <span class='ocrx_word' id='word_1_18' title='bbox 1289 564 1319 628; x_wconf 89' lang='lat' dir='ltr'>ei</span> 
     </span>
     <span class='ocr_line' id='line_1_4' title="bbox 275 680 1318 776; baseline 0 -28"><span class='ocrx_word' id='word_1_19' title='bbox 275 706 406 764; x_wconf 90' lang='lat' dir='ltr'>summo</span> <span class='ocrx_word' id='word_1_20' title='bbox 427 706 497 750; x_wconf 93' lang='lat' dir='ltr'>esse</span> <span class='ocrx_word' id='word_1_21' title='bbox 516 682 594 751; x_wconf 94' lang='lat' dir='ltr'>odio</span> <span class='ocrx_word' id='word_1_22' title='bbox 618 701 740 750; x_wconf 89' lang='lat' dir='ltr'>nomen</span> <span class='ocrx_word' id='word_1_23' title='bbox 761 681 876 776; x_wconf 91' lang='lat' dir='ltr'>populi</span> <span class='ocrx_word' id='word_1_24' title='bbox 911 684 1040 751; x_wconf 91' lang='lat' dir='ltr'>romani</span> <span class='ocrx_word' id='word_1_25' title='bbox 1062 680 1318 763; x_wconf 89' lang='lat' dir='ltr'>intellexissent;</span> 
     </span>
     <span class='ocr_line' id='line_1_5' title="bbox 274 801 1317 892; baseline -0.001 -24"><span class='ocrx_word' id='word_1_26' title='bbox 274 802 387 892; x_wconf 87' lang='lat' dir='ltr'>paucis</span> <span class='ocrx_word' id='word_1_27' title='bbox 406 814 483 869; x_wconf 88' lang='lat' dir='ltr'>ante</span> <span class='ocrx_word' id='word_1_28' title='bbox 505 801 621 870; x_wconf 94' lang='lat' dir='ltr'>diebus</span> <span class='ocrx_word' id='word_1_29' title='bbox 642 826 682 870; x_wconf 86' lang='lat' dir='ltr'>ex</span> <span class='ocrx_word' id='word_1_30' title='bbox 704 803 756 870; x_wconf 90' lang='lat' dir='ltr'>his</span> <span class='ocrx_word' id='word_1_31' title='bbox 779 801 896 870; x_wconf 91' lang='lat' dir='ltr'>castris</span> <span class='ocrx_word' id='word_1_32' title='bbox 915 801 1107 870; x_wconf 81' lang='lat' dir='ltr'>Atrebatem</span> <span class='ocrx_word' id='word_1_33' title='bbox 1126 801 1317 870; x_wconf 91' lang='lat' dir='ltr'>Commium</span> 
     </span>
     <span class='ocr_line' id='line_1_6' title="bbox 273 917 1317 1013; baseline 0.002 -28"><span class='ocrx_word' id='word_1_34' title='bbox 273 917 474 1006; x_wconf 85' lang='lat' dir='ltr'>discessisse,</span> <span class='ocrx_word' id='word_1_35' title='bbox 489 920 533 989; x_wconf 89' lang='lat' dir='ltr'>ad</span> <span class='ocrx_word' id='word_1_36' title='bbox 549 920 670 989; x_wconf 84' lang='lat' dir='ltr'>auxilia</span> <span class='ocrx_word' id='word_1_37' title='bbox 686 923 935 990; x_wconf 89' lang='lat' dir='ltr'>Germanorum</span> <span class='ocrx_word' id='word_1_38' title='bbox 950 919 1162 1006; x_wconf 84' lang='lat' dir='ltr'>adducenda,</span> <span class='ocrx_word' id='word_1_39' title='bbox 1175 943 1317 1013; x_wconf 89' lang='lat' dir='ltr'>quorum</span> 
     </span>
     <span class='ocr_line' id='line_1_7' title="bbox 272 1015 1318 1134; baseline 0.002 -28"><span class='ocrx_word' id='word_1_40' title='bbox 272 1055 306 1108; x_wconf 93' lang='lat' dir='ltr'>et</span> <span class='ocrx_word' id='word_1_41' title='bbox 324 1041 478 1108; x_wconf 88' lang='lat' dir='ltr'>vicinitas</span> <span class='ocrx_word' id='word_1_42' title='bbox 496 1042 698 1134; x_wconf 90' lang='lat' dir='ltr'>propinqua,</span> <span class='ocrx_word' id='word_1_43' title='bbox 720 1055 754 1108; x_wconf 88' lang='lat' dir='ltr'>et</span> <span class='ocrx_word' id='word_1_44' title='bbox 770 1015 950 1109; x_wconf 77' lang='lat' dir='ltr'>multitudo</span> <span class='ocrx_word' id='word_1_45' title='bbox 966 1053 1051 1108; x_wconf 92' lang='lat' dir='ltr'>esset</span> <span class='ocrx_word' id='word_1_46' title='bbox 1071 1039 1223 1125; x_wconf 82' lang='lat' dir='ltr'>infinita3</span> <span class='ocrx_word' id='word_1_47' title='bbox 1241 1064 1318 1108; x_wconf 89' lang='lat' dir='ltr'>con·</span> 
     </span>
     <span class='ocr_line' id='line_1_8' title="bbox 272 1159 1317 1253; baseline 0.001 -27"><span class='ocrx_word' id='word_1_48' title='bbox 272 1160 417 1228; x_wconf 88' lang='lat' dir='ltr'>stituisse</span> <span class='ocrx_word' id='word_1_49' title='bbox 429 1175 542 1228; x_wconf 90' lang='lat' dir='ltr'>autem</span> <span class='ocrx_word' id='word_1_50' title='bbox 551 1159 757 1248; x_wconf 87' lang='lat' dir='ltr'>Bellovacos,</span> <span class='ocrx_word' id='word_1_51' title='bbox 772 1162 921 1229; x_wconf 92' lang='lat' dir='ltr'>omnium</span> <span class='ocrx_word' id='word_1_52' title='bbox 934 1160 1124 1253; x_wconf 89' lang='lat' dir='ltr'>principum</span> <span class='ocrx_word' id='word_1_53' title='bbox 1140 1183 1317 1246; x_wconf 86' lang='lat' dir='ltr'>consensu,</span> 
     </span>
     <span class='ocr_line' id='line_1_9' title="bbox 272 1277 1316 1375; baseline 0 -29"><span class='ocrx_word' id='word_1_54' title='bbox 272 1302 401 1346; x_wconf 92' lang='lat' dir='ltr'>summa</span> <span class='ocrx_word' id='word_1_55' title='bbox 422 1277 527 1372; x_wconf 89' lang='lat' dir='ltr'>plebis</span> <span class='ocrx_word' id='word_1_56' title='bbox 550 1280 745 1375; x_wconf 88' lang='lat' dir='ltr'>cupiditate,</span> <span class='ocrx_word' id='word_1_57' title='bbox 770 1282 813 1368; x_wconf 87' lang='lat' dir='ltr'>si,</span> <span class='ocrx_word' id='word_1_58' title='bbox 837 1294 876 1348; x_wconf 91' lang='lat' dir='ltr'>ut</span> <span class='ocrx_word' id='word_1_59' title='bbox 897 1278 1087 1365; x_wconf 86' lang='lat' dir='ltr'>dicebatur,</span> <span class='ocrx_word' id='word_1_60' title='bbox 1108 1280 1218 1348; x_wconf 73' lang='lat' dir='ltr'>Caesar</span> <span class='ocrx_word' id='word_1_61' title='bbox 1241 1302 1316 1346; x_wconf 92' lang='lat' dir='ltr'>cum</span> 
     </span>
     <span class='ocr_line' id='line_1_10' title="bbox 272 1396 1317 1491; baseline 0.002 -27"><span class='ocrx_word' id='word_1_62' title='bbox 272 1397 378 1466; x_wconf 90' lang='lat' dir='ltr'>tribus</span> <span class='ocrx_word' id='word_1_63' title='bbox 400 1396 585 1491; x_wconf 84' lang='lat' dir='ltr'>legionibus</span> <span class='ocrx_word' id='word_1_64' title='bbox 603 1401 744 1486; x_wconf 86' lang='lat' dir='ltr'>veniret,</span> <span class='ocrx_word' id='word_1_65' title='bbox 764 1399 885 1468; x_wconf 83' lang='lat' dir='ltr'>offerre</span> <span class='ocrx_word' id='word_1_66' title='bbox 903 1423 937 1466; x_wconf 90' lang='lat' dir='ltr'>se</span> <span class='ocrx_word' id='word_1_67' title='bbox 954 1397 996 1466; x_wconf 90' lang='lat' dir='ltr'>ad</span> <span class='ocrx_word' id='word_1_68' title='bbox 1017 1396 1262 1484; x_wconf 89' lang='lat' dir='ltr'>dimicandum,</span> <span class='ocrx_word' id='word_1_69' title='bbox 1275 1422 1317 1466; x_wconf 89' lang='lat' dir='ltr'>ne</span> 
     </span>
     <span class='ocr_line' id='line_1_11' title="bbox 272 1517 1316 1612; baseline 0.002 -30"><span class='ocrx_word' id='word_1_70' title='bbox 272 1517 442 1585; x_wconf 91' lang='lat' dir='ltr'>miseriore</span> <span class='ocrx_word' id='word_1_71' title='bbox 458 1541 497 1585; x_wconf 88' lang='lat' dir='ltr'>ac</span> <span class='ocrx_word' id='word_1_72' title='bbox 512 1518 646 1587; x_wconf 88' lang='lat' dir='ltr'>duriore</span> <span class='ocrx_word' id='word_1_73' title='bbox 660 1532 773 1612; x_wconf 89' lang='lat' dir='ltr'>postea</span> <span class='ocrx_word' id='word_1_74' title='bbox 788 1517 979 1586; x_wconf 90' lang='lat' dir='ltr'>conditione</span> <span class='ocrx_word' id='word_1_75' title='bbox 992 1541 1069 1586; x_wconf 89' lang='lat' dir='ltr'>cum</span> <span class='ocrx_word' id='word_1_76' title='bbox 1086 1529 1156 1585; x_wconf 91' lang='lat' dir='ltr'>toto</span> <span class='ocrx_word' id='word_1_77' title='bbox 1169 1518 1316 1586; x_wconf 83' lang='lat' dir='ltr'>exercitu</span> 
     </span>
     <span class='ocr_line' id='line_1_12' title="bbox 271 1633 1316 1732; baseline 0.005 -31"><span class='ocrx_word' id='word_1_78' title='bbox 271 1633 440 1704; x_wconf 89' lang='lat' dir='ltr'>decertare</span> <span class='ocrx_word' id='word_1_79' title='bbox 464 1653 681 1732; x_wconf 83' lang='lat' dir='ltr'>cogerentur3</span> <span class='ocrx_word' id='word_1_80' title='bbox 707 1640 734 1706; x_wconf 90' lang='lat' dir='ltr'>si</span> <span class='ocrx_word' id='word_1_81' title='bbox 761 1639 903 1730; x_wconf 87' lang='lat' dir='ltr'>majores</span> <span class='ocrx_word' id='word_1_82' title='bbox 926 1637 1038 1731; x_wconf 87' lang='lat' dir='ltr'>copias</span> <span class='ocrx_word' id='word_1_83' title='bbox 1064 1651 1196 1730; x_wconf 85' lang='lat' dir='ltr'>ageret,</span> <span class='ocrx_word' id='word_1_84' title='bbox 1220 1638 1254 1705; x_wconf 95' lang='lat' dir='ltr'>in</span> <span class='ocrx_word' id='word_1_85' title='bbox 1277 1661 1316 1706; x_wconf 90' lang='lat' dir='ltr'>eo</span> 
     </span>
     <span class='ocr_line' id='line_1_13' title="bbox 271 1752 1315 1851; baseline 0.002 -30"><span class='ocrx_word' id='word_1_86' title='bbox 271 1752 344 1823; x_wconf 92' lang='lat' dir='ltr'>loco</span> <span class='ocrx_word' id='word_1_87' title='bbox 368 1779 565 1848; x_wconf 87' lang='lat' dir='ltr'>permanere</span> <span class='ocrx_word' id='word_1_88' title='bbox 590 1757 689 1850; x_wconf 83' lang='lat' dir='ltr'>quem</span> <span class='ocrx_word' id='word_1_89' title='bbox 709 1755 922 1851; x_wconf 82' lang='lat' dir='ltr'>delegissent,</span> <span class='ocrx_word' id='word_1_90' title='bbox 945 1754 1159 1849; x_wconf 86' lang='lat' dir='ltr'>pabulatione</span> <span class='ocrx_word' id='word_1_91' title='bbox 1183 1771 1315 1842; x_wconf 82' lang='lat' dir='ltr'>autem,</span> 
     </span>
     <span class='ocr_line' id='line_1_14' title="bbox 271 1874 1316 1969; baseline 0.002 -29"><span class='ocrx_word' id='word_1_92' title='bbox 271 1897 344 1964; x_wconf 77' lang='lat' dir='ltr'>quae</span> <span class='ocrx_word' id='word_1_93' title='bbox 371 1889 510 1967; x_wconf 89' lang='lat' dir='ltr'>propter</span> <span class='ocrx_word' id='word_1_94' title='bbox 537 1877 616 1944; x_wconf 89' lang='lat' dir='ltr'>anni</span> <span class='ocrx_word' id='word_1_95' title='bbox 644 1890 772 1969; x_wconf 90' lang='lat' dir='ltr'>tempus</span> <span class='ocrx_word' id='word_1_96' title='bbox 798 1900 902 1968; x_wconf 92' lang='lat' dir='ltr'>quum</span> <span class='ocrx_word' id='word_1_97' title='bbox 935 1877 1053 1968; x_wconf 84' lang='lat' dir='ltr'>exigua</span> <span class='ocrx_word' id='word_1_98' title='bbox 1081 1889 1153 1943; x_wconf 91' lang='lat' dir='ltr'>tum</span> <span class='ocrx_word' id='word_1_99' title='bbox 1180 1874 1316 1969; x_wconf 88' lang='lat' dir='ltr'>disjecta</span> 
     </span>
     <span class='ocr_line' id='line_1_15' title="bbox 270 1993 1314 2088; baseline 0 -27"><span class='ocrx_word' id='word_1_100' title='bbox 270 1995 370 2080; x_wconf 84' lang='lat' dir='ltr'>esset,</span> <span class='ocrx_word' id='word_1_101' title='bbox 393 2012 427 2062; x_wconf 92' lang='lat' dir='ltr'>et</span> <span class='ocrx_word' id='word_1_102' title='bbox 446 1993 703 2063; x_wconf 87' lang='lat' dir='ltr'>frumentatione</span> <span class='ocrx_word' id='word_1_103' title='bbox 722 2009 755 2062; x_wconf 88' lang='lat' dir='ltr'>ct</span> <span class='ocrx_word' id='word_1_104' title='bbox 771 1993 901 2088; x_wconf 88' lang='lat' dir='ltr'>reliquo</span> <span class='ocrx_word' id='word_1_105' title='bbox 918 2009 1106 2063; x_wconf 86' lang='lat' dir='ltr'>commeatu</span> <span class='ocrx_word' id='word_1_106' title='bbox 1126 1994 1169 2062; x_wconf 53' lang='lat' dir='ltr'>ex&#39;</span> <span class='ocrx_word' id='word_1_107' title='bbox 1186 1993 1314 2064; x_wconf 92' lang='lat' dir='ltr'>insidiis</span> 
     </span>
     <span class='ocr_line' id='line_1_16' title="bbox 219 2114 641 2206; baseline 0.014 -30"><span class='ocrx_word' id='word_1_108' title='bbox 219 2169 221 2176; x_wconf 93' lang='lat'><em>.</em></span> <span class='ocrx_word' id='word_1_109' title='bbox 271 2114 448 2206; x_wconf 88' lang='lat' dir='ltr'>prohibere</span> <span class='ocrx_word' id='word_1_110' title='bbox 463 2118 641 2184; x_wconf 88' lang='lat' dir='ltr'>Romanos.</span> 
     </span>
    </p>

    <p class='ocr_par' dir='ltr' id='par_1_3' title="bbox 266 2233 1318 3046">
     <span class='ocr_line' id='line_1_17' title="bbox 320 2233 1318 2328; baseline -0.002 -24"><span class='ocrx_word' id='word_1_111' title='bbox 320 2235 413 2304; x_wconf 87' lang='lat' dir='ltr'>VlII.</span> <span class='ocrx_word' id='word_1_112' title='bbox 434 2233 518 2323; x_wconf 86' lang='lat' dir='ltr'>Quae</span> <span class='ocrx_word' id='word_1_113' title='bbox 535 2237 645 2305; x_wconf 87' lang='lat' dir='ltr'>Caesar</span> <span class='ocrx_word' id='word_1_114' title='bbox 665 2235 948 2303; x_wconf 88' lang='lat' dir='ltr'>consentientibus</span> <span class='ocrx_word' id='word_1_115' title='bbox 969 2233 1120 2328; x_wconf 90' lang='lat' dir='ltr'>pluribus</span> <span class='ocrx_word' id='word_1_116' title='bbox 1140 2259 1244 2326; x_wconf 91' lang='lat' dir='ltr'>quum</span> <span class='ocrx_word' id='word_1_117' title='bbox 1264 2261 1318 2303; x_wconf 90' lang='lat' dir='ltr'>co·</span> 
     </span>
     <span class='ocr_line' id='line_1_18' title="bbox 270 2351 1317 2448; baseline -0.001 -26"><span class='ocrx_word' id='word_1_118' title='bbox 270 2354 451 2448; x_wconf 90' lang='lat' dir='ltr'>gnovisset‚</span> <span class='ocrx_word' id='word_1_119' title='bbox 474 2368 572 2446; x_wconf 89' lang='lat' dir='ltr'>atque</span> <span class='ocrx_word' id='word_1_120' title='bbox 601 2378 732 2447; x_wconf 78' lang='lat' dir='ltr'>eaquae</span> <span class='ocrx_word' id='word_1_121' title='bbox 758 2366 1028 2447; x_wconf 87' lang='lat' dir='ltr'>proponerentur</span> <span class='ocrx_word' id='word_1_122' title='bbox 1053 2351 1190 2422; x_wconf 91' lang='lat' dir='ltr'>consilia</span> <span class='ocrx_word' id='word_1_123' title='bbox 1215 2351 1317 2446; x_wconf 89' lang='lat' dir='ltr'>plena</span> 
     </span>
     <span class='ocr_line' id='line_1_19' title="bbox 269 2472 1315 2567; baseline -0.001 -25"><span class='ocrx_word' id='word_1_124' title='bbox 269 2473 454 2567; x_wconf 69' lang='lat' dir='ltr'>prudentiae</span> <span class='ocrx_word' id='word_1_125' title='bbox 484 2472 648 2566; x_wconf 82' lang='lat' dir='ltr'>longeque</span> <span class='ocrx_word' id='word_1_126' title='bbox 673 2498 692 2540; x_wconf 91' lang='lat' dir='ltr'>a</span> <span class='ocrx_word' id='word_1_127' title='bbox 722 2473 907 2541; x_wconf 87' lang='lat' dir='ltr'>temeritate</span> <span class='ocrx_word' id='word_1_128' title='bbox 936 2472 1156 2541; x_wconf 88' lang='lat' dir='ltr'>barbarorum</span> <span class='ocrx_word' id='word_1_129' title='bbox 1185 2487 1315 2542; x_wconf 89' lang='lat' dir='ltr'>remota</span> 
     </span>
     <span class='ocr_line' id='line_1_20' title="bbox 269 2591 1315 2685; baseline 0 -24"><span class='ocrx_word' id='word_1_130' title='bbox 269 2617 338 2662; x_wconf 90' lang='lat' dir='ltr'>esse</span> <span class='ocrx_word' id='word_1_131' title='bbox 357 2591 540 2685; x_wconf 87' lang='lat' dir='ltr'>judicaret,</span> <span class='ocrx_word' id='word_1_132' title='bbox 562 2593 660 2661; x_wconf 90' lang='lat' dir='ltr'>rebus</span> <span class='ocrx_word' id='word_1_133' title='bbox 677 2592 832 2660; x_wconf 91' lang='lat' dir='ltr'>omnibus</span> <span class='ocrx_word' id='word_1_134' title='bbox 850 2591 1098 2661; x_wconf 83' lang='lat' dir='ltr'>inserviendum</span> <span class='ocrx_word' id='word_1_135' title='bbox 1115 2593 1232 2661; x_wconf 89' lang='lat' dir='ltr'>statuit</span> <span class='ocrx_word' id='word_1_136' title='bbox 1246 2617 1315 2685; x_wconf 91' lang='lat' dir='ltr'>quo</span> 
     </span>
     <span class='ocr_line' id='line_1_21' title="bbox 268 2711 1315 2805; baseline 0 -24"><span class='ocrx_word' id='word_1_137' title='bbox 268 2711 407 2781; x_wconf 92' lang='lat' dir='ltr'>celerius</span> <span class='ocrx_word' id='word_1_138' title='bbox 421 2713 548 2799; x_wconf 90' lang='lat' dir='ltr'>hostes,</span> <span class='ocrx_word' id='word_1_139' title='bbox 565 2725 756 2805; x_wconf 88' lang='lat' dir='ltr'>contempta</span> <span class='ocrx_word' id='word_1_140' title='bbox 777 2736 914 2780; x_wconf 88' lang='lat' dir='ltr'>suorum</span> <span class='ocrx_word' id='word_1_141' title='bbox 934 2714 1122 2805; x_wconf 83' lang='lat' dir='ltr'>paucitate,</span> <span class='ocrx_word' id='word_1_142' title='bbox 1139 2711 1315 2805; x_wconf 91' lang='lat' dir='ltr'>prodirent</span> 
     </span>
     <span class='ocr_line' id='line_1_22' title="bbox 267 2829 1313 2928; baseline 0.004 -30"><span class='ocrx_word' id='word_1_143' title='bbox 267 2834 300 2899; x_wconf 93' lang='lat' dir='ltr'>in</span> <span class='ocrx_word' id='word_1_144' title='bbox 316 2836 431 2902; x_wconf 86' lang='lat' dir='ltr'>aciem.</span> <span class='ocrx_word' id='word_1_145' title='bbox 447 2831 630 2928; x_wconf 88' lang='lat' dir='ltr'>Singularis</span> <span class='ocrx_word' id='word_1_146' title='bbox 640 2833 728 2900; x_wconf 91' lang='lat' dir='ltr'>enim</span> <span class='ocrx_word' id='word_1_147' title='bbox 743 2833 875 2900; x_wconf 88' lang='lat' dir='ltr'>virtutis</span> <span class='ocrx_word' id='word_1_148' title='bbox 885 2833 1079 2901; x_wconf 87' lang='lat' dir='ltr'>veterrimas</span> <span class='ocrx_word' id='word_1_149' title='bbox 1092 2829 1239 2926; x_wconf 90' lang='lat' dir='ltr'>legiones</span> <span class='ocrx_word' id='word_1_150' title='bbox 1250 2856 1313 2920; x_wconf 83' lang='lat' dir='ltr'>vn,</span> 
     </span>
     <span class='ocr_line' id='line_1_23' title="bbox 266 2949 1313 3046; baseline 0.005 -30"><span class='ocrx_word' id='word_1_151' title='bbox 266 2973 328 3018; x_wconf 88' lang='lat' dir='ltr'>vm</span> <span class='ocrx_word' id='word_1_152' title='bbox 346 2966 378 3019; x_wconf 89' lang='lat' dir='ltr'>et</span> <span class='ocrx_word' id='word_1_153' title='bbox 391 2975 427 3021; x_wconf 84' lang='lat' dir='ltr'>rx</span> <span class='ocrx_word' id='word_1_154' title='bbox 442 2953 598 3038; x_wconf 90' lang='lat' dir='ltr'>habebat;</span> <span class='ocrx_word' id='word_1_155' title='bbox 615 2976 750 3020; x_wconf 85' lang='lat' dir='ltr'>summae</span> <span class='ocrx_word' id='word_1_156' title='bbox 767 2953 834 3046; x_wconf 88' lang='lat' dir='ltr'>spei</span> <span class='ocrx_word' id='word_1_157' title='bbox 853 2949 1051 3045; x_wconf 81' lang='lat' dir='ltr'>delectaque</span> <span class='ocrx_word' id='word_1_158' title='bbox 1063 2952 1248 3044; x_wconf 88' lang='lat' dir='ltr'>juventutis</span> <span class='ocrx_word' id='word_1_159' title='bbox 1260 2975 1313 3038; x_wconf 80' lang='lat' dir='ltr'>xi,</span> 
     </span>
    </p>
   </div>
   <div class='ocr_carea' id='block_1_3' title="bbox 251 3069 1314 3174">
    <p class='ocr_par' dir='ltr' id='par_1_4' title="bbox 251 3069 1314 3174">
     <span class='ocr_line' id='line_1_24' title="bbox 251 3069 1314 3174; baseline 0.002 -38"><span class='ocrx_word' id='word_1_160' title='bbox 251 3093 355 3174; x_wconf 74' lang='lat' dir='ltr'>¹qum,</span> <span class='ocrx_word' id='word_1_161' title='bbox 373 3086 492 3141; x_wconf 89' lang='lat' dir='ltr'>octavo</span> <span class='ocrx_word' id='word_1_162' title='bbox 507 3074 576 3166; x_wconf 88' lang='lat' dir='ltr'>jam</span> <span class='ocrx_word' id='word_1_163' title='bbox 596 3071 763 3166; x_wconf 91' lang='lat' dir='ltr'>stipendio</span> <span class='ocrx_word' id='word_1_164' title='bbox 779 3071 906 3158; x_wconf 88' lang='lat' dir='ltr'>fimeta,</span> <span class='ocrx_word' id='word_1_165' title='bbox 922 3085 1034 3139; x_wconf 88' lang='lat' dir='ltr'>tamen</span> <span class='ocrx_word' id='word_1_166' title='bbox 1047 3069 1227 3140; x_wconf 89' lang='lat' dir='ltr'>collatione</span> <span class='ocrx_word' id='word_1_167' title='bbox 1240 3070 1314 3140; x_wconf 90' lang='lat' dir='ltr'>reli-</span> 
     </span>
    </p>
   </div>
   <div class='ocr_carea' id='block_1_4' title="bbox 263 3190 1314 3645">
    <p class='ocr_par' dir='ltr' id='par_1_5' title="bbox 263 3190 1314 3645">
     <span class='ocr_line' id='line_1_25' title="bbox 267 3190 1314 3286; baseline 0.005 -31"><span class='ocrx_word' id='word_1_168' title='bbox 267 3212 410 3282; x_wconf 89' lang='lat' dir='ltr'>quarum</span> <span class='ocrx_word' id='word_1_169' title='bbox 434 3191 584 3259; x_wconf 92' lang='lat' dir='ltr'>nondum</span> <span class='ocrx_word' id='word_1_170' title='bbox 606 3190 756 3259; x_wconf 90' lang='lat' dir='ltr'>eamdem</span> <span class='ocrx_word' id='word_1_171' title='bbox 777 3190 948 3259; x_wconf 91' lang='lat' dir='ltr'>vetustatis</span> <span class='ocrx_word' id='word_1_172' title='bbox 969 3214 1007 3258; x_wconf 93' lang='lat' dir='ltr'>ac</span> <span class='ocrx_word' id='word_1_173' title='bbox 1025 3192 1159 3259; x_wconf 87' lang='lat' dir='ltr'>virtutis</span> <span class='ocrx_word' id='word_1_174' title='bbox 1180 3206 1314 3286; x_wconf 89' lang='lat' dir='ltr'>ceperat</span> 
     </span>
     <span class='ocr_line' id='line_1_26' title="bbox 265 3306 1309 3404; baseline 0.001 -27"><span class='ocrx_word' id='word_1_175' title='bbox 265 3309 468 3402; x_wconf 91' lang='lat' dir='ltr'>opinionem.</span> <span class='ocrx_word' id='word_1_176' title='bbox 488 3313 620 3401; x_wconf 90' lang='lat' dir='ltr'>Itaque,</span> <span class='ocrx_word' id='word_1_177' title='bbox 638 3306 780 3378; x_wconf 91' lang='lat' dir='ltr'>concilio</span> <span class='ocrx_word' id='word_1_178' title='bbox 799 3308 973 3395; x_wconf 88' lang='lat' dir='ltr'>advocato,</span> <span class='ocrx_word' id='word_1_179' title='bbox 994 3308 1093 3376; x_wconf 90' lang='lat' dir='ltr'>rebus</span> <span class='ocrx_word' id='word_1_180' title='bbox 1113 3311 1153 3378; x_wconf 90' lang='lat' dir='ltr'>iis</span> <span class='ocrx_word' id='word_1_181' title='bbox 1174 3335 1247 3404; x_wconf 73' lang='lat' dir='ltr'>quae</span> <span class='ocrx_word' id='word_1_182' title='bbox 1267 3310 1309 3378; x_wconf 88' lang='lat' dir='ltr'>ad</span> 
     </span>
     <span class='ocr_line' id='line_1_27' title="bbox 264 3426 1310 3523; baseline 0 -25"><span class='ocrx_word' id='word_1_183' title='bbox 264 3453 298 3498; x_wconf 88' lang='lat' dir='ltr'>sc</span> <span class='ocrx_word' id='word_1_184' title='bbox 314 3442 424 3498; x_wconf 84' lang='lat' dir='ltr'>essent</span> <span class='ocrx_word' id='word_1_185' title='bbox 440 3426 555 3496; x_wconf 82' lang='lat' dir='ltr'>delatae</span> <span class='ocrx_word' id='word_1_186' title='bbox 572 3429 727 3498; x_wconf 91' lang='lat' dir='ltr'>omnibus</span> <span class='ocrx_word' id='word_1_187' title='bbox 743 3430 918 3523; x_wconf 89' lang='lat' dir='ltr'>expositis,</span> <span class='ocrx_word' id='word_1_188' title='bbox 934 3431 1064 3498; x_wconf 89' lang='lat' dir='ltr'>animos</span> <span class='ocrx_word' id='word_1_189' title='bbox 1083 3429 1310 3500; x_wconf 90' lang='lat' dir='ltr'>multitudinis</span> 
     </span>
     <span class='ocr_line' id='line_1_28' title="bbox 263 3547 1310 3645; baseline 0.001 -26"><span class='ocrx_word' id='word_1_190' title='bbox 263 3549 449 3619; x_wconf 86' lang='lat' dir='ltr'>confirmat.</span> <span class='ocrx_word' id='word_1_191' title='bbox 468 3549 503 3616; x_wconf 92' lang='lat' dir='ltr'>Si</span> <span class='ocrx_word' id='word_1_192' title='bbox 516 3547 602 3616; x_wconf 81' lang='lat' dir='ltr'>forte</span> <span class='ocrx_word' id='word_1_193' title='bbox 615 3548 725 3617; x_wconf 90' lang='lat' dir='ltr'>hostes</span> <span class='ocrx_word' id='word_1_194' title='bbox 741 3553 844 3617; x_wconf 91' lang='lat' dir='ltr'>trium</span> <span class='ocrx_word' id='word_1_195' title='bbox 859 3547 1033 3641; x_wconf 87' lang='lat' dir='ltr'>legionum&#39;</span> <span class='ocrx_word' id='word_1_196' title='bbox 1045 3575 1185 3620; x_wconf 90' lang='lat' dir='ltr'>numero</span> <span class='ocrx_word' id='word_1_197' title='bbox 1200 3566 1310 3645; x_wconf 90' lang='lat' dir='ltr'>posset</span> 
     </span>
    </p>
   </div>
   <div class='ocr_carea' id='block_1_5' title="bbox 142 3667 1311 3762">
    <p class='ocr_par' dir='ltr' id='par_1_6' title="bbox 142 3667 1311 3762">
     <span class='ocr_line' id='line_1_29' title="bbox 142 3667 1311 3762; baseline 0.001 -25"><span class='ocrx_word' id='word_1_198' title='bbox 142 3737 145 3746; x_wconf 85' lang='grc'><em>,</em></span> <span class='ocrx_word' id='word_1_199' title='bbox 263 3669 380 3739; x_wconf 89' lang='lat' dir='ltr'>elicere</span> <span class='ocrx_word' id='word_1_200' title='bbox 409 3668 452 3737; x_wconf 85' lang='lat' dir='ltr'>ad</span> <span class='ocrx_word' id='word_1_201' title='bbox 471 3667 712 3758; x_wconf 83' lang='lat' dir='ltr'>dimicandum,</span> <span class='ocrx_word' id='word_1_202' title='bbox 735 3669 877 3762; x_wconf 89' lang='lat' dir='ltr'>agminis</span> <span class='ocrx_word' id='word_1_203' title='bbox 896 3667 1048 3738; x_wconf 90' lang='lat' dir='ltr'>ordinem</span> <span class='ocrx_word' id='word_1_204' title='bbox 1070 3671 1116 3738; x_wconf 88' lang='lat' dir='ltr'>ita</span> <span class='ocrx_word' id='word_1_205' title='bbox 1136 3672 1311 3739; x_wconf 91' lang='lat' dir='ltr'>constituit</span> 
     </span>
    </p>
   </div>
   <div class='ocr_carea' id='block_1_6' title="bbox 262 3787 1310 4005">
    <p class='ocr_par' dir='ltr' id='par_1_7' title="bbox 262 3787 1310 4005">
     <span class='ocr_line' id='line_1_30' title="bbox 264 3787 1310 3884; baseline 0.002 -27"><span class='ocrx_word' id='word_1_206' title='bbox 264 3805 301 3857; x_wconf 90' lang='lat' dir='ltr'>ut</span> <span class='ocrx_word' id='word_1_207' title='bbox 325 3787 411 3884; x_wconf 88' lang='lat' dir='ltr'>legio</span> <span class='ocrx_word' id='word_1_208' title='bbox 435 3814 504 3876; x_wconf 87' lang='lat' dir='ltr'>vn,</span> <span class='ocrx_word' id='word_1_209' title='bbox 530 3813 615 3878; x_wconf 84' lang='lat' dir='ltr'>vm,</span> <span class='ocrx_word' id='word_1_210' title='bbox 637 3803 773 3860; x_wconf 77' lang='lat' dir='ltr'>inante</span> <span class='ocrx_word' id='word_1_211' title='bbox 799 3789 910 3857; x_wconf 89' lang='lat' dir='ltr'>omnia</span> <span class='ocrx_word' id='word_1_212' title='bbox 935 3791 1024 3856; x_wconf 90' lang='lat' dir='ltr'>irent</span> <span class='ocrx_word' id='word_1_213' title='bbox 1051 3790 1310 3882; x_wconf 87' lang='lat' dir='ltr'>impedimenta;</span> 
     </span>
     <span class='ocr_line' id='line_1_31' title="bbox 262 3907 1309 4005; baseline 0.001 -29"><span class='ocrx_word' id='word_1_214' title='bbox 262 3907 383 3977; x_wconf 88' lang='lat' dir='ltr'>deinde</span> <span class='ocrx_word' id='word_1_215' title='bbox 409 3911 559 3979; x_wconf 90' lang='lat' dir='ltr'>omnium</span> <span class='ocrx_word' id='word_1_216' title='bbox 586 3909 904 4004; x_wconf 85' lang='lat' dir='ltr'>impedimentorum</span> <span class='ocrx_word' id='word_1_217' title='bbox 925 3935 1043 4004; x_wconf 90' lang='lat' dir='ltr'>agmen</span> <span class='ocrx_word' id='word_1_218' title='bbox 1067 3910 1177 4005; x_wconf 92' lang='lat' dir='ltr'>(quod</span> <span class='ocrx_word' id='word_1_219' title='bbox 1197 3926 1309 3980; x_wconf 92' lang='lat' dir='ltr'>tamen</span> 
     </span>
    </p>
   </div>
   <div class='ocr_carea' id='block_1_7' title="bbox 0 0 1530 4772">
    <p class='ocr_par' dir='ltr' id='par_1_8' title="bbox 0 0 1530 4772">
     <span class='ocr_line' id='line_1_32' title="bbox 0 0 1530 4772; baseline 0 5"><span class='ocrx_word' id='word_1_220' title='bbox 0 0 1530 4772; x_wconf 95' lang='lat' dir='ltr'> </span> 
     </span>
    </p>
   </div>
  </div>
 </body>
</html>
