3050 4772
449 385 501 440 ne
520 383 642 440 nesso
666 353 831 440 estmoe
853 383 923 439 ms.
940 384 1003 438 vn.
1163 336 1169 352 ⁵
1192 383 1250 440 203

202 509 275 581 duee
301 535 335 580 se
365 511 454 579 acies
483 509 525 578 ab
554 507 684 578 duobus
710 505 869 578 lateribus
902 508 1106 595 ostendunt,
1136 535 1202 580 una
1231 535 1250 578 a

203 630 314 722 primo
338 630 471 724 agmine
497 630 561 698 iter
588 625 749 722 impedire
773 629 883 722 coepit.
910 630 988 719 Qua
1014 653 1050 696 re
1078 630 1250 713 nuntiata,

203 751 314 818 Caesar
333 771 430 818 suum
450 773 583 843 quoque
604 751 806 842 equitatum,
829 749 999 842 tripartito
1019 747 1251 836 divisum,''ire

202 884 322 941 contra
348 870 478 940 hostem
498 870 603 963 jubet.
634 871 809 963 Pugnatur
833 894 901 938 una
929 884 1009 939 tunc
1034 870 1189 939 omnibus
1215 871 1249 937 in

203 991 364 1084 partibus.
389 991 550 1061 Consistit
572 971 712 1085 agmen;
732 989 971 1085 impedimenta
994 993 1081 1061 inter
1103 989 1251 1086 legiones

203 1112 422 1204 recipiuntur.
444 1111 478 1182 Si
497 1134 562 1203 qua
581 1112 615 1179 in
636 1125 731 1206 parte
751 1113 857 1181 nostri
874 1109 1024 1182 laborare
1043 1127 1101 1182 aut
1119 1113 1251 1207 gravius

205 1232 313 1324 premi
332 1230 545 1318 videbantur,
563 1255 604 1302 eo
619 1233 714 1326 signa
727 1230 842 1301 inferri
856 1237 967 1302 Caesar
985 1234 1154 1326 aciemque
1173 1257 1251 1300 oon·

203 1351 289 1419 verti
314 1350 452 1443 jubebat
481 1375 489 1418 :
510 1375 653 1444 quaeres
672 1365 706 1420 et
727 1351 838 1421 hostes
859 1351 901 1422 ad
923 1352 1165 1446 insequendum
1182 1367 1252 1421 tar·

204 1468 319 1558 dabat,
338 1485 372 1540 et
387 1486 519 1544 nostros
541 1497 600 1566 spe
621 1471 735 1541 auxilii
752 1473 980 1542 confirmabat.
998 1473 1148 1542 Tandem
1164 1475 1251 1542 Ger·

205 1591 294 1660 mani
317 1590 358 1660 ub
383 1589 501 1660 dextro
527 1590 647 1681 latere,
672 1617 838 1662 summum
864 1594 982 1688 jugum
1007 1595 1112 1678 nacti,
1139 1591 1251 1660 hostes

207 1707 279 1780 loco
304 1709 491 1804 depellunt;
511 1711 675 1807 fugientes
693 1737 796 1807 usque
813 1712 855 1782 ad
874 1713 1014 1801 flumen,
1036 1712 1094 1780 ubi
1112 1712 1251 1779 Vercin-

206 1831 334 1925 getorix
356 1856 433 1900 cum
455 1832 662 1926 pedestribus
681 1835 785 1928 copiis
808 1833 1022 1919 consederat,
1048 1855 1253 1925 persequun-

206 1965 275 2038 tur,
289 1949 543 2045 compluresque
561 1953 776 2023 interficiunt.
790 1955 868 2042 Qua
881 1979 917 2022 re
936 1951 1185 2038 animadversa,
1202 1974 1253 2020 re·

205 2069 306 2164 liqui,
331 2097 374 2142 ue
407 2053 730 2142 circumvenirentur
760 2074 941 2162 veriti,⁴se
968 2073 1053 2167 fugae
1079 2071 1250 2141 mandant.

206 2169 370 2261 Omnibus
391 2189 471 2262 locis
490 2193 530 2262 fit
545 2193 657 2264 cedes.
675 2195 756 2263 Tres
774 2193 968 2263 nobilissimi
986 2193 1085 2263 AEdui
1100 2193 1188 2286 capti
1209 2191 1251 2260 ad

205 2311 370 2382 Caesarem
389 2312 618 2406 perducuntur
642 2339 649 2381 :
672 2317 794 2401 Cotus,
811 2313 983 2407 praefectus
1004 2315 1174 2407 equitum,
1193 2313 1250 2405 qui

206 2435 467 2504 controversiam
483 2459 559 2504 cum
576 2433 843 2505 Convictolitane
859 2436 1019 2529 proximis
1035 2434 1178 2503 comitiis
1192 2433 1252 2500 ha-

207 2553 345 2640 buerat;
373 2569 407 2622 et
438 2553 641 2643 Cauarillus,
672 2557 730 2648 qui
758 2569 833 2648 post
861 2554 1081 2623 defectionem
1110 2553 1252 2622 Litavici

208 2673 415 2767 pedestribus
442 2676 546 2769 copiis
570 2676 762 2768 praefuerat3
783 2691 815 2746 et
835 2675 1056 2768 Eporedorix,
1077 2698 1144 2767 quo
1169 2674 1253 2741 duce

206 2808 285 2865 aute
307 2793 489 2866 adventum
511 2796 649 2865 Caesaris
671 2796 769 2865 AEdui
795 2820 871 2864 cum
891 2795 1052 2888 Sequanis
1070 2791 1157 2862 bello
1174 2818 1255 2862 con·

210 2913 395 2984 tenderent.

257 3037 412 3105 LXVIII.
430 3037 559 3129 Fugato
575 3037 667 3105 omni
682 3040 848 3131 equitatu,
869 3037 1124 3131 Vercingetorix
1141 3036 1253 3130 copias

210 3179 300 3240 suas,
321 3169 359 3224 ut
379 3180 442 3249 pro
463 3157 579 3225 castris
605 3156 841 3247 collocaverat,
864 3156 1012 3241 reduxit;
1036 3158 1254 3250 protinusque

127 3353 136 3362 ⁸
210 3274 370 3363 Alesiam,
391 3276 481 3372 quod
500 3292 550 3346 est
576 3277 737 3372 oppidum
763 3276 1041 3364 Mandubiorum,
1063 3279 1125 3346 iter
1147 3277 1254 3346 facere

208 3397 324 3490 coepit3
348 3397 566 3494 celeriterque
590 3398 827 3492 impedimenta
847 3423 888 3467 ex
911 3400 1026 3468 castris
1043 3397 1156 3482 educi,
1173 3410 1254 3476 etse

209 3517 366 3610 subsequi
382 3518 491 3612 jussit.
513 3522 640 3606 Cesar,
661 3518 906 3612 impedimentis
926 3520 960 3587 in
977 3519 1166 3614 proximum
1185 3514 1254 3585 col·

206 3635 275 3704 lem
303 3637 470 3723 deductis,
496 3637 692 3732 ditabusque
718 3636 904 3734 legionibus
930 3638 1082 3732 presidio
1112 3635 1254 3723 relictis,

159 3759 164 3772 '
210 3775 358 3848 secutus,
377 3773 540 3853 quantum
553 3758 620 3829 diei
633 3776 764 3853 tempus
778 3772 827 3828 est
840 3784 990 3854 passum,
1003 3759 1136 3828 circiter
1151 3756 1254 3826 tribus

210 3877 357 3949 millibus
373 3881 520 3950 hostium
536 3905 576 3948 ex
592 3881 773 3950 novissimo
789 3882 921 3974 agmine
939 3879 1133 3964 interfectis,
1150 3876 1255 3947 altero

212 3998 264 4068 die
290 3998 333 4067 ad
354 3998 499 4069 Alesiam
527 4015 635 4069 castra
655 4000 743 4070 fecit.
766 4005 943 4094 Perspecto
968 4001 1058 4068 urbis
1078 4001 1159 4087 situ,
1186 4025 1255 4092 per-
