3048 4770
294 399 328 437 ra
450 384 484 437 C.·
503 383 599 438 JULII
621 381 783 438 CAESARIS
805 381 1173 437 COMMENTARIORUM

291 506 380 598 qnod
397 506 667 576 necessariorem
685 522 820 575 coactus
829 505 974 574 'Caesaris
992 505 1193 592 enunciant,
1212 502 1330 572 intelli·

289 650 367 718 gere
380 649 468 713 sese,
491 641 618 718 quanto
641 625 676 694 id
692 651 769 694 cum
796 624 947 719 periculo
976 624 1104 712 fecerit3
1130 639 1164 691 ct
1180 625 1223 691 ob
1257 649 1329 692 eam

288 769 436 830 causam,
454 770 554 838 quam
573 746 630 814 diu
647 749 807 841 potuerit,
823 749 972 816 tacuisse.
990 775 1007 810 s

335 868 460 935 XVIII.
486 867 595 934 Caesar
610 867 680 935 *hac
703 868 852 936 oratione
874 867 962 936 Lisci
987 867 1250 961 Dumnorigem,
1271 867 1329 934 Di-

289 987 399 1055 vitiaci
417 986 566 1072 fratrem,
585 986 750 1082 designari
769 987 953 1056 sentiebat:
976 985 1048 1070 scd,
1069 985 1159 1078 quod
1178 983 1330 1077 pluribus

289 1106 504 1200 praesentibus
523 1131 577 1176 eas
596 1133 650 1176 res
671 1109 786 1201 jactari
807 1107 954 1192 nolebat,
976 1104 1127 1174 celeriter
1150 1101 1327 1173 concilium

288 1225 442 1312 dimittit,
459 1228 597 1296 Liscum
608 1229 740 1296 retinet.
758 1228 889 1315 Quaerit
898 1252 938 1295 ex
956 1223 1026 1294 solo
1042 1249 1096 1313 ea,
1111 1250 1185 1319 qum
1203 1226 1238 1292 in
1254 1229 1329 1291 con·

289 1358 391 1412 ventu
410 1344 547 1413 dixerat.
566 1347 658 1416 Dicit
677 1346 812 1416 liberius
832 1362 931 1439 atque
948 1345 1115 1415 audacius.
1137 1345 1260 1414 Eadem
1279 1370 1330 1412 se-

288 1479 380 1532 creto
391 1465 433 1532 ab
444 1462 516 1534 aliis
526 1467 794 1560 quaerit3reperit
803 1491 874 1535 esse
884 1469 1134 1559 veratslpsum
1143 1490 1213 1534 esse
1224 1467 1330 1533 Dum·

288 1585 457 1678 norigem,
477 1609 606 1653 summa
633 1586 784 1674 audacia,
813 1611 933 1680 magna
957 1587 1046 1680 apud
1071 1586 1202 1681 plebem
1231 1610 1330 1679 prop·

288 1716 338 1773 ter
355 1703 586 1775 liberalitatem
612 1708 736 1801 gratia,
758 1707 985 1801 cupidumque
1006 1731 1117 1777 rerum
1138 1730 1299 1775 novarum
1320 1732 1327 1772 :

287 1826 474 1920 complures
493 1852 599 1897 annos
618 1825 783 1921 portoria,
798 1827 991 1921 reliquaque
1010 1828 1122 1896 omnia
1144 1826 1329 1926 AEduorum

287 1947 462 2040 vectigalia
475 1972 579 2042 parvo
590 1948 699 2043 pretio
708 1947 879 2040 redempta
888 1946 1024 2030 habere3
1042 1961 1216 2041 propterea
1225 1945 1328 2038 quod,

288 2063 346 2133 illo
358 2064 495 2153 licente,
508 2082 626 2137 contra
636 2065 729 2135 liceri
739 2066 860 2134 audeat
869 2091 978 2134 nemo.
991 2066 1051 2135 His
1065 2066 1165 2134 rebus
1180 2079 1214 2133 et
1233 2089 1326 2134 suam

287 2208 357 2250 rem
383 2183 580 2254 familiarem
612 2187 758 2271 auxisse,
784 2198 817 2253 et
848 2183 1021 2253 facultates
1048 2182 1091 2252 ad
1120 2181 1328 2277 largiendum

288 2327 424 2398 magnas
446 2327 669 2396 comparasse,
691 2329 851 2399 magnum
873 2327 1051 2372 nnmerum
1074 2302 1241 2395 equitatus
1269 2326 1329 2370 suo

287 2437 422 2515 sumptu
433 2447 562 2516 semper
577 2422 679 2511 alere,
699 2437 734 2493 et
747 2426 873 2493 circum
888 2447 923 2492 se
936 2424 1058 2492 habere
1072 2449 1080 2491 ε
1094 2447 1202 2516 neque
1219 2421 1328 2491 solum

287 2541 394 2628 domi,
408 2542 466 2611 sed
485 2545 585 2612 etiam
606 2543 696 2637 apud
712 2543 869 2612 finitimas
882 2545 1030 2612 civitates
1046 2543 1182 2637 largiter
1201 2568 1298 2637 posse
1320 2571 1327 2612 :

287 2676 387 2754 atquc
406 2663 507 2757 hujus
531 2665 690 2758 potentiae
712 2688 811 2732 causa
832 2677 973 2732 matrem
992 2662 1027 2730 in
1046 2664 1251 2758 Biturigibus
1271 2665 1330 2733 ho-

288 2782 369 2848 mini
383 2779 452 2851 illic
467 2781 672 2852 nobilissimo
687 2807 726 2852 ac
748 2783 978 2876 potentissimo
998 2780 1175 2852 collocasse
1193 2808 1201 2852 t
1219 2786 1329 2877 ipsum

288 2923 328 2966 ex
349 2901 508 2970 Helvetiis
527 2927 664 2971 uxorem
680 2904 802 2972 habere
819 2927 827 2970 :
843 2927 990 2971 sororem
1006 2927 1047 2971 ex
1066 2918 1185 2991 matre,
1205 2917 1236 2971 et
1253 2927 1329 2996 pro·

288 3019 518 3111 pinquassuas
534 3037 676 3116 nuptum
693 3024 728 3090 in
741 3020 820 3091 alias
835 3023 984 3091 civitates
1001 3020 1180 3091 collocasse
1196 3049 1204 3091 :
1221 3022 1329 3090 favere

288 3152 321 3206 et
338 3163 460 3231 cupere
473 3139 631 3210 Helvetiis
646 3155 782 3235 propter
794 3167 867 3209 eam
883 3141 1096 3209 affinitatem:
1108 3140 1216 3209 odisse
1230 3143 1327 3209 etiam

288 3281 350 3327 suo
368 3261 503 3327 nomine
519 3263 681 3329 Caesarem
698 3274 730 3328 et
745 3265 928 3343 Romanos,
942 3260 1032 3354 quod
1050 3285 1165 3328 eorum
1182 3259 1329 3329 adventu

289 3379 437 3471 potentia
452 3379 523 3471 ejus
536 3378 720 3465 deminuta,
737 3379 968 3450 ctDivitiacus
984 3379 1085 3448 frater
1100 3380 1135 3447 in
1152 3380 1329 3472 antiquum

290 3494 400 3565 locum
420 3499 534 3591 gratiae
553 3512 652 3592 atque
670 3499 806 3567 honoris
825 3500 868 3568 sit
886 3500 1071 3568 restitutus.
1090 3498 1223 3592 Siquid
1241 3501 1329 3568 acci·

289 3618 347 3686 dat
356 3617 531 3703 Romanis,
545 3643 708 3687 summam
725 3619 759 3686 in
772 3643 864 3712 spem
882 3621 976 3712 regni
993 3618 1165 3687 obtinendi
1177 3639 1237 3710 per
1250 3616 1329 3684 Hel-

290 3739 394 3806 vetios
405 3738 533 3822 venire3
544 3738 685 3830 imperio
696 3735 811 3830 populi
824 3739 952 3806 romani
967 3763 1034 3805 non
1048 3737 1197 3806 modode
1209 3761 1327 3829 regno,

291 3857 465 3926 sedetiam
486 3858 526 3926 de
546 3883 601 3945 ea,
619 3883 720 3951 quarn
739 3858 873 3944 habeat,
893 3860 998 3952 gratia
1018 3859 1236 3951 desperare.»
1260 3859 1328 3924 Re·

292 3979 438 4070 periebat
463 3980 562 4048 etiam
591 3981 632 4046 in·
658 3977 835 4072 querendo
863 3982 988 4065 Caesar,
1019 3979 1144 4072 equod
1173 3976 1329 4072 proeliunr
