3050 4772
459 337 510 394 nn
529 335 653 392 renco
674 337 838 394 cmnrco
860 339 928 393 un.
945 339 1008 394 vu.
1202 361 1257 419 ¹79

211 463 337 556 impetu
360 455 582 556 petiverunt:
607 487 750 558 parsque
771 464 833 552 ibi,
852 487 957 556 quum
979 481 1121 558 angusto
1145 483 1258 560 porta·

212 607 287 651 rum
318 587 410 650 exitu
435 605 470 650 se
495 583 558 676 ipsi
583 596 788 676 premerent,
820 607 838 650 a
867 581 1044 670 militibus,
1067 609 1161 679 pars,
1189 588 1259 681 jam

212 725 342 796 egresse
356 702 477 796 portis,
492 702 534 770 ab
552 703 719 797 equitibus
734 717 784 771 est
800 702 973 770 interfecta
992 729 1002 771 :
1019 728 1081 773 nec
1095 703 1159 773 fuit
1175 707 1260 799 quis·

213 845 329 913 quam,
345 822 402 914 qui
419 821 537 914 praedae
549 821 705 892 studeret.
721 824 776 891 Sic
790 835 824 890 et
836 823 1028 892 Genabensi
1040 824 1147 912 caede,
1163 839 1198 892 et
1214 823 1260 892 la·

212 943 294 1012 bore
314 945 424 1037 operis
446 945 593 1030 incitati,
614 921 682 1013 non
703 959 797 1012 aetate
822 919 996 1032 confectis,
1018 969 1086 1013 non
1112 944 1261 1014 mulieri-

213 1064 291 1152 bus,
312 1087 381 1131 non
402 1062 584 1133 infantibus
605 1079 836 1158 pepercerunt.
865 1065 1019 1158 Denique
1044 1089 1086 1133 ex
1105 1065 1197 1132 omni
1221 1089 1261 1133 eo

214 1207 372 1272 numero,
402 1184 460 1276 qul
485 1182 707 1254 fuit‘circiter
735 1209 778 1253 xa
806 1181 962 1270 millium,
988 1185 1043 1252 vix
1071 1207 1176 1270 noce,
1204 1187 1261 1278 qui

184 1307 191 1316 '
215 1305 324 1397 primo
341 1302 486 1373 clamore
499 1303 615 1372 audito
632 1328 666 1372 se
682 1328 722 1372 ex
736 1303 860 1397 oppido
878 1305 1061 1396 ejecerant,
1080 1302 1263 1374 incolumes

216 1422 258 1492 ad
278 1422 585 1518 Vercingetorigem
605 1436 839 1516 pervenerunt.
863 1425 958 1513 Quos
976 1421 1046 1508 ille,
1067 1421 1173 1492 multa
1193 1425 1263 1518 jam

216 1555 328 1626 nocte,
347 1541 481 1611 silencio
501 1567 540 1610 ex
559 1541 638 1636 luga
660 1543 788 1636 excepit
810 1541 967 1636 (veritus,
988 1567 1031 1610 ne
1049 1567 1115 1635 qua
1136 1543 1171 1609 in
1192 1567 1263 1610 cas·

217 1664 278 1732 tris
294 1686 335 1730 ex
352 1685 468 1730 eorum
483 1686 648 1746 concursu
663 1675 696 1730 et
712 1661 938 1730 misericordia
953 1661 1046 1756 vulgi
1062 1661 1181 1730 seditio
1196 1663 1263 1730 ori·

221 1780 350 1876 retur),
364 1795 416 1869 ut,
432 1780 549 1874 procul
565 1782 599 1848 in
613 1782 665 1852 via
680 1780 847 1874 dispositis
860 1777 1077 1850 familiaribus
1090 1781 1158 1848 suis
1172 1781 1265 1873 prin·

217 1902 416 1995 'alpibusque
424 1900 838 1994 civitatum,disparendos
848 1898 1126 1992 deducendosque
1135 1899 1177 1969 ad
1187 1925 1265 1969 suos

221 2036 368 2110 curaret,
382 2047 456 2116 quae
466 2023 587 2115 cuique
602 2021 729 2090 civitati
740 2045 816 2114 pars
836 2035 1021 2090 castrorum
1038 2020 1079 2088 ab
1097 2021 1194 2090 initio
1210 2023 1266 2090 ob·

220 2157 367 2212 venerat.

268 2265 394 2332 XXIX.
415 2264 553 2332 Postero
569 2261 623 2332 die
639 2259 781 2376 cpncilio
797 2275 997 2346 convocato,
1010 2259 1199 2330 consolatus
1215 2285 1266 2328 eo

222 2383 439 2476 hortatusque
460 2397 530 2468 est,
550 2411 566 2447 a
587 2406 629 2452 ne
647 2407 682 2450 se
699 2380 877 2450 admodum
899 2382 1012 2449 animo
1035 2380 1266 2466 demitterent,

223 2527 305 2572 neve
325 2503 602 2596 perturbarentur
621 2501 858 2571 incommodo:
876 2525 944 2569 non
962 2501 1087 2568 virtute
1104 2521 1211 2592 neque
1229 2501 1264 2565 in

223 2625 295 2692 acie
316 2623 433 2690 vicisse
454 2625 638 2708 Romanos,
659 2620 716 2716 sed
738 2621 879 2690 artificio
901 2619 1046 2714 quodam
1071 2634 1104 2687 et
1130 2619 1266 2686 scientia
1333 2694 1336 2702 ¹

224 2741 497 2836 oppugnationis,
511 2743 606 2833 cujus
619 2742 668 2809 rei
683 2741 805 2810 fiterint
824 2740 887 2832 ipsi
906 2739 1051 2832 imperiti
1071 2764 1078 2806 :
1095 2761 1220 2825 errare,
1238 2741 1264 2807 si

225 2862 282 2955 qui
306 2862 340 2928 in
363 2858 451 2929 bello
474 2859 774 2929 omnes-secundos
797 2883 909 2929 rerum
933 2870 1114 2951 proventus
1134 2881 1267 2952 exspec-

227 2997 297 3050 tent
317 3007 324 3050 :
346 2981 409 3050 sibi
434 3004 606 3073 nunquam
625 2979 787 3074 placuisse
812 2981 991 3050 Avaricum
1010 2977 1157 3067 defendi,
1174 2982 1266 3074 cujus

227 3103 273 3170 rei
291 3115 391 3171 testes
407 3102 495 3194 ipsos
513 3100 665 3184 baberet3
681 3099 740 3168 sed
757 3100 882 3169 factum
902 3098 1125 3193 imprudentia
1142 3101 1267 3169 Bituri-

227 3247 324 3315 gum,
345 3237 379 3290 et
399 3221 502 3290 nimia
518 3220 735 3312 obsequentia
753 3217 977 3313 reliquorum,
993 3221 1042 3288 uti
1061 3221 1124 3289 boc
1143 3223 1269 3289 incom-

229 3340 366 3410 modum
390 3341 597 3434 acciperetur
622 3364 629 3408 :
654 3338 688 3408 id
715 3353 826 3408 tamen
852 3363 885 3407 se
915 3335 1066 3409 celeriter
1088 3341 1268 3434 majoribus

229 3461 412 3530 commodis
432 3473 636 3528 sanaturum.
657 3459 744 3528 Nam
763 3483 836 3554 quse
854 3460 896 3527 ab
913 3458 1050 3552 reliquis
1065 3457 1170 3528 Gallis
1189 3461 1272 3529 civi··

229 3595 313 3650 tates
327 3580 557 3664 dissentirent,
570 3579 628 3647 bas
643 3602 702 3646 sua
719 3575 889 3673 diligentia
906 3579 1158 3671 adjunctorum,
1171 3595 1269 3674 atque

229 3725 333 3770 unum
361 3698 537 3768 consilium
564 3701 666 3768 totius
692 3697 809 3768 Galliae
833 3698 1045 3788 effecturum,
1069 3699 1164 3794 cujus
1192 3722 1271 3768 con·

229 3845 327 3890 sensu
344 3799 385 3889 ne
405 3821 494 3890 orbis
513 3819 648 3913 quidem
670 3830 831 3888 terrarum
849 3820 953 3913 possit
971 3821 1151 3889 obsistere:
1171 3820 1271 3914 idque

230 3965 266 4009 se
289 3963 394 4034 prope
407 3940 476 4032 jam
498 3939 654 4008 effectum
674 3937 806 4007 habere.
829 3941 958 4006 lnterea
976 3963 1106 4032 aequum
1124 3965 1210 4028 esse,
1230 3941 1271 4007 ab

1078 4089 1127 4132 Π.
