3088 4766
298 355 335 410 82
453 356 483 411 (ὲ
500 354 598 412 JULII
618 353 780 412 CAESARJS
800 353 1163 412 comutnfflonum

298 478 439 550 titudine
458 478 679 558 Numida-rum
697 479 930 550 eonferreturr
956 478 1156 548 becumen
1178 477 1221 546 ab
1242 476 1326 570 ipsis
1420 531 1424 542 .

298 599 444 670 inflatius
456 601 815 687 commemorabantur,
828 615 866 670 ut
877 597 918 670 de
932 600 998 669 suis
1010 599 1160 668 homines
1174 595 1327 670 laudibus

299 719 438 790 libenter
450 721 639 817 pradicant.
652 719 762 790 Mults
772 735 929 814 pretereat
939 717 1044 814 spolia
1053 717 1326 812 praefembantur‚

299 843 388 935 capti
403 841 552 910 homines
572 841 766 935 equitesque
785 817 1071 934 prodaieebapturs
1092 852 1146 927 ut,
1165 833 1327 929 quidquid

300 959 513 1030 intercederet
530 961 704 1054 temporis,
720 961 784 1028 boe
800 982 896 1028 omne
912 939 1083 1028 vietoriam
1098 955 1222 1025 morari
1239 953 1329 1023 ride·

300 1093 401 1148 retur.
428 1082 478 1148 lta
504 1081 573 1173 spei
601 1081 757 1150 Curionis
775 1077 926 1154 *militum
952 1076 1059 1147 studia
1088 1099 1155 1144 non
1178 1073 1325 1142 deerant.

220 1235 222 1239 ·
300 1199 435 1291 Equites
455 1201 548 1291 sequi
567 1198 661 1296 jubet
691 1221 779 1288 sese,
806 1199 933 1289 iterque
958 1194 1134 1282 accelerat,
1164 1182 1328 1286 utquam

301 1319 441 1386 maxime
466 1341 506 1386 ea
529 1318 607 1413 suga
626 1318 817 1412 perterritos
836 1317 959 1388 adoriri
979 1329 1098 1410 posset.
1126 1318 1170 1383 At
1189 1311 1257 1397 illi,
1276 1313 1328 1382 iti·

299 1431 381 1505 nere
394 1439 493 1506 totius
506 1439 611 1508 noetis
625 1439 766 1510 consecti
776 1488 786 1526 ,
798 1437 953 1529 subsequi
966 1460 1033 1504 non
1043 1448 1197 1528 poterant
1206 1482 1217 1522 ,
1227 1447 1327 1526 atque

208 1627 215 1652 δ
302 1553 357 1625 atii
370 1555 435 1625 alio
452 1555 526 1626 loeo
543 1557 748 1626 resistebant.
767 1558 819 1628 Ne
834 1557 904 1624 hec
922 1553 1055 1649 quidem
1075 1577 1128 1622 res
1138 1553 1328 1658 ,Curionem

301 1672 343 1746 ad
361 1699 452 1769 spem
469 1677 669 1746 morabatur.

323 1842 329 1850 ·
349 1799 419 1866 xl.
444 1799 463 1864 J
466 1795 546 1883 uba,
561 1795 683 1866 certior
700 1796 804 1865 faetus
819 1819 839 1864 a
854 1795 979 1866 Sabura
996 1793 1038 1862 de
1057 1807 1223 1862 nocturno
1239 1815 1326 1886 pree·

302 1914 367 2002 lio,
386 1914 454 1984 duo
469 1913 571 1983 millia
587 1913 802 2006 hispanorum
823 1929 857 1982 et
872 1912 1033 2008 gallorum
1052 1912 1223 2005 equitum,
1244 1933 1328 2003 quos

303 2057 370 2102 sue
385 2033 543 2105 custodie
560 2057 659 2102 causa
676 2033 800 2102 circum
821 2055 855 2100 se
873 2033 994 2101 habere
1006 2046 1203 2117 ¹consueret,
1219 2045 1253 2100 et
1269 2055 1329 2124 pe·

303 2151 409 2220 ditum
422 2175 494 2221 eam
507 2167 653 2244 partem,
667 2153 720 2220 cui
735 2151 874 2220 maxime
887 2149 1091 2236 confidebat,
1105 2151 1240 2220 Sabure
1253 2150 1329 2218 sub-

305 2267 409 2340 mittit
425 2295 433 2336 :
451 2271 520 2362 ipse
534 2294 611 2340 cum
624 2269 760 2363 reliquis
774 2271 875 2364 copiis
890 2267 1137 2364 elephantisque
1151 2267 1329 2339 ualentius

304 2379 532 2483 subseqttitur,
547 2390 750 2484 suspicatus,
764 2391 938 2483 premissis
952 2388 1138 2482 equitibus,
1153 2389 1260 2481 ipsum
1270 2385 1330 2474 ad·

304 2507 374 2576 sore
389 2509 580 2582 Curionem.
599 2509 726 2578 Sabura
743 2510 855 2602 copias
872 2507 1252 2601 equitum‘peditumque
1275 2508 1329 2575 in·

305 2629 422 2716 struit,
437 2643 535 2721 atque
552 2629 604 2696 bis
618 2629 776 2722 imperat,
790 2643 829 2696 ut
846 2624 1056 2699 simulatione
1075 2625 1202 2695 timoris
1219 2622 1331 2721 paula·

305 2749 365 2816 tim
382 2745 519 2834 cedant,
535 2747 706 2841 repedem
723 2747 882 2833 referant3
901 2771 990 2834 sese,
1008 2769 1112 2839 quum
1129 2769 1211 2840 opus
1229 2758 1330 2828 esset,

216 2885 222 2890 '
305 2867 436 2960 signum
453 2865 558 2960 proelii
574 2866 749 2951 daturum,
764 2879 818 2953 et,
835 2866 924 2959 quod
940 2889 1011 2934 rem
1027 2847 1194 2960 postulare
1211 2887 1332 2957 cogno·

304 2988 424 3072 risset,
438 2987 686 3079 imperaturum.
702 2986 823 3070 Curio,
841 2985 883 3054 ad
895 2987 1100 3080 superiorem
1113 3008 1205 3080 spem
1219 2982 1331 3054 addita

306 3107 475 3198 praesentis
495 3105 653 3198 temporis
671 3105 846 3198 opinione,
866 3105 977 3176 hostes
997 3105 1112 3201 sugere
1132 3105 1331 3190 arbitratus,

305 3224 417 3316 copias
435 3245 476 3290 ex
493 3219 574 3296 locis
591 3224 815 3317 superioribus
834 3226 869 3294 in
886 3249 1040 3319 eampum
1058 3224 1203 3296 deducit.

351 3344 439 3410 XLI.
466 3342 597 3430 Quibus
612 3367 653 3411 er
669 3341 749 3414 loeis
764 3368 868 3436 quum
883 3343 1012 3438 longius
1026 3358 1110 3414 esset
1125 3367 1333 3439 progressus,

305 3461 455 3532 confecto
472 3463 541 3556 jam
562 3460 674 3534 labore
694 3465 858 3550 exercitu,
885 3489 944 3535 rvr
968 3440 1108 3535 millium
1128 3465 1236 3557 spatio
1253 3487 1333 3530 eon-

305 3583 399 3653 sistit.
419 3585 486 3653 Dat
503 3584 569 3652 suis
585 3585 716 3679 signum
734 3583 877 3673 Sabura,
893 3587 998 3656 aciem
1012 3583 1201 3670 constituit,
1219 3595 1253 3651 et
1267 3583 1334 3652 eir·

305 3703 431 3772 cumire
446 3702 578 3771 ordines
595 3717 694 3795 atque
711 3703 836 3772 hortari
853 3703 988 3798 incipit3
1005 3702 1062 3772 sed
1078 3701 1228 3800 peditatu
1245 3699 1332 3770 dun-

306 3835 395 3892 taxat
413 3821 529 3916 proeul
546 3822 589 3892 ad
607 3824 749 3917 speeiem
764 3825 889 3912 utitur,
905 3823 1032 3917 equites
1047 3825 1083 3892 in
1097 3825 1206 3900 aciem¹
1220 3822 1332 3893 mittit.

306 3941 383 4012 Non
408 3939 498 4012 deest
522 3943 655 4038 negotio
677 3945 799 4031 Curio,
824 3965 965 4037 suosque
989 3943 1159 4032 bortatur,
1183 3923 1220 4013 ut
1241 3965 1333 4038 spem
