3026 4768
281 370 335 424 su,
438 347 469 414 c.
490 358 587 415 tum
608 360 774 417 casteis
796 359 1165 416 conunnranlouun

278 497 393 571 vento,
415 482 578 553 ferventes
596 483 690 554 litsili-
706 509 747 554 ex
766 482 885 579 argilla¹
903 483 1040 580 glandes
1060 484 1186 568 fundis,
1203 495 1236 550 et
1255 481 1317 549 fer-

278 602 403 671 vefacta
426 601 538 696 jacula
563 605 598 672 in
623 621 831 696 casas,vquae
857 627 949 672 more
974 601 1107 673 Gallico
1135 609 1317 676 stramentis

277 736 371 791 erant
393 736 507 812 tectae,
525 725 636 817 jacere
654 735 836 817 coeperunt.
859 727 919 792 ttae
935 720 1088 792 celeriter
1104 722 1215 816 ignem
1231 745 1318 792 com-

277 842 550 936 prehenderunt,
565 857 601 912 et
621 844 713 922 renti
734 840 964 936 magnitudine
987 844 1022 910 in
1046 865 1180 910 omnem
1199 855 1320 911 castro-

277 987 353 1031 rum
380 961 491 1032 locum
514 962 724 1032 distulerunt.
746 967 882 1051 Hostes,
908 963 1053 1030 maximo
1075 959 1327 1032 clamore-iusc-

278 1084 363 1171 cuti,
389 1086 483 1176 quasi
509 1097 604 1178 parta
625 1085 695 1178 jam
720 1096 820 1176 atque
841 1075 1189 1177 explorataviotoria,
1215 1099 1323 1152 turres

280 1201 528 1296 testudinesque
552 1227 667 1298 agere,
693 1219 732 1272 et·
749 1201 845 1272 scalis
866 1201 989 1272 vallum
1013 1201 1191 1271 ascendere
1216 1225 1324 1294 coepe-

279 1336 370 1390 runt.
392 1325 434 1392 At
453 1337 547 1393 tanta
567 1323 713 1393 militum
731 1325 836 1392 virtus
854 1339 954 1418 atque
971 1348 1010 1392 ea
1028 1324 1203 1418 praescntia
1219 1323 1321 1391 animi

279 1440 364 1528 fuit,
380 1455 434 1530 ut,
449 1440 553 1535 quum
566 1443 715 1537 undique
727 1443 861 1518 flamma
873 1459 1095 1532 torrerentur,
1113 1443 1325 1534 maximaque

280 1559 422 1630 telorum
442 1558 655 1632 multitudine
674 1577 920 1658 premerentur,
939 1588 1065 1657 suaque
1085 1564 1325 1654 omniaimpe·

280 1679 426 1749 dimonte
443 1695 543 1774 atque
559 1673 677 1751 'omnes
696 1683 845 1752 fortunas
862 1683 1067 1778 conflagrare
1083 1681 1323 1776 intelligerent,

280 1823 348 1867 non
369 1800 469 1869 modo
490 1800 699 1896 demigrandi
718 1827 816 1872 causa
837 1803 878 1872 de
901 1801 990 1871 vallo
1015 1802 1188 1871 decederet
1207 1825 1323 1888 nemo,

280 1919 339 1987 sed
362 1943 455 2012 paene
474 1944 517 1988 ne
536 1923 713 2016 respiceret
735 1919 870 2015 quidem
889 1925 1084 2016 quisquam,
1104 1936 1232 2002 actum
1254 1945 1325 1989 orn·

281 2063 339 2106 nes
361 2039 521 2108 acerrime
538 2038 782 2133 fortissimeque
804 2055 1001 2136 pugnarent.
1020 2043 1085 2110 Hic
1107 2041 1177 2109 dies
1201 2043 1324 2108 nostris

281 2157 380 2253 longe
394 2160 606 2253 granssimus
617 2159 694 2246 fain
710 2160 768 2229 sed
783 2175 892 2230 tamen
909 2160 999 2230 hunc
1015 2161 1132 2230 habuit
1149 2177 1322 2235 eventurn.

281 2293 319 2347 ut
333 2304 372 2348 eo
390 2279 443 2347 die
460 2281 621 2348 maximus
637 2281 782 2350 hostium
803 2305 961 2350 numerus
977 2279 1208 2349 vulneraretur
1221 2296 1323 2373 atque

281 2399 538 2486 interficeretur3
553 2414 591 2469 ut
608 2425 643 2468 se
652 2401 713 2469 sub
730 2403 801 2493 ipso
815 2398 902 2470 vallo
916 2401 1203 2494 constipaverant,
1217 2425 1323 2469 reces-
1386 2395 1387 2398 ¹

279 2544 425 2614 sumque
440 2521 555 2615 primis
575 2519 685 2590 ultimi
709 2546 776 2590 non
795 2520 927 2589 dabant
954 2519 1094 2589 Paulum
1114 2519 1246 2612 quidem
1269 2523 1321 2588 in—

281 2637 429 2705 termissa
451 2637 600 2724 flamma,
623 2653 656 2707 et
681 2639 825 2732 quodam
853 2636 928 2706 loco
951 2639 1036 2707 turri
1056 2638 1172 2706 adacta
1188 2652 1222 2706 et
1240 2661 1323 2706 con·

280 2758 429 2851 tingente
448 2757 588 2847 vallum,
607 2763 711 2830 tertiae
731 2760 877 2829 cohortis
892 2761 1105 2828 centuriones
1122 2782 1233 2845 exeo,
1253 2783 1323 2852 quo

280 2879 426 2965 stabant,
449 2878 523 2950 loco
543 2895 769 2966 recesserunt,
788 2904 930 2973 suosque
954 2905 1068 2949 omnes
1092 2895 1323 2966 removerunt3

281 3000 586 3094 nutuvocibusquc
603 3001 731 3089 hostes,
752 3003 778 3069 si
798 2999 1095 3089 introirevellent,
1112 3025 1231 3069 vocare
1257 3026 1324 3068 coe·

281 3131 406 3208 perunt
422 3143 430 3184 ε
448 3143 591 3210 quorum
601 3119 757 3215 progredi
771 3144 869 3188 ausus
883 3133 934 3188 est
948 3145 1057 3188 nemo.
1071 3123 1158 3188 Tum
1175 3146 1215 3187 ex
1229 3122 1324 3188 omni

280 3249 376 3328 parte
386 3235 551 3331 lapidibus
561 3241 719 3333 conjectis
728 3238 1085 3331 deturbati,turrisque
1094 3263 1251 3308 succensa
1261 3255 1321 3309 est

329 3359 450 3427 XLIV.
474 3361 578 3428 Erant
604 3361 639 3428 in
667 3385 705 3428 ea
729 3358 857 3454 legione
878 3358 1048 3427 fortissimi
1067 3358 1130 3425 viri
1155 3361 1324 3428 centurio·

280 3504 357 3568 nes,
373 3481 432 3574 qui
446 3479 516 3573 jam
531 3481 648 3575 primis
663 3481 835 3549 ordinibus
851 3479 1173 3573 appropinquarent,
1188 3482 1227 3547 T.
1245 3479 1324 3548 Pul-

280 3599 340 3686 fio,
359 3615 392 3668 et
411 3602 449 3668 L.
471 3603 633 3668 Varenus.
653 3603 696 3669 Hi
721 3614 897 3693 perpetuas
920 3601 1009 3666 inter
1025 3623 1059 3666 se
1081 3601 1324 3667 controversias

279 3719 460 3804 habebant,
470 3721 608 3814 quinam
618 3718 851 3806 anteferretur,
860 3718 1080 3809 omnibusque
1093 3719 1187 3786 annis
1196 3717 1237 3786 dc
1248 3716 1324 3786 loco

280 3840 418 3906 summis
434 3839 657 3909 simultatibus
678 3837 939 3907 contendebant·
953 3839 1002 3905 Ex
1020 3836 1059 3904 iis
1080 3834 1200 3924 Pulf10,
1218 3859 1323 3930 quum

282 3962 441 4028 scamina
457 3961 498 4028 ad
514 3960 717 4031 munitiones
732 3972 938 4050 pugnaretur
955 3982 962 4024 :
980 3987 996 4020 s
1011 3956 1104 4046 Quid
1114 3956 1262 4045 dubitas,
1276 3957 1326 4024 in-
