3050 4772
244 391 299 442 ¹7²
399 374 430 429 C.
454 374 549 430 JULII
571 374 735 431 cffisnnts
756 368 1124 452 COMMENTARIORUM

241 498 406 587 celeriter,
423 498 514 593 quod
523 500 730 585 babuerunt,
744 509 1034 590 consumpserunt.
1053 495 1189 561 Summa
1203 491 1288 564 diffi-

241 616 364 686 cultate
380 621 428 687 rei
443 619 669 689 frumentariae
689 619 809 688 affecto
824 617 970 686 exercitu
983 666 993 699 ,
1012 614 1174 682 tenuitate
1189 613 1290 681 Boio·

242 761 335 827 rum,
355 737 565 834 indiligentia
585 741 786 827 AEduorum,
808 734 969 806 incendiis
987 733 1221 819 aedificiorum,
1238 759 1292 801 us·

242 882 309 950 quc
338 882 378 926 eo
405 873 442 927 ut
465 859 655 953 complures
681 860 750 929 dies
774 856 896 927 milites
916 855 1086 924 frumento
1108 855 1291 940 caruerint,

243 993 277 1047 et
301 1003 422 1073 pecore
442 1004 461 1048 e
479 978 770 1074 longinquioribus
794 980 875 1047 vicis
896 975 1016 1044 adacto
1037 989 1220 1066 extremam
1244 974 1292 1042 fa·

243 1124 333 1167 mem
350 1113 591 1186 sustentarent,
606 1097 698 1168 nulla
716 1114 825 1190 tamen
841 1123 903 1165 vox
920 1111 970 1165 est
983 1094 1024 1164 ab
1037 1096 1076 1162 iis
1093 1095 1223 1180 audita,
1237 1118 1292 1186 po·

245 1217 315 1311 puli
338 1221 469 1288 romani
489 1222 659 1314 majestate
678 1234 712 1289 et
731 1217 957 1312 superioribus
976 1216 1123 1284 victoriis
1145 1213 1291 1307 indigna.
1383 1221 1385 1224 ’

245 1339 463 1427 Quinetiam
479 1342 600 1426 Caesar,
616 1366 719 1434 quum
736 1341 772 1407 in
789 1363 889 1433 opere
907 1334 1054 1431 singulas
1072 1334 1314 1430 legiones.ap·-

246 1455 403 1550 pelleret,
427 1474 476 1546 et,
493 1463 520 1528 si
539 1459 691 1530 acerbius
708 1460 854 1553 inopiam
870 1438 1010 1544 ferrent,
1026 1481 1061 1524 se
1078 1455 1293 1526 dimissurum

247 1581 533 1672 oppugnationem
554 1580 695 1668 diceret,
717 1579 862 1648 universi
880 1577 921 1645 ab
942 1602 995 1664 eo,
1009 1609 1025 1641 a
1043 1602 1086 1644 ne
1104 1575 1137 1643 id
1156 1576 1293 1659 faceret,

248 1699 407 1793 patebant
427 1725 434 1766 :
454 1701 502 1770 sic
526 1727 561 1770 se
584 1700 772 1796 complures
796 1723 901 1767 annos
929 1696 988 1766 illo
1013 1699 1200 1792 imperante
1224 1721 1294 1764 me·

249 1821 356 1889 ruisse
381 1835 417 1889 ut
441 1818 567 1890 nullam
588 1821 804 1915 ignominiam
825 1819 1031 1914 acciperent,
1050 1837 1220 1910 nunquam
1244 1816 1294 1882 in·

230 1940 336 2008 'fecta
356 1966 393 2008 re
412 1941 638 2026 discederent,
661 1942 726 2009 boc
747 1965 782 2008 se
802 1940 990 2034 ignominiae
1013 1937 1140 2007 laturos
1160 1936 1248 2024 loeo,
1268 1939 1295 2005 si

252 2059 420 2152 inceptam
441 2060 725 2154 oppugnationem
745 2059 978 2153 reliquissent:
1002 2071 1157 2149 praestare
1180 2083 1295 2125 omnes

252 2176 396 2270 perferre
423 2180 641 2266 acerbitates,
670 2205 769 2274 quam
797 2205 863 2248 non
893 2177 1020 2247 civibus
1049 2179 1213 2264 romanis,
1237 2178 1295 2268 qui

251 2298 381 2368 Genabi
411 2298 550 2392 perfidia
582 2298 756 2370 Gallorum
792 2300 999 2384 interissent,
1032 2310 1256 2392 parentarent.
1280 2327 1296 2360 »

253 2419 330 2486 Haec
349 2417 464 2490 eadem
486 2421 736 2500 centurionibus
760 2420 968 2512 tribunisque
987 2416 1132 2488 militum
1159 2416 1296 2484 manda-

253 2539 347 2627 bant,
365 2555 403 2608 ut
424 2565 485 2635 per
501 2566 557 2610 eos
575 2539 618 2609 ad
635 2545 798 2613 Caesarem
816 2540 1034 2610 deferrentur.

300 2662 426 2730 XVIII.
447 2664 564 2752 Quum
573 2663 644 2757 jam
661 2687 757 2732 muro
777 2679 884 2731 turres
901 2663 1239 2756 appropinquassent,
1257 2685 1296 2726 ex

254 2783 394 2876 captivis
417 2786 528 2854 Caesar
551 2783 724 2880 cognovit,
746 2783 1075 2879 Vercingetorigem,
1098 2793 1296 2872 consumpto

255 2901 393 2993 pabulo,
409 2919 515 2973 castra
535 2906 677 2974 movisse
697 2904 834 2998 propius
854 2905 1048 2988 Avaricum,
1068 2917 1169 2996 atque
1188 2903 1296 2994 ipsum

254 3044 331 3087 cum
356 3025 507 3115 equitatu
531 3025 776 3120 expeditisque,
802 3026 860 3119 qui
885 3026 973 3093 inter
998 3027 1126 3118 equites
1152 3018 1297 3117 proeliari

254 3157 483 3230 consuessent,
499 3145 694 3215 insidiarum
708 3171 805 3215 causa
817 3169 857 3214 eo
870 3143 1073 3238 profectum,
1089 3169 1157 3238 qno
1168 3159 1298 3211 nostros

256 3273 389 3353 postero
403 3260 456 3330 die
474 3263 668 3357 pabulatum
681 3281 840 3335 venturos
856 3265 1086 3333 arbitraretur.
1101 3262 1233 3350 Quibus
1247 3286 1298 3327 re-

255 3380 317 3449 bus
333 3383 492 3476 cognitis,
508 3383 616 3453 media
633 3400 731 3454 nocte
747 3384 878 3454 silentio
894 3383 1077 3479 profectus,
1093 3383 1134 3451 ad
1152 3379 1296 3448 bostium

219 3547 224 3560 ·
256 3516 363 3570 eastra
386 3527 485 3572 mane
511 3507 675 3597 pervenit.
707 3502 779 3592 Illi,
808 3503 958 3574 celeriter
987 3526 1046 3596 per
1073 3499 1297 3594 exploratores

256 3621 401 3693 adventu
418 3625 557 3695 Caesaris
574 3627 725 3720 cognito,
741 3648 852 3693 carros
867 3622 1171 3716 impedimentaque
1189 3643 1249 3686 sua
1261 3617 1296 3684 in

257 3745 415 3812 arctiores
432 3745 530 3814 silvas
545 3744 761 3831 abdiderunt,
780 3745 891 3836 copias
905 3765 1021 3809 omnes
1039 3740 1073 3807 in
1090 3736 1164 3807 loco
1181 3753 1298 3832 aperto

256 3875 357 3954 atque
373 3860 463 3932 edito
483 3865 723 3935 instruxerunt.
741 3863 819 3951 Qua
840 3888 876 3931 re
894 3861 1068 3944 nuntiata,
1085 3861 1194 3929 caesar
1213 3856 1298 3926 cele·

258 3980 339 4047 riter
358 3983 504 4052 sarcinas
521 3983 683 4072 conferri,
700 4007 791 4052 arma
812 3979 958 4077 expediri
973 3979 1080 4074 jussit.
