3042 4772
206 393 1234 420 Mfflmfflfflmmmmmmfflmm

424 689 480 792 c,
507 689 689 791 ιιιιιι
725 687 1024 846 casatus

277 867 1169 1122 COMMENTARiORUM

393 1299 458 1366 na
483 1251 644 1366 asino
669 1299 1037 1368 ιιιιιιιιιιιιιιιιο

580 1551 713 1605 LIBER
733 1551 859 1607 UNUS.

640 1797 797 1814 ⁴-

202 2073 228 2137 1.
251 2013 389 2140 Baubo
406 2067 619 2138 alexandrino
635 2066 796 2151 conflato,
815 2069 923 2136 Caesar
941 2066 1060 2135 Rhodo
1079 2081 1178 2161 atque
1197 2091 1237 2136 ex

202 2189 293 2280 Syria
309 2187 490 2281 Ciliciaque
507 2211 638 2256 omnem
658 2185 793 2256 classem
813 2187 964 2270 arcessit3
982 2189 1081 2257 Creta
1100 2189 1235 2280 sagitta-

204 2309 284 2392 rios,
304 2308 429 2400 equites
447 2307 489 2376 ab
512 2330 588 2402 rege
613 2305 846 2376 Nabataeorum
864 2303 999 2374 Malcho
1014 2320 1150 2393 evocat3
1170 2319 1238 2374 tor·-

203 2443 314 2496 menta
328 2427 474 2521 undique
488 2427 656 2520 conquiri,
671 2442 704 2494 et
720 2425 922 2496 frumentum
935 2427 1039 2513 mitti,
1050 2423 1237 2519 auxiliaque

201 2545 321 2616 adduci
336 2548 441 2640 jubet.
460 2547 595 2615 Interim
616 2545 813 2613 munitiones
834 2543 980 2637 quotidie
1000 2543 1156 2638 operibus
1179 2569 1237 2612 au·
1350 2549 1352 2557 '

203 2681 342 2760 gentur,
364 2680 464 2757 atquc
482 2687 597 2732 omncs
621 2662 733 2756 oppidi
749 2664 883 2757 partes,
902 2687 975 2756 quae
998 2664 1107 2731 minus
1133 2662 1236 2732 firma

202 2807 271 2852 essc
287 2782 493 2863 viderentur,
513 2781 733 2850 testudinibus
753 2797 852 2874 atque
876 2779 1032 2850 musculis
1056 2796 1234 2873 aptantur:

202 2927 242 2970 ex
258 2900 403 2972 adificiis
421 2913 531 2968 autem
544 2924 604 2994 per
618 2899 779 2968 foramina
797 2901 831 2968 in
846 2901 995 2994 proxima
1007 2899 1142 2969 aedificia
1158 2902 1238 2969 arie·

202 3034 251 3087 tes
272 3019 512 3104 immittuntur,
530 3034 755 3112 quantumque
778 3031 836 3087 aut
854 3021 960 3088 ruinis
985 3017 1154 3111 dejicitur,
1179 3035 1238 3090 aut

202 3161 261 3232 per
278 3138 346 3205 vim
363 3138 521 3232 recipitur
539 3137 625 3221 loci,
644 3139 678 3205 in
698 3153 825 3205 tantum
846 3138 1046 3208 munitiones
1065 3137 1238 3233 proferun-

202 3270 266 3325 tur.
284 3257 372 3326 Nam
398 3256 549 3326 incendio
569 3255 637 3324 scre
654 3270 726 3324 tuta
745 3271 794 3325 est
814 3255 1024 3341 Alexandria,
1048 3257 1138 3350 quod
1168 3259 1237 3327 sine

201 3362 449 3470 contignatione
469 3401 507 3445 ac
523 3378 658 3444 materia
676 3389 753 3443 sunt
780 3372 930 3461 aedificia,
945 3390 979 3444 et
995 3377 1168 3446 structuris
1184 3392 1237 3446 at·

202 3520 266 3588 que
292 3495 471 3566 fornicibus
499 3497 726 3581 continentur,
751 3507 902 3586 tectaque
931 3508 1007 3562 sunt
1026 3494 1162 3579 rudere,
1179 3509 1238 3564 aut

201 3617 406 3706 pavimentis.
426 3617 536 3684 Caesar
562 3614 703 3682 maxime
725 3611 900 3699 studebat,
928 3626 983 3700 ut,
1001 3636 1101 3705 quam
1129 3637 1236 3705 angu-

202 3734 374 3802 stissimam
393 3749 519 3827 partem
538 3733 651 3828 oppidi
669 3732 763 3826 palus
782 3756 801 3800 a
819 3730 956 3802 meridie
982 3731 1148 3822 interjecta
1166 3729 1237 3800 effi·

202 3851 327 3939 ciebat,
346 3854 431 3922 hanc
449 3853 604 3946 operibus
613 3853 782 3946 vineisque
796 3851 932 3946 agendis
946 3849 988 3918 ab
1008 3847 1135 3942 reliqua
1144 3863 1237 3943 parte

202 3967 293 4038 urbis
317 3969 522 4059 excluderet,
561 3970 643 4040 illud
674 3987 839 4066 spectans,
870 3971 1031 4064 primum,
1053 3983 1106 4057 ut,
1132 3993 1235 4062 quum

349 4113 384 4157 ιι.
1052 4113 1088 4158 ιι
