3020 4768
412 329 461 384 DE
481 329 601 385 trunto
620 329 784 387 GALLICO
803 329 871 384 LIB.
892 328 969 384 VIlI.
1156 325 1213 401 ²39

178 455 262 522 trina
283 451 502 522 excelsissimo
523 451 597 522 loco
616 468 723 523 castra
744 454 837 542 lecit,
863 455 1019 547 aquibus
1037 451 1212 548 paulatim,

176 587 337 665 quantum
352 573 453 666 copiae
473 573 699 666 patiebantur,
715 572 839 642 vallum
856 576 890 642 in
907 572 1022 668 oppidi
1038 573 1213 642 circuitum

177 692 296 761 ducere
316 693 469 765 instituit.

224 814 383 882 XXXIV.
403 811 506 901 Quod
522 837 627 905 quum
647 812 949 883 animadverterent
965 812 1139 907 oppidani,
1154 813 1216 882 mi-

178 934 379 1025 serrimaque
396 930 513 1001 Alesiae
534 933 695 1004 memoria
711 931 847 1005 solliciti
865 931 1005 1002 similem
1023 957 1135 1002 casum
1156 933 1217 1002 ob·

177 1054 329 1122 sessionis
349 1067 558 1140 vererentur,
579 1053 785 1146 maximeque
803 1076 840 1123 ex
859 1053 1013 1122 omnibus
1029 1052 1217 1140 Lucterius,

179 1176 234 1266 qui
254 1173 395 1240 fortunae
417 1170 506 1240 illius
526 1171 710 1266 periculum
729 1172 868 1260 fecerat,
888 1185 1037 1240 moneret
1060 1171 1219 1272 frumenti

180 1293 343 1360 rationem
357 1315 427 1360 esse
442 1290 646 1376 habendam,
658 1292 864 1362 constituunt
877 1292 1027 1360 omniurn
1042 1313 1219 1381 consensu,

181 1427 275 1507 parte
302 1412 347 1479 ibi
368 1410 482 1480 relicta
506 1410 695 1505 copiarum,
719 1413 782 1506 ipsi
809 1437 885 1480 curn
909 1411 1070 1508 expeditis
1092 1411 1138 1482 ad
1157 1413 1221 1480 im·

182 1531 383 1626 portandum
405 1531 607 1602 frumentum
632 1531 806 1626 proficisci.
829 1535 878 1602 Eo
907 1531 1046 1602 consilio
1065 1532 1222 1626 probato,

182 1654 332 1747 proxima
351 1665 465 1738 nocte,
482 1651 612 1722 (luobus
630 1649 776 1721 millibus
792 1667 995 1721 armatorum
1011 1650 1153 1736 relictis,
1169 1677 1223 1720 re·

183 1772 290 1866 liquos
307 1795 346 1840 ex
364 1769 488 1866 oppido
506 1773 658 1866 Drappes
674 1786 708 1840 ct
723 1771 899 1842 Lucterius
912 1771 1068 1842 educunt.
1084 1772 1129 1857 Ii,
1146 1795 1224 1866 pau·

183 1918 239 1962 cos
258 1892 328 1962 dies
349 1893 486 1978 morati,
508 1917 548 1963 ex
568 1891 690 1960 finibus
708 1891 955 1976 Cadurcorum,
973 1895 1030 1986 qui
1048 1893 1170 1986 partim
1188 1913 1225 1959 re

185 2012 401 2082 frumentaria
425 2010 598 2082 sublevare
619 2035 674 2080 eos
694 2011 887 2106 cupiebant,
907 2012 1028 2105 partim
1050 2011 1226 2106 prohibere

185 2157 253 2226 quo
274 2134 387 2202 minus
407 2146 575 2202 sumerent
599 2153 666 2201 non
685 2145 854 2225 poterant,
872 2155 1029 2225 magnum
1050 2156 1228 2200 numerum

185 2255 345 2324 frumenti
372 2268 587 2347 comparant;
608 2277 851 2346 nonnunquam
877 2266 989 2320 autem
1010 2253 1229 2349 expeditioni·

186 2375 249 2445 bus
272 2375 444 2444 nocturnis
464 2372 598 2444 castella
615 2388 807 2444 nostrorum
826 2373 1034 2444 adoriuntur.
1052 2375 1165 2464 Quam
1186 2375 1228 2443 ob

187 2521 321 2566 causam
339 2499 377 2566 C.
395 2496 555 2565 Caninius
572 2508 643 2563 toto
657 2493 782 2588 oppido
802 2494 1005 2562 munitiones
1022 2493 1231 2562 circumdare

137 2627 139 2632 ’
189 2631 380 2703 cunctatur,
403 2639 445 2684 ne
469 2628 527 2683 aut
551 2638 636 2707 opus
655 2613 810 2682 effectum
834 2614 919 2682 tueri
938 2637 1005 2682 non
1026 2614 1150 2707 possit,
1174 2627 1232 2682 aut

189 2736 343 2833 plurimis
360 2735 443 2805 locis
460 2733 591 2804 infirma
608 2734 763 2828 disponat
782 2731 944 2827 praesidia.

237 2860 378 2927 XXXV.
406 2859 530 2950 Magna
547 2855 644 2948 copia
658 2855 815 2924 frumenti
833 2867 1039 2946 comparata,
1057 2853 1234 2922 considunt

191 2980 346 3072 Drappes
362 2991 395 3046 et
419 2977 595 3046 Lucterius
619 3000 687 3043 non
711 2973 842 3069 longius
865 2973 906 3040 ab
932 2971 1059 3066 oppido
1085 2997 1108 3044 x
1131 2973 1233 3044 milli·

192 3099 274 3188 bus,
301 3097 390 3170 unde
419 3095 581 3192 paulatim
606 3096 810 3166 frumentum
834 3095 868 3162 in
902 3095 1064 3189 oppidum
1093 3120 1234 3192 suppor-

193 3233 314 3288 tarent.
343 3219 411 3312 Ipsi
442 3220 528 3287 inter
559 3243 593 3286 se
624 3215 812 3310 provincias
839 3216 1032 3309 partiuntur
1052 3242 1061 3286 ι
1083 3217 1237 3312 Drappes

195 3340 310 3410 castris
332 3338 577 3433 praesidiorum
598 3352 691 3431 parte
709 3317 888 3430 copiarum*
901 3337 1043 3424 restitit3
1064 3339 1238 3406 Lucterius

197 3485 316 3555 agmen
346 3460 575 3553 jumentorum
603 3457 645 3526 ad
669 3457 831 3550 oppidum
856 3456 961 3526 ducit.
985 3457 1163 3550 Dispositis
1193 3457 1239 3526 ibi

198 3579 374 3673 praesidiis,
391 3579 474 3647 hora
490 3579 596 3647 noctis
611 3578 743 3646 circiter
753 3601 792 3666 x,
808 3574 1013 3646 silvestribus
1028 3576 1241 3671 angustisque

199 3702 377 3770 itineribus
401 3700 607 3770 frumentum
635 3700 817 3793 importare
840 3701 875 3767 in
901 3697 1062 3792 oppidum
1086 3699 1240 3767 instituit.

200 3825 355 3910 Quorum
378 3821 553 3913 strepitum
575 3818 692 3914 vigiles
715 3835 900 3890 castrorum
922 3842 1025 3912 quum
1048 3820 1242 3910 sensissent,

202 3941 494 4035 exploratoresque
527 3939 619 4008 missi
654 3964 727 4032 quae
765 3953 942 4034 agerentur
979 3941 1243 4030 renuntiassent,
