3042 4772
464 423 514 478 DE
536 423 658 478 BELLO
678 423 970 480 ALEXANDRINO.
1176 441 1232 498 209

194 550 236 615 At
256 546 455 632 Pharnaces,
476 544 636 639 impulsus
662 549 729 614 sive
760 547 824 614 loci
843 544 1013 629 felicitate,
1034 547 1233 642 sirenuspi-

194 668 252 736 ciis
274 679 307 734 et
328 663 545 759 religionibus
561 665 732 750 inductus,
752 666 873 759 quibus
894 665 1138 758 obtemperasse
1155 691 1231 736 aum

194 799 306 878 postea
324 784 555 869 audiebamus3
572 785 641 854 sive
655 785 818 878 paucitate
836 797 1044 866 nostrorum,
1058 785 1116 877 qui
1135 787 1233 854 inar-

195 906 256 974 mis
267 919 377 993 erant,
394 919 580 998 comperta,
601 929 705 998 quum
725 927 817 974 more
833 906 944 998 operis
957 905 1144 998 quotidiani
1163 929 1232 976 ma·

195 1048 294 1118 gnam
311 1023 401 1093 illam
418 1049 589 1094 servorum
607 1023 873 1110 multitudinem,
890 1047 964 1118 quae
984 1047 1139 1118 aggerem
1158 1047 1234 1117 por·

197 1145 304 1232 tabat,
317 1142 459 1214 militum
478 1167 548 1213 esse
565 1142 771 1230 credidissem
789 1144 859 1236 pire
886 1145 985 1212 etiam
1005 1143 1127 1212 fiducia
1143 1158 1233 1212 vete·

195 1264 267 1332 rani
285 1265 446 1333 exereitus
462 1266 529 1352 sui,
545 1287 643 1356 quem
663 1264 761 1331 vicies
778 1277 812 1332 et
828 1264 878 1332 bis
896 1265 929 1331 in
943 1264 1013 1331 acie
1029 1263 1233 1348 conflixisse,

196 1397 229 1451 et
244 1384 361 1452 vicisse
371 1383 471 1478 legati
481 1384 553 1477 ejus
568 1381 813 1477 gloriabantur3
825 1380 922 1450 simul
935 1396 1129 1475 contemptu
1141 1407 1234 1450 exer·

196 1505 281 1571 citus
298 1504 418 1587 nostri,
435 1527 533 1596 quem
552 1502 684 1596 pulsum
701 1526 783 1584 ase,
800 1502 950 1570 Domitio
968 1499 1072 1590 duce,
1090 1501 1233 1587 sciebam

196 1624 280 1690 inito
298 1622 437 1692 consilio
454 1621 653 1707 dimicandi,
664 1619 861 1688 descendere
880 1636 1050 1714 praerupta
1067 1619 1153 1690 valle
1170 1647 1234 1690 cua·

195 1743 256 1835 pit.
274 1743 380 1833 Cujus
404 1740 596 1832 aliquandiu
619 1743 728 1808 Caesar
753 1739 913 1808 irridebat
941 1743 1073 1808 inanem
1091 1755 1234 1810 ostenta·

197 1863 335 1948 tionem,
344 1873 426 1928 eteo
438 1858 511 1928 loco
525 1858 668 1928 militum
681 1860 953 1945 coarctationem,
963 1883 1063 1952 quem
1073 1861 1105 1927 in
1123 1859 1232 1930 locum

197 2004 294 2048 nemo
309 2003 408 2047 sanus
422 1979 525 2047 hostia
542 1979 713 2048 subiturus
731 1994 814 2048 esset
834 2005 841 2047 :
863 2001 965 2073 quum
984 1981 1115 2048 iuterim
1130 1981 1233 2048 Phar-

197 2122 292 2166 naces
315 2097 432 2167 eodem
462 2096 583 2191 gradu,
606 2123 673 2191 quo
690 2111 855 2192 praerupta
876 2100 909 2167 in
931 2097 1083 2192 proelium
1103 2098 1233 2170 descen·

196 2216 290 2285 derat
313 2216 416 2304 valle,
436 2217 609 2286 ascendere
635 2216 793 2286 adversus
812 2217 955 2286 arduum
969 2215 1087 2288 collem
1112 2221 1232 2289 instru-

196 2339 255 2404 ctis
272 2339 376 2431 copiis
393 2339 502 2431 caepit.

244 2459 380 2526 LXXV.
411 2459 539 2546 castr,
567 2457 762 2526 incredibili·
780 2459 851 2550 ejus
876 2455 925 2524 vel
949 2460 1153 2544 temeritate,
1180 2459 1233 2528 uel

195 2575 314 2646 litlucia
330 2593 531 2664 commotus,
551 2601 658 2669 neque
675 2578 814 2670 opinans
831 2577 1079 2669 imparatusque
1098 2595 1235 2673 oppres-

194 2721 268 2784 sus,
288 2695 404 2764 eodem
427 2712 578 2790 tempore
601 2694 722 2763 milites
748 2697 790 2763 ab
814 2695 971 2788 operibus
994 2711 1114 2783 vocat,
1137 2721 1232 2766 arma

194 2839 312 2908 capere
326 2815 437 2906 jubet,
453 2815 597 2909 legiones
610 2815 767 2907 opponit,
783 2815 952 2907 aciemque
969 2815 1103 2884 instruit
1118 2820 1233 2909 :cujus
1290 2812 1293 2821 ’

195 2935 242 3002 rei
262 2934 371 3003 subita
397 2933 574 3028 trepidatio
598 2957 755 3028 magnum
781 2950 946 3013 terrorem
967 2933 1077 3004 attulit
1098 2939 1232 3006 nostris.

194 3051 354 3121 Nondum
379 3051 551 3122 ordinibus
578 3054 764 3139 instructis,
790 3052 930 3127 falcatae,
943 3056 1041 3150 regiae
1064 3056 1234 3151 ‚quadrigae

193 3172 374 3265 permixtos
391 3171 509 3242 milites
526 3174 740 3266 perturbant3
763 3199 835 3268 qum
855 3186 965 3244 tamen
983 3173 1133 3246 celeriter
1151 3176 1234 3249 mttl·

194 3292 336 3361 titudine
355 3291 497 3362 telorum
512 3295 757 3387 opprimuntur.
778 3296 968 3387 insequitur
990 3296 1049 3366 has
1068 3298 1154 3366 acies
1172 3297 1233 3366 bo·

193 3414 311 3499 stium,
325 3426 360 3482 et
371 3412 516 3483 clamore
529 3411 658 3481 sublato
677 3413 879 3507 confligitur,
895 3414 1035 3484 multum
1055 3416 1234 3508 adjuvante

193 3546 311 3602 natura
339 3531 423 3621 loci,
451 3530 632 3626 plurimum
657 3532 795 3601 deorum
819 3533 1053 3605 immortalium
1081 3536 1234 3628 benigni-

175 3635 276 3740 ¹tate,
294 3654 352 3744 qui
378 3676 481 3746 quum
510 3653 664 3722 omnibus
688 3653 816 3722 casibus
841 3651 919 3721 belli
944 3654 1130 3741 intersunt,
1162 3667 1234 3722 tum

193 3772 358 3865 precipue
377 3773 439 3854 eis,
455 3774 576 3866 quibus
595 3771 677 3842 nibil
697 3774 825 3841 ratione
839 3774 953 3866 potuit
972 3771 1206 3842 administrari.

241 3893 396 3962 LXXVI.
422 3895 546 3986 Magno
574 3908 673 3986 atque
705 3894 775 3962 acri
805 3891 922 3986 proelio
949 3892 1103 3962 cominus
1130 3891 1232 3978 facto,

195 4007 311 4076 dextro
331 4033 454 4096 cornu,
474 4034 542 4103 quo
562 4028 714 4082 veterana
732 4009 821 4106 legia
841 4027 930 4082 sexta
954 4027 1023 4080 erat
1049 4009 1232 4100 collocata,

342 4151 378 4196 ¹¹·
1019 4143 1023 4152 '
1048 4135 1089 4215 ll
