<?xml version="1.0" encoding="UTF-8"?>
<!DOCTYPE html PUBLIC "-//W3C//DTD XHTML 1.0 Transitional//EN"
    "http://www.w3.org/TR/xhtml1/DTD/xhtml1-transitional.dtd">
<html xmlns="http://www.w3.org/1999/xhtml" xml:lang="en" lang="en">
 <head>
  <title>
</title>
<meta http-equiv="Content-Type" content="text/html;charset=utf-8" />
  <meta name='ocr-system' content='tesseract 3.04.00' />
  <meta name='ocr-capabilities' content='ocr_page ocr_carea ocr_par ocr_line ocrx_word'/>
</head>
<body>
  <div class='ocr_page' id='page_1' title='image "./cjcaesarisopera00caesgoog_0622.png"; bbox 0 0 3014 4780; ppageno 0'>
   <div class='ocr_carea' id='block_1_1' title="bbox 218 405 1006 488">
    <p class='ocr_par' dir='ltr' id='par_1_1' title="bbox 218 405 1006 488">
     <span class='ocr_line' id='line_1_1' title="bbox 218 405 1006 488; baseline -0.004 -25"><span class='ocrx_word' id='word_1_1' title='bbox 218 475 222 488; x_wconf 47' lang='grc'><strong>,</strong></span> <span class='ocrx_word' id='word_1_2' title='bbox 261 407 317 463; x_wconf 74' lang='grc' dir='ltr'><strong>ιιι</strong></span> <span class='ocrx_word' id='word_1_3' title='bbox 537 405 651 461; x_wconf 78' lang='lat' dir='ltr'><strong>norm</strong></span> <span class='ocrx_word' id='word_1_4' title='bbox 673 405 710 460; x_wconf 85' lang='grc' dir='ltr'><strong>ιιι</strong></span> <span class='ocrx_word' id='word_1_5' title='bbox 731 405 1006 460; x_wconf 69' lang='lat' dir='ltr'><strong>consensurus</strong></span> 
     </span>
    </p>
   </div>
   <div class='ocr_carea' id='block_1_2' title="bbox 215 521 1286 1147">
    <p class='ocr_par' dir='ltr' id='par_1_2' title="bbox 259 521 1285 689">
     <span class='ocr_line' id='line_1_2' title="bbox 259 521 1285 600; baseline 0.005 -23"><span class='ocrx_word' id='word_1_6' title='bbox 259 545 322 598; x_wconf 80' lang='lat' dir='ltr'><strong>quae</strong></span> <span class='ocrx_word' id='word_1_7' title='bbox 334 524 441 598; x_wconf 81' lang='lat' dir='ltr'>duplici</span> <span class='ocrx_word' id='word_1_8' title='bbox 451 523 614 580; x_wconf 79' lang='lat' dir='ltr'><strong>efformatus</strong></span> <span class='ocrx_word' id='word_1_9' title='bbox 631 521 773 577; x_wconf 79' lang='lat' dir='ltr'>idiomate.</span> <span class='ocrx_word' id='word_1_10' title='bbox 794 525 923 579; x_wconf 84' lang='lat' dir='ltr'><strong>Ceteram</strong></span> <span class='ocrx_word' id='word_1_11' title='bbox 936 523 966 577; x_wconf 88' lang='lat' dir='ltr'><strong>in</strong></span> <span class='ocrx_word' id='word_1_12' title='bbox 982 524 1035 577; x_wconf 82' lang='lat' dir='ltr'><strong>bac</strong></span> <span class='ocrx_word' id='word_1_13' title='bbox 1052 525 1222 600; x_wconf 75' lang='lat' dir='ltr'><strong>etymologia</strong></span> <span class='ocrx_word' id='word_1_14' title='bbox 1232 547 1239 581; x_wconf 91' lang='lat'>:</span> <span class='ocrx_word' id='word_1_15' title='bbox 1249 525 1285 582; x_wconf 84' lang='lat' dir='ltr'><strong>sit</strong></span> 
     </span>
     <span class='ocr_line' id='line_1_3' title="bbox 260 616 589 689; baseline -0.006 -18"><span class='ocrx_word' id='word_1_16' title='bbox 260 636 313 689; x_wconf 87' lang='lat' dir='ltr'><strong>pro</strong></span> <span class='ocrx_word' id='word_1_17' title='bbox 328 616 438 671; x_wconf 86' lang='lat' dir='ltr'><strong>ratione</strong></span> <span class='ocrx_word' id='word_1_18' title='bbox 451 617 589 671; x_wconf 82' lang='lat' dir='ltr'><strong>voluntas.</strong></span> 
     </span>
    </p>

    <p class='ocr_par' dir='ltr' id='par_1_3' title="bbox 258 707 1286 874">
     <span class='ocr_line' id='line_1_4' title="bbox 299 707 1286 782; baseline -0.002 -16"><span class='ocrx_word' id='word_1_19' title='bbox 299 713 362 766; x_wconf 73' lang='lat' dir='ltr'><strong>car.</strong></span> <span class='ocrx_word' id='word_1_20' title='bbox 380 709 445 766; x_wconf 93' lang='lat' dir='ltr'><strong>XX.</strong></span> <span class='ocrx_word' id='word_1_21' title='bbox 464 708 649 782; x_wconf 57' lang='lat' dir='ltr'><strong>Stabendiarii</strong></span> <span class='ocrx_word' id='word_1_22' title='bbox 663 719 797 762; x_wconf 79' lang='lat' dir='ltr'><strong>emtores.</strong></span> <span class='ocrx_word' id='word_1_23' title='bbox 811 707 887 762; x_wconf 84' lang='lat' dir='ltr'><strong>Dicit</strong></span> <span class='ocrx_word' id='word_1_24' title='bbox 905 717 1027 762; x_wconf 84' lang='lat' dir='ltr'><strong>aratores</strong></span> <span class='ocrx_word' id='word_1_25' title='bbox 1044 709 1093 781; x_wconf 88' lang='lat' dir='ltr'><strong>qui</strong></span> <span class='ocrx_word' id='word_1_26' title='bbox 1111 727 1143 763; x_wconf 86' lang='lat' dir='ltr'><strong>ea</strong></span> <span class='ocrx_word' id='word_1_27' title='bbox 1156 710 1218 782; x_wconf 87' lang='lat' dir='ltr'><strong>lege</strong></span> <span class='ocrx_word' id='word_1_28' title='bbox 1232 727 1286 764; x_wconf 87' lang='lat' dir='ltr'><strong>co·</strong></span> 
     </span>
     <span class='ocr_line' id='line_1_5' title="bbox 258 799 979 874; baseline -0.006 -18"><span class='ocrx_word' id='word_1_29' title='bbox 258 801 354 856; x_wconf 79' lang='lat' dir='ltr'>lebant</span> <span class='ocrx_word' id='word_1_30' title='bbox 372 819 471 874; x_wconf 79' lang='lat' dir='ltr'><strong>agros,</strong></span> <span class='ocrx_word' id='word_1_31' title='bbox 490 811 520 855; x_wconf 90' lang='lat' dir='ltr'><strong>ut</strong></span> <span class='ocrx_word' id='word_1_32' title='bbox 538 800 672 855; x_wconf 85' lang='lat' dir='ltr'><strong>tributum</strong></span> <span class='ocrx_word' id='word_1_33' title='bbox 686 816 810 854; x_wconf 84' lang='lat' dir='ltr'><strong>annuum</strong></span> <span class='ocrx_word' id='word_1_34' title='bbox 828 799 979 853; x_wconf 79' lang='lat' dir='ltr'><strong>solverent.</strong></span> 
     </span>
    </p>

    <p class='ocr_par' dir='ltr' id='par_1_4' title="bbox 215 889 1286 1147">
     <span class='ocr_line' id='line_1_6' title="bbox 299 889 1285 964; baseline -0.005 -17"><span class='ocrx_word' id='word_1_35' title='bbox 299 894 363 948; x_wconf 81' lang='lat' dir='ltr'><strong>Car.</strong></span> <span class='ocrx_word' id='word_1_36' title='bbox 384 892 478 947; x_wconf 90' lang='lat' dir='ltr'><strong>XXII.</strong></span> <span class='ocrx_word' id='word_1_37' title='bbox 491 893 568 945; x_wconf 84' lang='lat' dir='ltr'><strong>Istuc</strong></span> <span class='ocrx_word' id='word_1_38' title='bbox 585 891 679 945; x_wconf 80' lang='lat' dir='ltr'><strong>oetan&#39;s</strong></span> <span class='ocrx_word' id='word_1_39' title='bbox 694 907 776 964; x_wconf 86' lang='lat' dir='ltr'><strong>quum</strong></span> <span class='ocrx_word' id='word_1_40' title='bbox 796 902 873 945; x_wconf 82' lang='lat' dir='ltr'><strong>esset.</strong></span> <span class='ocrx_word' id='word_1_41' title='bbox 891 892 960 944; x_wconf 88' lang='lat' dir='ltr'><strong>Tres</strong></span> <span class='ocrx_word' id='word_1_42' title='bbox 973 899 1001 945; x_wconf 87' lang='lat' dir='ltr'><strong>et</strong></span> <span class='ocrx_word' id='word_1_43' title='bbox 1015 889 1116 963; x_wconf 79' lang='lat' dir='ltr'><strong>viginti</strong></span> <span class='ocrx_word' id='word_1_44' title='bbox 1134 909 1223 944; x_wconf 79' lang='lat' dir='ltr'><strong>annos</strong></span> <span class='ocrx_word' id='word_1_45' title='bbox 1236 889 1285 943; x_wconf 89' lang='lat' dir='ltr'><strong>in-</strong></span> 
     </span>
     <span class='ocr_line' id='line_1_7' title="bbox 215 982 1286 1056; baseline 0.001 -18"><span class='ocrx_word' id='word_1_46' title='bbox 215 1019 217 1024; x_wconf 93' lang='lat'>·</span> <span class='ocrx_word' id='word_1_47' title='bbox 259 984 366 1056; x_wconf 88' lang='lat' dir='ltr'><strong>tellige,</strong></span> <span class='ocrx_word' id='word_1_48' title='bbox 394 1001 464 1055; x_wconf 90' lang='lat' dir='ltr'><strong>quos</strong></span> <span class='ocrx_word' id='word_1_49' title='bbox 495 982 608 1056; x_wconf 89' lang='lat' dir='ltr'><strong>quidem</strong></span> <span class='ocrx_word' id='word_1_50' title='bbox 634 992 694 1035; x_wconf 87' lang='lat' dir='ltr'><strong>erat</strong></span> <span class='ocrx_word' id='word_1_51' title='bbox 724 991 820 1046; x_wconf 84' lang='lat' dir='ltr'><strong>natus,</strong></span> <span class='ocrx_word' id='word_1_52' title='bbox 851 991 920 1035; x_wconf 88' lang='lat' dir='ltr'><strong>teste</strong></span> <span class='ocrx_word' id='word_1_53' title='bbox 947 982 1111 1050; x_wconf 80' lang='lat' dir='ltr'><strong>Plutarcho,</strong></span> <span class='ocrx_word' id='word_1_54' title='bbox 1138 983 1286 1056; x_wconf 82' lang='lat' dir='ltr'><strong>Pompeius</strong></span> 
     </span>
     <span class='ocr_line' id='line_1_8' title="bbox 259 1071 1072 1147; baseline -0.001 -19"><span class='ocrx_word' id='word_1_55' title='bbox 259 1077 393 1147; x_wconf 81' lang='lat' dir='ltr'><strong>Magnus,</strong></span> <span class='ocrx_word' id='word_1_56' title='bbox 411 1092 494 1147; x_wconf 89' lang='lat' dir='ltr'><strong>quum</strong></span> <span class='ocrx_word' id='word_1_57' title='bbox 514 1073 637 1146; x_wconf 88' lang='lat' dir='ltr'><strong>primum</strong></span> <span class='ocrx_word' id='word_1_58' title='bbox 651 1072 776 1128; x_wconf 76' lang='lat' dir='ltr'><strong>Carboni</strong></span> <span class='ocrx_word' id='word_1_59' title='bbox 798 1071 934 1127; x_wconf 90' lang='lat' dir='ltr'><strong>obsistere</strong></span> <span class='ocrx_word' id='word_1_60' title='bbox 947 1073 1072 1144; x_wconf 82' lang='lat' dir='ltr'><strong>coeperit.</strong></span> 
     </span>
    </p>
   </div>
   <div class='ocr_carea' id='block_1_3' title="bbox 257 1176 1301 1995">
    <p class='ocr_par' dir='ltr' id='par_1_5' title="bbox 257 1176 1301 1432">
     <span class='ocr_line' id='line_1_9' title="bbox 299 1176 1286 1252; baseline -0.001 -19"><span class='ocrx_word' id='word_1_61' title='bbox 299 1179 363 1233; x_wconf 73' lang='lat' dir='ltr'><strong>Cur.</strong></span> <span class='ocrx_word' id='word_1_62' title='bbox 382 1178 491 1233; x_wconf 82' lang='lat' dir='ltr'><strong>XXIII.</strong></span> <span class='ocrx_word' id='word_1_63' title='bbox 514 1180 695 1252; x_wconf 55' lang='lat' dir='ltr'><strong>Regiumque</strong></span> <span class='ocrx_word' id='word_1_64' title='bbox 711 1177 845 1251; x_wconf 77' lang='lat' dir='ltr'><strong>Bogudis.</strong></span> <span class='ocrx_word' id='word_1_65' title='bbox 873 1177 934 1231; x_wconf 85' lang='lat' dir='ltr'><strong>Rex</strong></span> <span class='ocrx_word' id='word_1_66' title='bbox 960 1177 1058 1250; x_wconf 83' lang='lat' dir='ltr'><strong>Bogud</strong></span> <span class='ocrx_word' id='word_1_67' title='bbox 1081 1176 1210 1232; x_wconf 90' lang='lat' dir='ltr'><strong>inimicus</strong></span> <span class='ocrx_word' id='word_1_68' title='bbox 1227 1189 1286 1232; x_wconf 82' lang='lat' dir='ltr'><strong>erat</strong></span> 
     </span>
     <span class='ocr_line' id='line_1_10' title="bbox 259 1267 1301 1342; baseline 0.001 -20"><span class='ocrx_word' id='word_1_69' title='bbox 259 1269 351 1337; x_wconf 80' lang='lat' dir='ltr'><strong>Iubae,</strong></span> <span class='ocrx_word' id='word_1_70' title='bbox 368 1268 545 1342; x_wconf 80' lang='lat' dir='ltr'><strong>partiumque</strong></span> <span class='ocrx_word' id='word_1_71' title='bbox 561 1269 778 1323; x_wconf 75' lang='lat' dir='ltr'><strong>caesarianorum</strong></span> <span class='ocrx_word' id='word_1_72' title='bbox 788 1267 888 1322; x_wconf 79' lang='lat' dir='ltr'><strong>fautor.</strong></span> <span class='ocrx_word' id='word_1_73' title='bbox 906 1269 1020 1322; x_wconf 87' lang='lat' dir='ltr'><strong>Mortuo</strong></span> <span class='ocrx_word' id='word_1_74' title='bbox 1033 1270 1151 1337; x_wconf 83' lang='lat' dir='ltr'><strong>Caesure,</strong></span> <span class='ocrx_word' id='word_1_75' title='bbox 1167 1269 1301 1324; x_wconf 76' lang='lat' dir='ltr'><strong>Antonii&#39;</strong></span> 
     </span>
     <span class='ocr_line' id='line_1_11' title="bbox 257 1357 1117 1432; baseline 0.002 -20"><span class='ocrx_word' id='word_1_76' title='bbox 257 1368 350 1431; x_wconf 84' lang='lat' dir='ltr'><strong>partes</strong></span> <span class='ocrx_word' id='word_1_77' title='bbox 364 1360 521 1432; x_wconf 84' lang='lat' dir='ltr'><strong>amplexus,</strong></span> <span class='ocrx_word' id='word_1_78' title='bbox 538 1360 680 1414; x_wconf 83' lang='lat' dir='ltr'><strong>Methonse</strong></span> <span class='ocrx_word' id='word_1_79' title='bbox 692 1358 729 1414; x_wconf 87' lang='lat' dir='ltr'><strong>ab</strong></span> <span class='ocrx_word' id='word_1_80' title='bbox 748 1359 868 1432; x_wconf 81' lang='lat' dir='ltr'><strong>Agrippa</strong></span> <span class='ocrx_word' id='word_1_81' title='bbox 882 1357 933 1412; x_wconf 81' lang='lat' dir='ltr'><strong>fuit</strong></span> <span class='ocrx_word' id='word_1_82' title='bbox 950 1358 1117 1414; x_wconf 76' lang='lat' dir='ltr'><strong>interfectus.</strong></span> 
     </span>
    </p>

    <p class='ocr_par' dir='ltr' id='par_1_6' title="bbox 258 1450 1288 1616">
     <span class='ocr_line' id='line_1_12' title="bbox 296 1450 1288 1524; baseline -0.004 -18"><span class='ocrx_word' id='word_1_83' title='bbox 296 1451 359 1506; x_wconf 72' lang='lat' dir='ltr'><strong>cta.</strong></span> <span class='ocrx_word' id='word_1_84' title='bbox 379 1452 467 1505; x_wconf 86' lang='lat' dir='ltr'><strong>XXV.</strong></span> <span class='ocrx_word' id='word_1_85' title='bbox 487 1453 520 1506; x_wconf 89' lang='lat' dir='ltr'><strong>P.</strong></span> <span class='ocrx_word' id='word_1_86' title='bbox 539 1452 631 1506; x_wconf 77' lang='lat' dir='ltr'><strong>Sc&#39;tr&#39;rcs.</strong></span> <span class='ocrx_word' id='word_1_87' title='bbox 645 1451 759 1506; x_wconf 72' lang='lat' dir='ltr'><strong>Caesaris</strong></span> <span class='ocrx_word' id='word_1_88' title='bbox 777 1453 892 1524; x_wconf 82' lang='lat' dir='ltr'><strong>legatus.</strong></span> <span class='ocrx_word' id='word_1_89' title='bbox 908 1481 947 1491; x_wconf 94' lang='lat'>—</span> <span class='ocrx_word' id='word_1_90' title='bbox 965 1451 1028 1506; x_wconf 66' lang='lat' dir='ltr'><strong>sta</strong></span> <span class='ocrx_word' id='word_1_91' title='bbox 1040 1451 1173 1507; x_wconf 78' lang='lat' dir='ltr'><strong>Bocchus.</strong></span> <span class='ocrx_word' id='word_1_92' title='bbox 1191 1450 1288 1507; x_wconf 83' lang='lat' dir='ltr'><strong>Potius</strong></span> 
     </span>
     <span class='ocr_line' id='line_1_13' title="bbox 258 1543 764 1616; baseline 0.002 -21"><span class='ocrx_word' id='word_1_93' title='bbox 258 1543 320 1614; x_wconf 87' lang='lat' dir='ltr'><strong>lege</strong></span> <span class='ocrx_word' id='word_1_94' title='bbox 339 1543 456 1615; x_wconf 80' lang='lat' dir='ltr'><strong>Bogud,</strong></span> <span class='ocrx_word' id='word_1_95' title='bbox 475 1551 620 1615; x_wconf 82' lang='lat' dir='ltr'><strong>utsupra,</strong></span> <span class='ocrx_word' id='word_1_96' title='bbox 639 1561 700 1616; x_wconf 84' lang='lat' dir='ltr'><strong>cap.</strong></span> <span class='ocrx_word' id='word_1_97' title='bbox 718 1543 764 1598; x_wconf 71' lang='lat'><strong>23.</strong></span> 
     </span>
    </p>

    <p class='ocr_par' dir='ltr' id='par_1_7' title="bbox 259 1645 1286 1897">
     <span class='ocr_line' id='line_1_14' title="bbox 299 1645 1284 1721; baseline 0 -21"><span class='ocrx_word' id='word_1_98' title='bbox 299 1645 362 1700; x_wconf 79' lang='lat' dir='ltr'><strong>Car.</strong></span> <span class='ocrx_word' id='word_1_99' title='bbox 385 1646 516 1702; x_wconf 84' lang='lat' dir='ltr'><strong>XXVIII.</strong></span> <span class='ocrx_word' id='word_1_100' title='bbox 534 1646 588 1701; x_wconf 85' lang='lat' dir='ltr'><strong>Hic</strong></span> <span class='ocrx_word' id='word_1_101' title='bbox 604 1659 727 1721; x_wconf 82' lang='lat' dir='ltr'><strong>propter</strong></span> <span class='ocrx_word' id='word_1_102' title='bbox 746 1646 944 1700; x_wconf 64' lang='lat' dir='ltr'><strong>conscientiam</strong></span> <span class='ocrx_word' id='word_1_103' title='bbox 967 1657 1147 1718; x_wconf 75' lang='lat' dir='ltr'><strong>peccatoram</strong></span> <span class='ocrx_word' id='word_1_104' title='bbox 1165 1665 1284 1700; x_wconf 84' lang='lat' dir='ltr'><strong>suorum.</strong></span> 
     </span>
     <span class='ocr_line' id='line_1_15' title="bbox 259 1734 1286 1811; baseline 0 -19"><span class='ocrx_word' id='word_1_105' title='bbox 259 1736 385 1792; x_wconf 77' lang='lat' dir='ltr'><strong>Salienus</strong></span> <span class='ocrx_word' id='word_1_106' title='bbox 399 1737 518 1806; x_wconf 83' lang='lat' dir='ltr'><strong>scilicet,</strong></span> <span class='ocrx_word' id='word_1_107' title='bbox 534 1737 635 1811; x_wconf 90' lang='lat' dir='ltr'><strong>dequo</strong></span> <span class='ocrx_word' id='word_1_108' title='bbox 649 1737 737 1806; x_wconf 85' lang='lat' dir='ltr'><strong>infra,</strong></span> <span class='ocrx_word' id='word_1_109' title='bbox 754 1756 814 1810; x_wconf 84' lang='lat' dir='ltr'><strong>cap.</strong></span> <span class='ocrx_word' id='word_1_110' title='bbox 834 1734 879 1803; x_wconf 76' lang='lat'><strong>54.</strong></span> <span class='ocrx_word' id='word_1_111' title='bbox 896 1736 952 1790; x_wconf 83' lang='lat' dir='ltr'><strong>Cur</strong></span> <span class='ocrx_word' id='word_1_112' title='bbox 964 1745 1055 1790; x_wconf 82' lang='lat' dir='ltr'><strong>autem</strong></span> <span class='ocrx_word' id='word_1_113' title='bbox 1070 1747 1136 1791; x_wconf 91' lang='lat' dir='ltr'><strong>tunc</strong></span> <span class='ocrx_word' id='word_1_114' title='bbox 1153 1737 1286 1810; x_wconf 88' lang='lat' dir='ltr'><strong>temporis</strong></span> 
     </span>
     <span class='ocr_line' id='line_1_16' title="bbox 259 1828 917 1897; baseline -0.002 -14"><span class='ocrx_word' id='word_1_115' title='bbox 259 1828 421 1884; x_wconf 82' lang='lat' dir='ltr'><strong>Caesariunis</strong></span> <span class='ocrx_word' id='word_1_116' title='bbox 439 1829 639 1897; x_wconf 80' lang='lat' dir='ltr'><strong>admisceatur,</strong></span> <span class='ocrx_word' id='word_1_117' title='bbox 654 1829 771 1885; x_wconf 90' lang='lat' dir='ltr'><strong>omnino</strong></span> <span class='ocrx_word' id='word_1_118' title='bbox 789 1829 917 1884; x_wconf 78' lang='lat' dir='ltr'><strong>nascitur.</strong></span> 
     </span>
    </p>

    <p class='ocr_par' dir='ltr' id='par_1_8' title="bbox 299 1919 1288 1995">
     <span class='ocr_line' id='line_1_17' title="bbox 299 1919 1288 1995; baseline 0.002 -21"><span class='ocrx_word' id='word_1_119' title='bbox 299 1921 363 1976; x_wconf 80' lang='lat' dir='ltr'><strong>Car.</strong></span> <span class='ocrx_word' id='word_1_120' title='bbox 381 1921 490 1976; x_wconf 87' lang='lat' dir='ltr'><strong>XXIX.</strong></span> <span class='ocrx_word' id='word_1_121' title='bbox 510 1921 636 1976; x_wconf 81' lang='lat' dir='ltr'><strong>Saserna</strong></span> <span class='ocrx_word' id='word_1_122' title='bbox 657 1941 720 1975; x_wconf 89' lang='lat' dir='ltr'><strong>cum</strong></span> <span class='ocrx_word' id='word_1_123' title='bbox 744 1921 899 1976; x_wconf 75' lang='lat' dir='ltr'><strong>cohortibus</strong></span> <span class='ocrx_word' id='word_1_124' title='bbox 923 1938 970 1974; x_wconf 89' lang='grc' dir='ltr'><strong>ιιι.</strong></span> <span class='ocrx_word' id='word_1_125' title='bbox 994 1919 1034 1976; x_wconf 89' lang='lat' dir='ltr'><strong>cf.</strong></span> <span class='ocrx_word' id='word_1_126' title='bbox 1055 1938 1154 1992; x_wconf 84' lang='lat' dir='ltr'><strong>supra,</strong></span> <span class='ocrx_word' id='word_1_127' title='bbox 1174 1938 1235 1995; x_wconf 68' lang='grc' dir='ltr'><strong>αι).</strong></span> <span class='ocrx_word' id='word_1_128' title='bbox 1254 1938 1288 1992; x_wconf 86' lang='grc'><strong>9,</strong></span> 
     </span>
    </p>
   </div>
   <div class='ocr_carea' id='block_1_4' title="bbox 259 2008 1377 2085">
    <p class='ocr_par' dir='ltr' id='par_1_9' title="bbox 259 2008 1377 2085">
     <span class='ocr_line' id='line_1_18' title="bbox 259 2008 1377 2085; baseline 0.004 -23"><span class='ocrx_word' id='word_1_129' title='bbox 259 2009 310 2063; x_wconf 92' lang='lat' dir='ltr'><strong>ubi</strong></span> <span class='ocrx_word' id='word_1_130' title='bbox 325 2008 428 2064; x_wconf 83' lang='lat' dir='ltr'><strong>dicitru</strong></span> <span class='ocrx_word' id='word_1_131' title='bbox 445 2013 526 2084; x_wconf 82' lang='lat' dir='ltr'>Lepti</span> <span class='ocrx_word' id='word_1_132' title='bbox 545 2031 608 2067; x_wconf 89' lang='lat' dir='ltr'><strong>cum</strong></span> <span class='ocrx_word' id='word_1_133' title='bbox 625 2012 758 2085; x_wconf 82' lang='lat' dir='ltr'><strong>praesidio</strong></span> <span class='ocrx_word' id='word_1_134' title='bbox 778 2031 827 2068; x_wconf 84' lang='lat' dir='ltr'><strong>sex</strong></span> <span class='ocrx_word' id='word_1_135' title='bbox 841 2012 999 2068; x_wconf 80' lang='lat' dir='ltr'><strong>cohortium</strong></span> <span class='ocrx_word' id='word_1_136' title='bbox 1017 2009 1146 2082; x_wconf 83' lang='lat' dir='ltr'><strong>relictus3</strong></span> <span class='ocrx_word' id='word_1_137' title='bbox 1164 2022 1220 2067; x_wconf 84' lang='lat' dir='ltr'><strong>tres</strong></span> <span class='ocrx_word' id='word_1_138' title='bbox 1236 2031 1289 2068; x_wconf 87' lang='lat' dir='ltr'><strong>au·</strong></span> <span class='ocrx_word' id='word_1_139' title='bbox 1374 2025 1377 2028; x_wconf 78' lang='grc'>’</span> 
     </span>
    </p>
   </div>
   <div class='ocr_carea' id='block_1_5' title="bbox 259 2102 1285 2360">
    <p class='ocr_par' dir='ltr' id='par_1_10' title="bbox 259 2102 1285 2360">
     <span class='ocr_line' id='line_1_19' title="bbox 259 2102 1084 2173; baseline 0.006 -20"><span class='ocrx_word' id='word_1_140' title='bbox 259 2111 315 2154; x_wconf 84' lang='lat' dir='ltr'><strong>tem</strong></span> <span class='ocrx_word' id='word_1_141' title='bbox 334 2111 452 2173; x_wconf 90' lang='lat' dir='ltr'><strong>potuere</strong></span> <span class='ocrx_word' id='word_1_142' title='bbox 464 2102 549 2157; x_wconf 84' lang='lat' dir='ltr'><strong>aliurn</strong></span> <span class='ocrx_word' id='word_1_143' title='bbox 566 2103 596 2156; x_wconf 90' lang='lat' dir='ltr'><strong>in</strong></span> <span class='ocrx_word' id='word_1_144' title='bbox 613 2104 733 2158; x_wconf 85' lang='lat' dir='ltr'><strong>locuma</strong></span> <span class='ocrx_word' id='word_1_145' title='bbox 752 2103 857 2158; x_wconf 80' lang='lat' dir='ltr'><strong>Caesare</strong></span> <span class='ocrx_word' id='word_1_146' title='bbox 876 2122 934 2158; x_wconf 85' lang='lat' dir='ltr'><strong>esse</strong></span> <span class='ocrx_word' id='word_1_147' title='bbox 952 2102 1084 2158; x_wconf 85' lang='lat' dir='ltr'><strong>abductae.</strong></span> 
     </span>
     <span class='ocr_line' id='line_1_20' title="bbox 299 2191 1285 2267; baseline 0.002 -21"><span class='ocrx_word' id='word_1_148' title='bbox 299 2191 349 2246; x_wconf 77' lang='lat' dir='ltr'><strong>Ad</strong></span> <span class='ocrx_word' id='word_1_149' title='bbox 361 2192 543 2246; x_wconf 84' lang='lat' dir='ltr'><strong>decumanam</strong></span> <span class='ocrx_word' id='word_1_150' title='bbox 561 2194 663 2264; x_wconf 71' lang='lat' dir='ltr'><strong>defixo.</strong></span> <span class='ocrx_word' id='word_1_151' title='bbox 678 2195 788 2248; x_wconf 87' lang='lat' dir='ltr'><strong>Incerta</strong></span> <span class='ocrx_word' id='word_1_152' title='bbox 808 2194 910 2262; x_wconf 88' lang='lat' dir='ltr'><strong>lectio,</strong></span> <span class='ocrx_word' id='word_1_153' title='bbox 929 2193 1063 2267; x_wconf 87' lang='lat' dir='ltr'><strong>omnique</strong></span> <span class='ocrx_word' id='word_1_154' title='bbox 1079 2211 1113 2249; x_wconf 83' lang='lat' dir='ltr'><strong>ex</strong></span> <span class='ocrx_word' id='word_1_155' title='bbox 1130 2203 1209 2266; x_wconf 84' lang='lat' dir='ltr'><strong>parte</strong></span> <span class='ocrx_word' id='word_1_156' title='bbox 1229 2193 1285 2248; x_wconf 91' lang='lat' dir='ltr'><strong>ob-</strong></span> 
     </span>
     <span class='ocr_line' id='line_1_21' title="bbox 261 2283 1245 2360; baseline 0.002 -22"><span class='ocrx_word' id='word_1_157' title='bbox 261 2300 339 2338; x_wconf 85' lang='lat' dir='ltr'><strong>scura</strong></span> <span class='ocrx_word' id='word_1_158' title='bbox 358 2283 490 2339; x_wconf 82' lang='lat' dir='ltr'><strong>narratio.</strong></span> <span class='ocrx_word' id='word_1_159' title='bbox 509 2283 582 2339; x_wconf 87' lang='lat' dir='ltr'><strong>Vide</strong></span> <span class='ocrx_word' id='word_1_160' title='bbox 599 2287 794 2353; x_wconf 67' lang='lat' dir='ltr'><strong>Gonoussa,</strong></span> <span class='ocrx_word' id='word_1_161' title='bbox 813 2287 898 2340; x_wconf 72' lang='lat' dir='ltr'><strong>Mem.</strong></span> <span class='ocrx_word' id='word_1_162' title='bbox 916 2288 990 2354; x_wconf 60' lang='lat' dir='ltr'><strong>mil„</strong></span> <span class='ocrx_word' id='word_1_163' title='bbox 1007 2287 1064 2341; x_wconf 85' lang='lat' dir='ltr'><strong>rol.</strong></span> <span class='ocrx_word' id='word_1_164' title='bbox 1084 2305 1123 2354; x_wconf 88' lang='grc' dir='ltr'><strong>ιι,</strong></span> <span class='ocrx_word' id='word_1_165' title='bbox 1136 2305 1164 2360; x_wconf 83' lang='lat' dir='ltr'><strong>p.</strong></span> <span class='ocrx_word' id='word_1_166' title='bbox 1180 2304 1245 2342; x_wconf 80' lang='lat' dir='ltr'><strong>sno.</strong></span> 
     </span>
    </p>
   </div>
   <div class='ocr_carea' id='block_1_6' title="bbox 260 2387 1286 2548">
    <p class='ocr_par' dir='ltr' id='par_1_11' title="bbox 260 2387 1286 2548">
     <span class='ocr_line' id='line_1_22' title="bbox 298 2387 1286 2465; baseline 0.004 -24"><span class='ocrx_word' id='word_1_167' title='bbox 298 2387 361 2441; x_wconf 79' lang='lat' dir='ltr'><strong>Car.</strong></span> <span class='ocrx_word' id='word_1_168' title='bbox 380 2387 505 2443; x_wconf 86' lang='lat' dir='ltr'><strong>XXXII.</strong></span> <span class='ocrx_word' id='word_1_169' title='bbox 527 2388 722 2465; x_wconf 81' lang='lat' dir='ltr'><strong>Coesaremque</strong></span> <span class='ocrx_word' id='word_1_170' title='bbox 743 2390 803 2461; x_wconf 70' lang='lat' dir='ltr'><strong>ay&#39;us</strong></span> <span class='ocrx_word' id='word_1_171' title='bbox 817 2389 940 2464; x_wconf 82' lang='lat' dir='ltr'><strong>affinem.</strong></span> <span class='ocrx_word' id='word_1_172' title='bbox 959 2392 1033 2447; x_wconf 83' lang='lat' dir='ltr'><strong>Iulia</strong></span> <span class='ocrx_word' id='word_1_173' title='bbox 1059 2393 1152 2460; x_wconf 74' lang='grc' dir='ltr'><strong>οιιίιιι,</strong></span> <span class='ocrx_word' id='word_1_174' title='bbox 1173 2391 1286 2447; x_wconf 61' lang='lat' dir='ltr'><strong>Cauris</strong></span> 
     </span>
     <span class='ocr_line' id='line_1_23' title="bbox 260 2478 633 2548; baseline 0.013 -16"><span class='ocrx_word' id='word_1_175' title='bbox 260 2478 356 2548; x_wconf 66' lang='lat' dir='ltr'><strong>amin,</strong></span> <span class='ocrx_word' id='word_1_176' title='bbox 373 2479 457 2534; x_wconf 85' lang='lat' dir='ltr'><strong>Marii</strong></span> <span class='ocrx_word' id='word_1_177' title='bbox 479 2497 551 2535; x_wconf 85' lang='lat' dir='ltr'><strong>uxor</strong></span> <span class='ocrx_word' id='word_1_178' title='bbox 566 2492 633 2538; x_wconf 82' lang='lat' dir='ltr'><strong>erat.</strong></span> 
     </span>
    </p>
   </div>
   <div class='ocr_carea' id='block_1_7' title="bbox 259 2585 1286 2751">
    <p class='ocr_par' dir='ltr' id='par_1_12' title="bbox 259 2585 1286 2751">
     <span class='ocr_line' id='line_1_24' title="bbox 300 2585 1286 2664; baseline 0.008 -24"><span class='ocrx_word' id='word_1_179' title='bbox 300 2586 363 2640; x_wconf 80' lang='lat' dir='ltr'><strong>Car.</strong></span> <span class='ocrx_word' id='word_1_180' title='bbox 378 2585 504 2640; x_wconf 87' lang='lat' dir='ltr'><strong>XLVIII.</strong></span> <span class='ocrx_word' id='word_1_181' title='bbox 530 2587 632 2642; x_wconf 87' lang='lat' dir='ltr'><strong>Contra</strong></span> <span class='ocrx_word' id='word_1_182' title='bbox 650 2589 746 2644; x_wconf 72' lang='lat' dir='ltr'><strong>Sinum</strong></span> <span class='ocrx_word' id='word_1_183' title='bbox 763 2590 869 2647; x_wconf 85' lang='lat' dir='ltr'><strong>relicto.</strong></span> <span class='ocrx_word' id='word_1_184' title='bbox 885 2590 1015 2661; x_wconf 82' lang='lat' dir='ltr'><strong>Decujus</strong></span> <span class='ocrx_word' id='word_1_185' title='bbox 1031 2589 1207 2664; x_wconf 76' lang='lat' dir='ltr'><strong>aggressione</strong></span> <span class='ocrx_word' id='word_1_186' title='bbox 1219 2592 1286 2648; x_wconf 81' lang='lat' dir='ltr'><strong>ride</strong></span> 
     </span>
     <span class='ocr_line' id='line_1_25' title="bbox 259 2674 595 2751; baseline 0.015 -22"><span class='ocrx_word' id='word_1_187' title='bbox 259 2674 372 2747; x_wconf 86' lang='lat' dir='ltr'><strong>hujusce</strong></span> <span class='ocrx_word' id='word_1_188' title='bbox 388 2676 453 2731; x_wconf 87' lang='lat' dir='ltr'><strong>libri</strong></span> <span class='ocrx_word' id='word_1_189' title='bbox 469 2697 529 2751; x_wconf 86' lang='lat' dir='ltr'><strong>cap.</strong></span> <span class='ocrx_word' id='word_1_190' title='bbox 550 2677 595 2734; x_wconf 81' lang='lat'><strong>25.</strong></span> 
     </span>
    </p>
   </div>
   <div class='ocr_carea' id='block_1_8' title="bbox 259 2767 1286 2930">
    <p class='ocr_par' dir='ltr' id='par_1_13' title="bbox 259 2767 1286 2930">
     <span class='ocr_line' id='line_1_26' title="bbox 298 2767 1286 2850; baseline 0.012 -30"><span class='ocrx_word' id='word_1_191' title='bbox 298 2767 361 2822; x_wconf 75' lang='lat' dir='ltr'><strong>Car.</strong></span> <span class='ocrx_word' id='word_1_192' title='bbox 386 2770 459 2824; x_wconf 86' lang='lat' dir='ltr'><strong>LVI.</strong></span> <span class='ocrx_word' id='word_1_193' title='bbox 488 2772 661 2844; x_wconf 79' lang='lat' dir='ltr'><strong>Hiempsalis</strong></span> <span class='ocrx_word' id='word_1_194' title='bbox 682 2775 764 2848; x_wconf 79' lang='lat' dir='ltr'><strong>regis</strong></span> <span class='ocrx_word' id='word_1_195' title='bbox 788 2774 976 2849; x_wconf 79' lang='lat' dir='ltr'><strong>Hiempsalem</strong></span> <span class='ocrx_word' id='word_1_196' title='bbox 1001 2793 1026 2829; x_wconf 91' lang='grc' dir='ltr'><strong>ιι</strong></span> <span class='ocrx_word' id='word_1_197' title='bbox 1048 2775 1191 2850; x_wconf 80' lang='lat' dir='ltr'><strong>intelllge,</strong></span> <span class='ocrx_word' id='word_1_198' title='bbox 1209 2777 1286 2832; x_wconf 70' lang='lat' dir='ltr'><strong>suba</strong></span> 
     </span>
     <span class='ocr_line' id='line_1_27' title="bbox 259 2868 377 2930; baseline 0.017 -18"><span class='ocrx_word' id='word_1_199' title='bbox 259 2868 377 2930; x_wconf 82' lang='lat' dir='ltr'><strong>putrem.</strong></span> 
     </span>
    </p>
   </div>
   <div class='ocr_carea' id='block_1_9' title="bbox 300 2950 1289 3032">
    <p class='ocr_par' dir='ltr' id='par_1_14' title="bbox 300 2950 1289 3032">
     <span class='ocr_line' id='line_1_28' title="bbox 300 2950 1289 3032; baseline 0.011 -28"><span class='ocrx_word' id='word_1_200' title='bbox 300 2950 364 3004; x_wconf 82' lang='lat' dir='ltr'><strong>Car.</strong></span> <span class='ocrx_word' id='word_1_201' title='bbox 382 2952 454 3006; x_wconf 86' lang='lat' dir='ltr'><strong>LIX.</strong></span> <span class='ocrx_word' id='word_1_202' title='bbox 475 2955 511 3004; x_wconf 90' lang='lat' dir='ltr'><strong>In</strong></span> <span class='ocrx_word' id='word_1_203' title='bbox 534 2955 624 3008; x_wconf 86' lang='lat' dir='ltr'><strong>aciem</strong></span> <span class='ocrx_word' id='word_1_204' title='bbox 642 2955 774 3010; x_wconf 64' lang='lat' dir='ltr'><strong>mamati.</strong></span> <span class='ocrx_word' id='word_1_205' title='bbox 796 2957 838 3010; x_wconf 89' lang='lat' dir='ltr'><strong>De</strong></span> <span class='ocrx_word' id='word_1_206' title='bbox 863 2959 1001 3012; x_wconf 84' lang='lat' dir='ltr'><strong>exercitus</strong></span> <span class='ocrx_word' id='word_1_207' title='bbox 1020 2959 1165 3032; x_wconf 80' lang='lat' dir='ltr'><strong>utriusque</strong></span> <span class='ocrx_word' id='word_1_208' title='bbox 1186 2959 1289 3014; x_wconf 69' lang='lat' dir='ltr'><strong>insuu-</strong></span> 
     </span>
    </p>
   </div>
   <div class='ocr_carea' id='block_1_10' title="bbox 141 3037 1288 3122">
    <p class='ocr_par' dir='ltr' id='par_1_15' title="bbox 141 3037 1288 3122">
     <span class='ocr_line' id='line_1_29' title="bbox 141 3037 1288 3122; baseline 0.015 -32"><span class='ocrx_word' id='word_1_209' title='bbox 141 3065 143 3068; x_wconf 96' lang='lat'>·</span> <span class='ocrx_word' id='word_1_210' title='bbox 260 3037 353 3092; x_wconf 79' lang='lat' dir='ltr'><strong>ctione</strong></span> <span class='ocrx_word' id='word_1_211' title='bbox 367 3058 466 3095; x_wconf 88' lang='lat' dir='ltr'><strong>sanum</strong></span> <span class='ocrx_word' id='word_1_212' title='bbox 483 3043 536 3098; x_wconf 88' lang='lat' dir='ltr'><strong>erit</strong></span> <span class='ocrx_word' id='word_1_213' title='bbox 554 3044 683 3100; x_wconf 84' lang='lat' dir='ltr'><strong>conferre</strong></span> <span class='ocrx_word' id='word_1_214' title='bbox 701 3046 779 3118; x_wconf 91' lang='lat' dir='ltr'><strong>quod</strong></span> <span class='ocrx_word' id='word_1_215' title='bbox 797 3046 867 3102; x_wconf 84' lang='lat' dir='ltr'><strong>dicit</strong></span> <span class='ocrx_word' id='word_1_216' title='bbox 880 3047 1047 3105; x_wconf 79' lang='lat' dir='ltr'><strong>Guiscburd.</strong></span> <span class='ocrx_word' id='word_1_217' title='bbox 1065 3047 1076 3122; x_wconf 66' lang='lat' dir='ltr'><strong>l</strong></span> <span class='ocrx_word' id='word_1_218' title='bbox 1084 3051 1170 3106; x_wconf 74' lang='grc' dir='ltr'><em>Μόνη.</em></span> <span class='ocrx_word' id='word_1_219' title='bbox 1190 3052 1288 3118; x_wconf 70' lang='lat' dir='ltr'><strong>milit,</strong></span> 
     </span>
    </p>
   </div>
   <div class='ocr_carea' id='block_1_11' title="bbox 258 3129 593 3210">
    <p class='ocr_par' dir='ltr' id='par_1_16' title="bbox 258 3129 593 3210">
     <span class='ocr_line' id='line_1_30' title="bbox 258 3129 593 3210; baseline 0.021 -31"><span class='ocrx_word' id='word_1_220' title='bbox 258 3129 315 3183; x_wconf 82' lang='lat' dir='ltr'><strong>vol.</strong></span> <span class='ocrx_word' id='word_1_221' title='bbox 338 3145 381 3196; x_wconf 88' lang='grc' dir='ltr'><strong>ιι,</strong></span> <span class='ocrx_word' id='word_1_222' title='bbox 394 3149 422 3203; x_wconf 86' lang='lat' dir='ltr'><strong>p.</strong></span> <span class='ocrx_word' id='word_1_223' title='bbox 440 3132 593 3210; x_wconf 71' lang='lat' dir='ltr'><strong>ald-249).</strong></span> 
     </span>
    </p>
   </div>
   <div class='ocr_carea' id='block_1_12' title="bbox 258 3232 1291 3594">
    <p class='ocr_par' dir='ltr' id='par_1_17' title="bbox 258 3232 1291 3499">
     <span class='ocr_line' id='line_1_31' title="bbox 297 3232 1291 3319; baseline 0.013 -33"><span class='ocrx_word' id='word_1_224' title='bbox 297 3232 360 3286; x_wconf 74' lang='lat' dir='ltr'><strong>Car.</strong></span> <span class='ocrx_word' id='word_1_225' title='bbox 377 3235 477 3288; x_wconf 84' lang='lat' dir='ltr'><strong>LXIV.</strong></span> <span class='ocrx_word' id='word_1_226' title='bbox 488 3236 521 3290; x_wconf 92' lang='lat' dir='ltr'><strong>P.</strong></span> <span class='ocrx_word' id='word_1_227' title='bbox 531 3239 671 3312; x_wconf 74' lang='lat' dir='ltr'><strong>Ligarius.</strong></span> <span class='ocrx_word' id='word_1_228' title='bbox 686 3239 774 3311; x_wconf 83' lang='lat' dir='ltr'><strong>Hujus</strong></span> <span class='ocrx_word' id='word_1_229' title='bbox 787 3242 894 3315; x_wconf 88' lang='lat' dir='ltr'><strong>Ligarii</strong></span> <span class='ocrx_word' id='word_1_230' title='bbox 908 3244 1007 3313; x_wconf 80' lang='lat' dir='ltr'><strong>trater,</strong></span> <span class='ocrx_word' id='word_1_231' title='bbox 1021 3263 1104 3316; x_wconf 87' lang='lat' dir='ltr'><strong>quem</strong></span> <span class='ocrx_word' id='word_1_232' title='bbox 1118 3246 1216 3301; x_wconf 83' lang='lat' dir='ltr'><strong>Cicero</strong></span> <span class='ocrx_word' id='word_1_233' title='bbox 1224 3263 1291 3319; x_wconf 85' lang='lat' dir='ltr'><strong>per·</strong></span> 
     </span>
     <span class='ocr_line' id='line_1_32' title="bbox 259 3321 1290 3406; baseline 0.017 -34"><span class='ocrx_word' id='word_1_234' title='bbox 259 3321 359 3376; x_wconf 81' lang='lat' dir='ltr'><strong>illustri</strong></span> <span class='ocrx_word' id='word_1_235' title='bbox 375 3325 504 3380; x_wconf 85' lang='lat' dir='ltr'><strong>oratione</strong></span> <span class='ocrx_word' id='word_1_236' title='bbox 518 3327 654 3384; x_wconf 83' lang='lat' dir='ltr'><strong>defendit.</strong></span> <span class='ocrx_word' id='word_1_237' title='bbox 672 3331 785 3388; x_wconf 89' lang='lat' dir='ltr'><strong>Dicitur</strong></span> <span class='ocrx_word' id='word_1_238' title='bbox 798 3336 955 3390; x_wconf 84' lang='lat' dir='ltr'><strong>autemhoc</strong></span> <span class='ocrx_word' id='word_1_239' title='bbox 972 3337 1001 3390; x_wconf 91' lang='lat' dir='ltr'><strong>in</strong></span> <span class='ocrx_word' id='word_1_240' title='bbox 1018 3338 1084 3391; x_wconf 88' lang='lat' dir='ltr'><strong>loco</strong></span> <span class='ocrx_word' id='word_1_241' title='bbox 1099 3335 1290 3406; x_wconf 78' lang='lat' dir='ltr'><strong>Afranianus,</strong></span> 
     </span>
     <span class='ocr_line' id='line_1_33' title="bbox 258 3411 1182 3499; baseline 0.021 -37"><span class='ocrx_word' id='word_1_242' title='bbox 258 3411 320 3482; x_wconf 83' lang='lat' dir='ltr'><strong>quia</strong></span> <span class='ocrx_word' id='word_1_243' title='bbox 335 3413 388 3466; x_wconf 91' lang='lat' dir='ltr'><strong>sub</strong></span> <span class='ocrx_word' id='word_1_244' title='bbox 404 3416 535 3486; x_wconf 77' lang='lat' dir='ltr'><strong>Afranio,</strong></span> <span class='ocrx_word' id='word_1_245' title='bbox 549 3421 677 3494; x_wconf 85' lang='lat' dir='ltr'><strong>Pompeii</strong></span> <span class='ocrx_word' id='word_1_246' title='bbox 691 3424 801 3496; x_wconf 83' lang='lat' dir='ltr'><strong>legato,</strong></span> <span class='ocrx_word' id='word_1_247' title='bbox 820 3425 851 3480; x_wconf 90' lang='lat' dir='ltr'><strong>in</strong></span> <span class='ocrx_word' id='word_1_248' title='bbox 867 3427 1002 3499; x_wconf 79' lang='lat' dir='ltr'><strong>Hispania</strong></span> <span class='ocrx_word' id='word_1_249' title='bbox 1020 3427 1182 3482; x_wconf 82' lang='lat' dir='ltr'><strong>bellarerat.</strong></span> 
     </span>
    </p>

    <p class='ocr_par' dir='ltr' id='par_1_18' title="bbox 298 3504 1290 3594">
     <span class='ocr_line' id='line_1_34' title="bbox 298 3504 1290 3594; baseline 0.015 -39"><span class='ocrx_word' id='word_1_250' title='bbox 298 3505 325 3556; x_wconf 76' lang='lat' dir='ltr'><em>A</em></span> <span class='ocrx_word' id='word_1_251' title='bbox 338 3504 456 3560; x_wconf 72' lang='lat' dir='ltr'><strong>Nasidia·</strong></span> <span class='ocrx_word' id='word_1_252' title='bbox 466 3510 557 3594; x_wconf 54' lang='lat' dir='ltr'><strong>cinge</strong></span> <span class='ocrx_word' id='word_1_253' title='bbox 570 3525 693 3586; x_wconf 84' lang='lat' dir='ltr'><strong>coptum.</strong></span> <span class='ocrx_word' id='word_1_254' title='bbox 712 3517 756 3570; x_wconf 92' lang='lat' dir='ltr'><strong>De</strong></span> <span class='ocrx_word' id='word_1_255' title='bbox 774 3534 833 3588; x_wconf 89' lang='lat' dir='ltr'><strong>quo</strong></span> <span class='ocrx_word' id='word_1_256' title='bbox 851 3517 916 3572; x_wconf 83' lang='lat' dir='ltr'><strong>aida</strong></span> <span class='ocrx_word' id='word_1_257' title='bbox 930 3517 1003 3571; x_wconf 85' lang='lat' dir='ltr'><strong>Bell.</strong></span> <span class='ocrx_word' id='word_1_258' title='bbox 1016 3516 1086 3582; x_wconf 75' lang='lat' dir='ltr'><strong>Cin,</strong></span> <span class='ocrx_word' id='word_1_259' title='bbox 1100 3515 1150 3570; x_wconf 89' lang='lat' dir='ltr'><strong>lib.</strong></span> <span class='ocrx_word' id='word_1_260' title='bbox 1161 3533 1205 3579; x_wconf 88' lang='grc' dir='ltr'><strong>ιι,</strong></span> <span class='ocrx_word' id='word_1_261' title='bbox 1222 3533 1246 3568; x_wconf 92' lang='lat' dir='ltr'><strong>c.</strong></span> <span class='ocrx_word' id='word_1_262' title='bbox 1263 3516 1290 3570; x_wconf 86' lang='lat'><strong>3.</strong></span> 
     </span>
    </p>
   </div>
   <div class='ocr_carea' id='block_1_13' title="bbox 296 3605 1291 3691">
    <p class='ocr_par' dir='ltr' id='par_1_19' title="bbox 296 3605 1291 3691">
     <span class='ocr_line' id='line_1_35' title="bbox 296 3605 1291 3691; baseline 0.012 -29"><span class='ocrx_word' id='word_1_263' title='bbox 296 3605 360 3661; x_wconf 74' lang='lat' dir='ltr'><strong>Car.</strong></span> <span class='ocrx_word' id='word_1_264' title='bbox 368 3610 495 3666; x_wconf 87' lang='lat' dir='ltr'><strong>LXXIV.</strong></span> <span class='ocrx_word' id='word_1_265' title='bbox 505 3616 769 3674; x_wconf 69' lang='lat' dir='ltr'><strong>Demonstravimus.</strong></span> <span class='ocrx_word' id='word_1_266' title='bbox 780 3621 887 3691; x_wconf 86' lang='lat' dir='ltr'><strong>Nempe</strong></span> <span class='ocrx_word' id='word_1_267' title='bbox 896 3619 926 3672; x_wconf 91' lang='lat' dir='ltr'><strong>in</strong></span> <span class='ocrx_word' id='word_1_268' title='bbox 940 3617 1032 3690; x_wconf 85' lang='lat' dir='ltr'><strong>capite</strong></span> <span class='ocrx_word' id='word_1_269' title='bbox 1041 3617 1156 3688; x_wconf 85' lang='lat' dir='ltr'><strong>hujusce</strong></span> <span class='ocrx_word' id='word_1_270' title='bbox 1165 3618 1233 3673; x_wconf 84' lang='lat' dir='ltr'><strong>libri</strong></span> <span class='ocrx_word' id='word_1_271' title='bbox 1242 3618 1291 3674; x_wconf 85' lang='grc'><strong>68.</strong></span> 
     </span>
    </p>
   </div>
   <div class='ocr_carea' id='block_1_14' title="bbox 254 3709 1293 4066">
    <p class='ocr_par' dir='ltr' id='par_1_20' title="bbox 254 3709 1293 4066">
     <span class='ocr_line' id='line_1_36' title="bbox 296 3709 1292 3796; baseline 0.017 -35"><span class='ocrx_word' id='word_1_272' title='bbox 296 3709 360 3763; x_wconf 83' lang='lat' dir='ltr'><strong>Car.</strong></span> <span class='ocrx_word' id='word_1_273' title='bbox 375 3713 503 3768; x_wconf 91' lang='lat' dir='ltr'><strong>LXXXI.</strong></span> <span class='ocrx_word' id='word_1_274' title='bbox 524 3719 669 3792; x_wconf 74' lang='lat' dir='ltr'><strong>Oppositas</strong></span> <span class='ocrx_word' id='word_1_275' title='bbox 682 3724 801 3796; x_wconf 79' lang='lat' dir='ltr'><strong>quinque</strong></span> <span class='ocrx_word' id='word_1_276' title='bbox 819 3721 971 3794; x_wconf 73' lang='lat' dir='ltr'><strong>legionibus</strong></span> <span class='ocrx_word' id='word_1_277' title='bbox 986 3722 1015 3774; x_wconf 87' lang='lat' dir='ltr'><strong>in</strong></span> <span class='ocrx_word' id='word_1_278' title='bbox 1032 3733 1134 3795; x_wconf 80' lang='lat' dir='ltr'><strong>quarta</strong></span> <span class='ocrx_word' id='word_1_279' title='bbox 1147 3724 1218 3776; x_wconf 88' lang='lat' dir='ltr'><strong>acie.</strong></span> <span class='ocrx_word' id='word_1_280' title='bbox 1233 3721 1292 3779; x_wconf 81' lang='lat' dir='ltr'><strong>tte-</strong></span> 
     </span>
     <span class='ocr_line' id='line_1_37' title="bbox 254 3799 1291 3888; baseline 0.017 -38"><span class='ocrx_word' id='word_1_281' title='bbox 254 3799 326 3852; x_wconf 85' lang='lat' dir='ltr'><strong>ctius</strong></span> <span class='ocrx_word' id='word_1_282' title='bbox 340 3819 407 3857; x_wconf 83' lang='lat' dir='ltr'><strong>sane</strong></span> <span class='ocrx_word' id='word_1_283' title='bbox 431 3817 503 3861; x_wconf 86' lang='lat' dir='ltr'><strong>esset</strong></span> <span class='ocrx_word' id='word_1_284' title='bbox 522 3810 616 3882; x_wconf 82' lang='lat' dir='ltr'><strong>legere</strong></span> <span class='ocrx_word' id='word_1_285' title='bbox 632 3831 695 3868; x_wconf 89' lang='lat' dir='ltr'><strong>cum</strong></span> <span class='ocrx_word' id='word_1_286' title='bbox 714 3811 888 3868; x_wconf 82' lang='lat' dir='ltr'><strong>Guiscbardo</strong></span> <span class='ocrx_word' id='word_1_287' title='bbox 913 3807 1020 3888; x_wconf 65' lang='lat' dir='ltr'><strong>(Mem.</strong></span> <span class='ocrx_word' id='word_1_288' title='bbox 1038 3813 1098 3868; x_wconf 86' lang='lat' dir='ltr'><strong>crit.</strong></span> <span class='ocrx_word' id='word_1_289' title='bbox 1129 3824 1159 3868; x_wconf 85' lang='lat' dir='ltr'><strong>et</strong></span> <span class='ocrx_word' id='word_1_290' title='bbox 1174 3814 1291 3880; x_wconf 73' lang='lat' dir='ltr'><strong>histon,</strong></span> 
     </span>
     <span class='ocr_line' id='line_1_38' title="bbox 254 3896 1293 3978; baseline 0.003 -20"><span class='ocrx_word' id='word_1_291' title='bbox 254 3897 322 3942; x_wconf 76' lang='lat'>&#39;⁰¹¹¹-</span> <span class='ocrx_word' id='word_1_292' title='bbox 343 3910 384 3958; x_wconf 84' lang='lat' dir='ltr'><strong>rr,</strong></span> <span class='ocrx_word' id='word_1_293' title='bbox 397 3912 426 3965; x_wconf 82' lang='lat' dir='ltr'><strong>P·</strong></span> <span class='ocrx_word' id='word_1_294' title='bbox 447 3896 545 3972; x_wconf 77' lang='lat'>²38):</span> <span class='ocrx_word' id='word_1_295' title='bbox 565 3904 735 3978; x_wconf 72' lang='lat' dir='ltr'><strong>«oppositis</strong></span> <span class='ocrx_word' id='word_1_296' title='bbox 752 3903 876 3976; x_wconf 89' lang='lat' dir='ltr'><strong>quinque</strong></span> <span class='ocrx_word' id='word_1_297' title='bbox 888 3903 1049 3978; x_wconf 85' lang='lat' dir='ltr'><strong>legionibus</strong></span> <span class='ocrx_word' id='word_1_298' title='bbox 1063 3905 1093 3961; x_wconf 87' lang='lat' dir='ltr'><strong>in</strong></span> <span class='ocrx_word' id='word_1_299' title='bbox 1110 3907 1203 3960; x_wconf 84' lang='lat' dir='ltr'><strong>media</strong></span> <span class='ocrx_word' id='word_1_300' title='bbox 1224 3907 1293 3963; x_wconf 72' lang='lat' dir='ltr'><strong>acie=</strong></span> 
     </span>
     <span class='ocr_line' id='line_1_39' title="bbox 255 3976 855 4066; baseline 0.028 -39"><span class='ocrx_word' id='word_1_301' title='bbox 255 3976 288 4028; x_wconf 88' lang='lat' dir='ltr'><strong>ln</strong></span> <span class='ocrx_word' id='word_1_302' title='bbox 306 3993 403 4050; x_wconf 55' lang='lat' dir='ltr'><strong>&lt;quarta</strong></span> <span class='ocrx_word' id='word_1_303' title='bbox 418 3987 478 4042; x_wconf 84' lang='lat' dir='ltr'><strong>acie</strong></span> <span class='ocrx_word' id='word_1_304' title='bbox 490 4000 555 4045; x_wconf 87' lang='lat' dir='ltr'><strong>ante</strong></span> <span class='ocrx_word' id='word_1_305' title='bbox 572 3992 661 4066; x_wconf 84' lang='lat' dir='ltr'><strong>ipsa...</strong></span> <span class='ocrx_word' id='word_1_306' title='bbox 676 3993 855 4050; x_wconf 78' lang='lat' dir='ltr'><strong>collocatis.»</strong></span> 
     </span>
    </p>
   </div>
   <div class='ocr_carea' id='block_1_15' title="bbox 0 0 1513 4780">
    <p class='ocr_par' dir='ltr' id='par_1_21' title="bbox 0 0 1513 4780">
     <span class='ocr_line' id='line_1_40' title="bbox 0 0 1513 4780; baseline 0 0"><span class='ocrx_word' id='word_1_307' title='bbox 0 0 1513 4780; x_wconf 95' lang='lat' dir='ltr'><strong> </strong></span> 
     </span>
    </p>
   </div>
  </div>
 </body>
</html>
