3050 4772
290 255 292 262 ’
384 339 387 346 ,
445 293 496 348 nn
515 293 635 349 sunno
652 292 819 350 caturco
844 292 913 349 mn.
931 293 992 346 vu.
1181 300 1239 358 207

200 409 420 503 appellabant.
442 419 528 485 Ante
549 416 626 503 hos,
653 416 794 510 obliquis
822 417 994 487 ordinibus
1021 416 1056 482 in
1080 413 1242 507 quincun-

200 553 271 598 cem
300 531 486 627 dispositis,
516 536 646 606 scrobes
678 539 776 605 trium
808 537 843 603 in
877 534 1086 605 altitudinem
1119 532 1242 626 pedum

200 647 430 738 fodiebantur,
455 653 613 747 paulatim
639 657 833 748 angustiore
860 654 902 724 ad
928 654 1078 722 infimum
1102 653 1243 747 fastigio.

202 769 277 836 Huc
309 783 427 840 teretes
457 773 585 867 stipites
618 775 747 842 feminis
779 774 1010 858 crassitudine.
1042 773 1083 841 ab
1114 796 1244 841 summo

200 889 357 980 praeacuti
376 903 409 956 et
424 894 574 984 praeusti,
595 891 875 977 demittebantur,
898 893 942 960 ita
961 905 999 960 ut
1016 915 1083 960 non
1101 888 1245 985 amplius

200 1004 314 1098 digitis
343 1032 377 1076 iv
398 1033 437 1077 ex
466 1025 556 1079 terra
586 1012 795 1080 eminerent:
824 1009 940 1096 simul,
967 1010 1186 1080 confirmandi
1212 1026 1246 1080 et

201 1124 390 1196 stabiliendi
422 1153 535 1216 causa,
566 1128 688 1224 singuli
717 1129 758 1198 ab
783 1129 899 1198 infimo
932 1128 1002 1198 solo
1030 1129 1130 1223 pedes
1158 1145 1247 1199 terra

201 1244 480 1334 exculcabantur;
498 1247 625 1342 reliqua
649 1273 725 1342 pars
744 1248 889 1333 scrobis,
906 1248 948 1338 ad
965 1247 1179 1318 occultandas
1200 1251 1247 1318 in·

201 1363 314 1452 sidias,
334 1367 514 1436 viminibus
532 1393 570 1437 ac
588 1367 739 1464 virgultis
755 1367 975 1462 integebatur.
994 1368 1100 1461 Huju's
1117 1371 1247 1464 generis

202 1486 312 1552 octoni
340 1485 473 1556 ordines
497 1486 588 1556 ducti
617 1501 729 1556 ternos
755 1487 842 1556 inter
866 1511 901 1556 se
926 1487 1027 1579 pedes
1049 1487 1246 1556 distabant:

202 1602 237 1670 id
266 1628 305 1672 ex
328 1603 546 1689 similitudine
570 1606 661 1674 floris
686 1605 793 1675 lilium
818 1604 1040 1700 appellabant.
1067 1606 1248 1675 Antehac
1321 1632 1325 1638 ·

203 1720 311 1810 taleae,
323 1724 441 1818 pedem
459 1723 583 1820 longae,
593 1725 708 1794 ferreis
720 1725 828 1794 hamis
844 1726 971 1809 infixis,
985 1737 1062 1793 totae
1075 1727 1248 1794 interram

203 1842 467 1930 infodiebantur,
492 1844 780 1940 mediocribusque
803 1846 999 1914 intermissis
1024 1846 1153 1938 spatiis,
1178 1871 1250 1914 om·

203 1963 301 2032 nibus
314 1962 394 2032 locis
407 1964 668 2050 disserebantur,
681 1990 764 2059 quos
781 1963 932 2034 stimulos
947 1965 1176 2034 nominabant.

251 2086 404 2154 LXXIV.
426 2087 485 2154 llis
511 2085 610 2154 rebus
629 2085 795 2178 perfectis,
822 2086 973 2179 regiones
994 2099 1126 2154 secutus
1149 2110 1250 2180 quam

203 2191 315 2296 potuit
339 2206 539 2298 aequissimas
565 2229 627 2298 pro
647 2202 711 2273 loci
730 2219 863 2294 natura,
887 2229 947 2274 xlv
968 2203 1072 2274 millia
1092 2230 1250 2300 passuum

203 2323 409 2419 complexus,
429 2350 523 2420 pares
543 2324 693 2419 ejusdem
716 2325 844 2419 generis
865 2325 1082 2413 munitiones,
1106 2325 1252 2396 diverses

203 2445 245 2512 ab
264 2445 330 2530 his,
348 2460 466 2514 contra
482 2446 679 2514 exteriorem
696 2444 825 2512 hostem
847 2444 999 2537 perfecit,
1016 2459 1053 2514 ut
1070 2469 1111 2513 ne
1132 2469 1252 2541 magna

204 2564 341 2659 quidem
361 2563 591 2651 multitudine,
614 2565 642 2632 si
661 2563 858 2649 itaaccidat
873 2565 944 2656 ejus
964 2564 1125 2652 discessu,
1143 2566 1252 2634 muni·

205 2688 336 2755 tionum
349 2684 499 2780 praesidia
517 2684 740 2754 circumfundi
758 2699 908 2779 possent;
926 2709 991 2752 neu
1008 2708 1087 2753 cum
1103 2683 1253 2779 periculo

206 2832 245 2876 ex
267 2807 384 2876 castris
410 2806 522 2900 egredi
548 2820 725 2900 cogantur,
750 2803 879 2873 dierum
909 2828 977 2872 xxx
999 2801 1159 2897 pabulum
1184 2804 1254 2874 fru-

206 2940 424 3019 mentumque
441 2925 563 2994 habere
580 2941 693 2993 omnes
708 2937 907 2993 convectum
919 2924 1026 3017 jubet.

224 3052 230 3066 '
255 3049 391 3126 LXXV.
416 3049 508 3115 Dum
527 3047 597 3115 haec
619 3045 662 3114 ad
684 3044 829 3114 Alesiam
845 3058 1027 3139 geruntur,
1047 3043 1152 3133 Galli,
1178 3071 1255 3116 con·

208 3167 285 3237 cilio
318 3168 509 3261 principum
538 3166 685 3252 indicto,
718 3189 786 3232 non
818 3175 933 3232 omnes
962 3166 1021 3259 qui
1052 3189 1144 3234 arma
1169 3165 1255 3234 ferre

209 3301 358 3382 possent,
395 3301 432 3355 ut
462 3286 592 3356 censuit
622 3285 894 3378 Vercingetorix,
929 3283 1160 3354 convocandos
1191 3299 1256 3353 sta·

210 3422 323 3495 tnunt,
345 3407 412 3476 scd'
427 3421 555 3476 certum
587 3429 765 3473 numerum
791 3405 913 3498 cuique
937 3405 1063 3473 civitati
1089 3405 1255 3498 imperan-

206 3525 306 3615 dum3
326 3553 382 3614 ne,
400 3541 493 3597 tanta
509 3523 723 3595 multitudine
741 3523 893 3611 confusa,
911 3549 971 3594 nec
988 3523 1172 3609 moderari,
1193 3548 1255 3592 nec

211 3645 397 3716 discernere
416 3669 507 3731 suos,
529 3669 590 3713 nec
609 3643 836 3713 frumentandi
858 3645 1021 3712 rationem
1044 3641 1166 3712 habere
1182 3667 1256 3736 pos-

199 3763 294 3842 sent.
317 3771 488 3861 Imperant
513 3765 647 3853 AEduis,
670 3779 770 3860 atque
794 3789 911 3834 eorum
938 3763 1131 3848 clientibus,
1153 3765 1256 3857 Segn-

213 3886 326 3974 sianis,
356 3885 593 3970 Ambiuaretis,
620 3883 768 3955 Aulercis
799 3884 1079 3966 Brennovicibus‚
1107 3886 1255 3953 Branno·
