3062 4766
460 401 512 456 DE
534 395 653 453 BELLO
674 395 836 486 GALLICO
858 399 927 455 LIB.
945 399 1008 454 vu.
1198 415 1252 452 201

222 524 366 592 tionibus
386 523 722 618 pabulationibusque
747 528 915 593 Romanos
936 523 1111 616 prohibere
1132 549 1140 590 :
1161 547 1254 616 aequo

217 642 319 711 modo
339 644 451 712 animo
468 668 526 710 sua
544 644 606 735 ipsi
621 642 787 712 frumenta
807 657 1037 737 corrumpant,
1054 641 1255 736 aedificiaque

207 761 419 850 incendant,
442 787 507 856 qua
529 764 577 829 rei
598 760 767 830 familiaris
782 765 913 856 jactura
935 777 1131 855 perpetuum
1153 762 1256 854 irnpe-

217 883 306 949 rium
328 879 582 974 libertatemque
604 906 638 950 se
667 884 824 975 consequi
849 881 991 951 videant.
1009 912 1026 947 »
1054 882 1114 948 His
1133 881 1255 948 consti-

218 1001 300 1069 tutis
314 999 430 1089 rebus,
447 1001 562 1070 AEduis
579 1003 846 1097 Segusiauisque,
861 1003 918 1096 qui
931 1017 1010 1069 sunt
1023 1001 1156 1069 finitimi
1173 1003 1256 1067 Pro-

216 1121 353 1206 vinciae,
383 1145 406 1188 x
430 1119 535 1189 millia
559 1121 709 1214 peditum
737 1123 891 1215 imperat;
915 1121 981 1189 huc
1008 1119 1101 1188 addit
1129 1119 1256 1212 equites

216 1262 318 1309 nccc.
335 1240 396 1309 His
417 1241 555 1333 praeficit
574 1240 710 1316 fratrem
727 1239 976 1334 Eporedorigis,
995 1237 1187 1333 bellumque
1205 1239 1256 1305 in-

217 1357 303 1426 ferre
316 1357 549 1453 Allobrogibus
561 1361 664 1454 jubet.
682 1360 796 1430 Altera
811 1385 851 1428 ex
865 1373 973 1454 parte,
986 1356 1132 1428 Gabalos
1145 1359 1256 1453 proxi·

218 1501 355 1570 mosque
378 1502 480 1573 pagos
506 1483 732 1548 Arvernorum
758 1481 792 1546 in
818 1477 972 1565 Helvios,
1000 1480 1080 1547 item
1106 1482 1255 1547 Rutenos

218 1596 453 1698 Cadurcosque
470 1597 512 1666 ad
527 1599 609 1667 fines
622 1596 802 1670 Volcarum
817 1599 1087 1668 Arecomicorum
1107 1597 1254 1689 depopu-

218 1713 335 1784 landos
354 1717 466 1786 mittit.
490 1715 716 1788 Nihilominus
738 1716 949 1786 clandestinis
973 1717 1098 1784 nuntiis
1117 1713 1255 1807 legatio-

218 1834 381 1926 nibusque
398 1834 595 1929 Allobrogas
613 1835 781 1923 sollicitat,
797 1860 941 1929 quorum
960 1848 1087 1902 mentes
1103 1832 1254 1901 nondum

218 1951 260 2021 ab
273 1953 442 2046 superiore
456 1953 544 2022 bello
558 1954 716 2023 resedisse
729 1955 891 2048 sperabat.
907 1959 1034 2023 Horum
1048 1952 1254 2047 principibus

219 2073 394 2165 pecunias,
410 2075 536 2143 civitati
549 2087 661 2142 autem
676 2075 851 2167 imperium
867 2075 968 2142 totius
985 2073 1168 2140 Provinciae
1184 2069 1255 2163 pol-

218 2187 346 2261 licetur.

266 2314 370 2380 LXV.
396 2313 449 2384 Ad
476 2315 537 2384 hos
563 2339 678 2385 omues
705 2339 798 2384 casus
826 2316 956 2408 provisa
982 2327 1077 2381 erant
1103 2311 1254 2406 praesidia

218 2431 405 2500 cohortium
427 2433 568 2503 duarum
588 2451 621 2503 et
641 2437 774 2529 viginti,
797 2459 869 2527 quae
885 2460 924 2503 ex
948 2435 1017 2527 ipsa
1037 2448 1151 2502 coacta
1172 2434 1254 2501 Pro-

218 2551 327 2621 vincia
348 2551 389 2618 ab
404 2555 443 2619 L.
459 2556 587 2622 Caesare
603 2553 711 2647 legato
726 2553 767 2620 ad
784 2578 898 2621 omnes
916 2567 1026 2646 partes
1042 2551 1255 2645 opponeban-

220 2683 286 2736 tur.
308 2667 432 2754 Helvii,
455 2695 512 2739 sua
532 2687 649 2764 sponte
668 2696 744 2740 cum
766 2671 913 2740 finitimis
934 2670 1051 2763 proelio
1071 2670 1254 2763 congressi,

219 2784 404 2882 pelluntur,
424 2801 457 2855 et
475 2792 518 2858 C.
534 2789 667 2858 Valerio
688 2795 897 2876 Donotauro,
917 2791 1039 2859 Caburi
1060 2786 1144 2873 filio,
1165 2788 1257 2881 prin-

219 2907 292 3000 cipe
307 2907 463 2992 civitatis,
481 2907 771 3004 compluribusque
788 2909 860 2979 aliis
878 2909 1073 2997 interfectis,
1092 2909 1180 2976 intra
1196 2933 1255 3000 op-

220 3025 298 3120 pida
329 3049 506 3120 murosque
538 3027 790 3122 compelluntur.
823 3027 1031 3122 Allobroges,
1063 3028 1187 3098 crebris
1213 3031 1255 3097 ad

219 3145 420 3216 Rhodanum
444 3147 609 3241 dispositis
630 3148 802 3242 praesidiis,
823 3173 1033 3243 magnacum
1053 3173 1133 3217 eura
1151 3163 1185 3218 et
1203 3150 1254 3217 di·

219 3265 355 3366 ligentia
371 3291 447 3334 suos
459 3261 548 3336 ¹lines
566 3281 710 3338 tuentur.
729 3271 854 3353 Caesar,
873 3267 963 3361 quod
979 3268 1089 3338 hostes
1107 3270 1255 3362 equitatu

219 3388 404 3481 superiores
423 3413 493 3456 esse
513 3386 734 3482 intelligebat,
751 3400 798 3475 et,
820 3387 1007 3457 interclusis
1029 3389 1183 3458 omnibus
1203 3389 1257 3454 iti-

220 3507 382 3594 neribus,
399 3507 490 3576 nulla
515 3531 551 3575 re
578 3531 620 3575 ex
651 3507 823 3575 Provincia
849 3523 947 3600 atquc
972 3506 1069 3576 ltalia
1093 3505 1255 3574 sublevari

220 3641 365 3720 poterat,
385 3641 476 3694 trans
495 3627 649 3696 Rhenum
670 3628 704 3694 in
723 3627 937 3695 Germaniam
958 3627 1061 3694 mittit
1079 3625 1120 3693 ad
1139 3648 1193 3692 eas
1213 3626 1257 3690 ci-

220 3749 337 3816 vitates
366 3773 446 3840 quas
475 3747 699 3840 superioribus
724 3747 819 3814 annis
845 3759 1037 3839 pacaverat,
1064 3745 1255 3837 equitesque

222 3865 262 3932 ab
283 3866 333 3934 his
354 3866 488 3934 arcessit
506 3857 641 3934 et'levis
662 3882 837 3934 armaturae
853 3866 996 3959 pedites,
1014 3867 1071 3958 qui
1094 3867 1254 3932 intereos

220 3983 364 4078 proeliari
401 3998 649 4054 consueverant.
682 3991 805 4055 Eorum
837 3985 995 4073 adventu,
1027 3985 1116 4080 quod
1147 3988 1254 4054 minus
