3042 4772
287 405 341 462 166
458 405 488 460 G
504 407 602 462 sunu
622 405 787 462 CAESARIS
807 405 1007 462 comus.
1028 407 1139 464 LIBER

243 533 245 536 ’
331 533 391 600 tx.
415 535 486 600 Hac
506 532 656 600 oratione
677 529 767 624 apud
791 554 869 599 suos
890 531 1023 618 habits,
1046 545 1144 624 atque
1165 533 1315 602 omnium

285 649 450 718 mentibus
466 651 635 734 excitatis,
653 647 711 717 dat
727 649 978 718 centurionibus
994 651 1178 744 negotium,
1193 664 1246 739 ut,
1262 675 1317 720 re-

283 766 383 860 liquis
398 769 552 864 operibus
566 767 775 854 intermissis,
793 767 835 837 ad
851 767 1024 837 fodiendus
1038 783 1154 862 puteos
1166 770 1315 840 animum

284 887 480 974 conferant,
498 911 579 957 neve
598 911 697 981 quam
717 901 845 982 partem
864 889 1020 957 nocturni
1040 889 1195 982 temporis
1213 889 1315 958 inter·

283 1008 429 1076 mittant.
442 1005 522 1096 Quo
536 1021 689 1100 suscepto
701 1008 852 1102 negotio,
864 1019 963 1100 atque
976 1005 1125 1076 omnium
1140 1007 1257 1076 animis
1271 1005 1314 1076 ad

284 1123 430 1194 laborem
449 1126 610 1213 incitatis,
628 1149 747 1221 magna
765 1149 830 1194 una
846 1139 943 1194 nocte
958 1126 1007 1194 ris
1027 1149 1119 1218 aque
1138 1125 1242 1195 dulcis
1260 1127 1312 1195 in·

283 1257 381 1313 venta
393 1258 451 1313 est.
469 1247 520 1312 Ita
536 1245 682 1338 operosis
698 1242 994 1313 Alexandrinorum
1015 1243 1313 1314 machinationibus

283 1363 499 1454 maximisque
513 1363 684 1432 conatibus
700 1385 767 1432 non
788 1360 878 1458 longi
895 1363 1051 1456 temporis
1067 1361 1181 1432 labore
1201 1388 1313 1434 occur-

283 1505 357 1549 sum
374 1495 435 1550 est.
446 1483 496 1550 Eo
512 1479 615 1549 biduo
633 1480 719 1577 legio
737 1505 859 1551 xxxvn
878 1505 917 1549 ex
935 1480 1092 1551 dedititiis
1107 1483 1311 1578 Pompeianis

284 1599 461 1687 militibus,
481 1620 557 1668 cum
576 1599 762 1688 frumento,
783 1601 903 1688 armis,
925 1597 1015 1688 telis,
1036 1603 1229 1684 tormentis,
1249 1603 1310 1670 im-

283 1721 391 1813 posita
412 1721 447 1789 in
469 1743 568 1789 naves
593 1742 613 1787 a
634 1721 783 1790 Domitio
804 1718 963 1802 Calvino,
985 1718 1027 1787 ad
1053 1718 1150 1788 litora
1175 1720 1310 1808 Africae,

282 1838 383 1933 paulo
406 1863 505 1935 supra
523 1838 768 1923 Alexandriam,
788 1836 893 1908 delata
917 1851 976 1908 est.
997 1841 1055 1908 11ae
1078 1863 1177 1908 naves
1201 1841 1309 1925 Eum,

283 1959 341 2050 qui
363 1955 483 2027 multos
503 1957 572 2026 dies
589 1958 796 2027 continenter
814 1956 929 2044 flabat,
946 1971 1081 2050 portum
1100 1979 1216 2052 capere
1235 1983 1311 2053 pro·

283 2077 482 2146 bibebantur
501 2102 509 2144 :
527 2076 583 2146 sed
598 2075 672 2146 loca
689 2091 767 2146 sunt
783 2078 914 2171 egregie
932 2078 1023 2145 omni
1045 2074 1101 2147 illa
1117 2077 1251 2172 regione
1269 2077 1310 2146 ad

284 2194 602 2264 tenendasancoras.
613 2196 657 2262 Hi
670 2219 774 2288 quum
787 2193 844 2263 diu
857 2194 1090 2283 retinerentur,
1103 2209 1203 2290 atque
1217 2221 1309 2289 aqua

282 2316 394 2408 iuopia
416 2329 654 2408 premerentur,
679 2315 812 2408 navigio
835 2315 983 2384 actuario
1002 2317 1163 2385 Caesarem
1185 2315 1310 2385 faciunt

282 2436 465 2504 certiorem.

329 2556 371 2622 X.
390 2555 512 2642 cesar,
531 2567 569 2624 ut
590 2578 648 2649 per
672 2579 706 2624 se
728 2552 901 2625 consilium
920 2568 1070 2649 caperet,
1091 2553 1171 2648 quid
1190 2553 1311 2624 sacien-

282 2674 360 2742 dum
378 2673 554 2764 videretur,
567 2676 677 2743 navim
693 2672 900 2756 conscendit,
915 2688 1013 2767 atque
1028 2697 1158 2742 ornnem
1175 2671 1309 2742 classem

282 2819 316 2863 se
337 2795 428 2888 sequi
440 2795 558 2888 jussit,
571 2792 671 2864 nullis
690 2796 810 2864 nostris
829 2791 989 2862 militibus
1005 2793 1184 2886 impositis,
1203 2791 1310 2885 quod,

282 2939 385 3007 quum
402 2912 532 3007 longius
546 2910 645 3007 paulo
658 2910 855 3001 discederet,
872 2912 1072 2982 munitiones
1086 2911 1210 2980 nudare
1223 2908 1310 2980 nole·

282 3033 348 3100 bat.
364 3032 543 3125 Quumque
557 3031 686 3101 adeum
700 3029 810 3100 locum
826 3033 1033 3119 accessisset,
1052 3031 1109 3124 qui
1126 3027 1310 3124 appellatur

282 3151 520 3236 Chersonesus,
539 3149 747 3244 aquandique
770 3175 869 3220 causa
893 3153 1033 3245 remiges
1051 3153 1087 3220 in
1112 3165 1232 3220 terram
1254 3175 1311 3220 ex·

281 3271 464 3363 posuisset,
483 3268 633 3338 nonnulli
649 3295 690 3339 ex
705 3293 745 3340 eo
766 3295 925 3357 numero,
946 3293 1048 3363 quum
1066 3267 1197 3364 longius
1217 3293 1311 3338 ana·

281 3388 377 3456 vibus
392 3388 572 3482 praedatum
584 3392 831 3483 processissent,
844 3389 885 3458 ab
898 3389 1061 3482 equitibus
1078 3389 1223 3459 hostium
1235 3401 1312 3458 sunt

280 3509 434 3601 excepti:
455 3531 492 3575 ex
515 3507 553 3576 iis
575 3525 820 3602 cognoverunt,
840 3511 1000 3578 Caesarem
1020 3509 1127 3602 ipsum
1149 3507 1183 3575 in
1208 3505 1310 3576 classe

282 3628 431 3712 venisse,
454 3651 515 3696 nec
537 3624 622 3697 ullos
647 3627 765 3696 milites
789 3627 823 3696 in
853 3625 991 3695 navibus
1016 3626 1147 3696 habere.
1173 3629 1248 3715 Qua
1274 3649 1311 3694 re
1373 3671 1379 3680 -

281 3763 470 3840 comperta,
494 3772 645 3843 magnam
667 3747 729 3816 sibi
752 3747 943 3816 facultatem
968 3745 1135 3816 fortunam
1154 3742 1312 3814 obtulisse

281 3867 363 3933 hene
374 3867 523 3960 gerendae
536 3870 583 3935 rei
599 3865 819 3937 crediderunt.
830 3870 947 3961 ltaque
959 3891 1057 3936 naves
1068 3891 1196 3953 omnes,
1211 3889 1312 3960 quarn

281 3999 410 4078 paratas
427 3982 610 4055 habuerant
628 3985 668 4054 ad
689 3986 926 4082 navigandum,
942 3986 1242 4081 propugnatoribus
1263 3987 1312 4052 in·
