3062 4766
258 365 314 426 noi
412 363 443 418 C.
464 363 562 422 11th
580 363 749 421 CAESAIUS
769 363 1136 420 conmfflursmottunt

258 485 446 580 territisque
468 487 634 574 hostibus,
660 487 750 580 quod
769 489 1019 580 equitatu,·qua
1038 487 1181 555 maxime
1203 501 1297 580 parte

256 608 419 676 exercitus
443 607 669 695 confidebant,
690 603 798 676 erant¹
805 606 908 702 pulsi,
929 607 1124 677 adhortatus
1146 608 1186 676 ab
1204 605 1298 678 labo·

257 749 329 794 rem
349 725 485 815 milites,
501 725 646 799 Alesiam
663 726 913 796 circumvallare
930 729 1082 797 instituit„

306 849 427 915 LXIX.
449 850 564 941 Ipsum
588 862 660 916 erat
679 847 840 942 oppidum
859 850 895 916 in
915 845 999 916 colle
1017 871 1161 931 summo,
1181 844 1298 915 admo-

259 962 340 1031 dum
361 964 452 1034 edito
472 964 546 1035 loco
567 981 604 1034 ut
629 967 692 1035 nisi
714 966 886 1035 obsidione
915 967 1097 1060 expugnari
1117 990 1185 1033 non
1205 988 1300 1058 posse

258 1083 446 1170 videretur3
467 1087 562 1178 cujus
586 1083 679 1154 collis
699 1085 824 1154 radices
848 1085 922 1154 duo
941 1085 1069 1152 duabus
1086 1109 1127 1151 ex
1150 1084 1300 1178 partibus

259 1201 398 1280 flumina
419 1203 627 1272 subluebant.
654 1209 740 1275 Ante
758 1205 793 1272 id
814 1203 973 1299 oppidum
992 1201 1145 1296 planities
1168 1203 1301 1270 circiter

260 1319 364 1391 millia
380 1347 537 1417 passuum
557 1348 597 1394 111
613 1325 648 1392 in
668 1322 910 1419 longitudinem
926 1322 1070 1418 patebat.
1091 1319 1242 1414 Reliquis
1259 1343 1300 1388 ex

260 1441 415 1511 omnibus
431 1445 581 1537 partibus
593 1441 707 1532 colles,
724 1443 885 1513 mediocri
902 1445 1075 1537 interjecto
1088 1443 1214 1536 spatio,
1229 1443 1300 1535 pari

260 1560 444 1632 altitudinis
461 1563 607 1659 fastigio,
624 1563 785 1659 oppidum
801 1565 988 1659 cingebant.
1010 1565 1079 1632 Sub
1095 1587 1210 1650 muro,
1228 1585 1302 1653 quae

262 1705 337 1774 pars
355 1681 448 1751 collis
471 1683 513 1752 ad
538 1685 699 1758 orientem
723 1683 825 1753 solem
844 1685 1029 1778 spectabat,
1053 1683 1143 1753 hunc
1168 1707 1301 1751 omnem

261 1799 372 1870 locum
392 1805 495 1896 copiae
509 1802 686 1873 Gallorum
703 1803 966 1898 compleverant,
979 1805 1165 1896 fossamque
1182 1817 1215 1871 et
1232 1826 1301 1870 ma·

262 1923 384 1989 ceriam
396 1947 453 1990 sex
468 1924 503 1990 in
515 1922 727 1993 altitudinem
741 1925 864 2017 pedum
878 1924 1119 2019 praeduxerant.
1136 1924 1215 2017 Ejus
1229 1947 1302 1991 mu·

264 2039 399 2108 nitionis
417 2065 490 2133 quae
506 2043 548 2111 ab
565 2044 724 2112 Romanis
741 2044 976 2112 instituebatur
995 2039 1153 2111 circuitus
1172 2067 1209 2111 iu
1230 2040 1303 2109 mil-

263 2156 346 2226 lium
374 2183 531 2252 passuum
551 2163 702 2231 'tenebat
732 2164 861 2231 Castra
877 2161 1074 2255 opportunis
1102 2157 1182 2230 locis
1208 2175 1303 2229 erant

265 2279 389 2372 posita,
405 2279 517 2372 ibique
532 2279 664 2350 castella
685 2305 770 2351 ιιιιιιι
785 2281 889 2368 facta3
906 2281 1026 2374 quibus
1041 2282 1075 2348 in
1091 2277 1233 2348 castellis
1252 2280 1302 2347 in-

266 2397 374 2467 terdiu
396 2401 555 2469 stationes
580 2401 857 2495 disponebantur,
882 2425 1013 2492 nequa
1039 2399 1148 2469 subito
1171 2399 1303 2492 eruptio

266 2519 379 2606 fieret3
396 2521 466 2588 haec
489 2520 604 2589 eadem
624 2537 725 2590 noctu
743 2520 989 2591 excubitoribus
1008 2545 1047 2590 ac
1068 2520 1172 2589 firmis
1189 2520 1304 2614 prusi-

265 2639 327 2712 diis
347 2641 556 2710 tenebantur.
584 2619 606 2716 i.
628 2649 635 2663 '
1159 2637 1162 2642 ’

313 2763 418 2830 LXX.
438 2765 549 2857 Opere
564 2765 736 2851 instituto,
750 2763 787 2831 fit
803 2776 954 2855 equestre
968 2761 1122 2856 proelium
1138 2763 1171 2830 in
1188 2785 1226 2829 ea
1241 2758 1307 2855 pla·

266 2883 348 2949 nitie
366 2907 483 2974 quam,
500 2885 720 2953 intermissam
740 2881 895 2968 collibus,
916 2907 955 2954 ιιι
974 2882 1078 2952 millia
1099 2907 1254 2976 passuum
1271 2883 1305 2949 in

266 2998 656 3097 longitudinem-patere,
674 3029 773 3098 supra
791 3004 1101 3072 demonstravimus.
1120 3007 1255 3072 Summa
1274 3003 1306 3068 vi

267 3119 308 3188 ab
336 3120 485 3214 utrisque
518 3122 742 3193 contenditur.
771 3123 1017 3191 Laborantibus
1050 3124 1172 3191 nostris
1201 3127 1309 3192 Caesar

268 3243 453 3310 Germanos
471 3243 654 3331 submittit,
671 3243 882 3338 legionesque
901 3267 962 3337 pro
983 3244 1099 3311 castris
1118 3243 1307 3326 constituit,

267 3383 310 3428 ne
326 3385 392 3452 qua
405 3360 515 3430 subito
532 3363 674 3458 irruptio
689 3365 730 3432 ab
745 3364 890 3442 hostium
906 3362 1056 3458 peditatu
1074 3361 1141 3431 fiat.
1153 3362 1308 3432 Praesidio

269 3478 437 3574 legionum
465 3481 602 3567 addito,
628 3485 749 3553 nostris
772 3485 902 3554 animus
930 3497 1071 3580 augetur
1094 3509 1102 3552 ε
1125 3484 1255 3570 hostes,
1276 3483 1309 3550 in

269 3601 382 3696 fugam
407 3603 567 3696 conjecti,
593 3629 627 3672 se
650 3605 711 3698 ipsi
737 3604 952 3674 multitudine
979 3604 1184 3699 impediunt,
1210 3617 1310 3695 atque

269 3722 516 3816 angustioribus
534 3725 638 3816 portis
658 3722 781 3793 relictis
801 3737 1025 3792 coarctantur.
1044 3726 1130 3790 Tum
1150 3723 1309 3792 Germani

269 3843 375 3911 acrius
392 3843 551 3934 usquead
565 3845 765 3913 munitiones
780 3857 975 3936 sequuntur.
991 3845 1044 3910 Fit
1059 3866 1178 3936 magna
1196 3841 1309 3909 caedes.

270 3959 452 4046 Nonnulli,
481 3957 602 4032 relictis
629 3965 742 4058 equis,
768 3962 890 4031 fossam
920 3965 1058 4032 transire
1082 3975 1114 4029 et
1138 3963 1312 4030 maceriam
