<?xml version="1.0" encoding="UTF-8"?>
<!DOCTYPE html PUBLIC "-//W3C//DTD XHTML 1.0 Transitional//EN"
    "http://www.w3.org/TR/xhtml1/DTD/xhtml1-transitional.dtd">
<html xmlns="http://www.w3.org/1999/xhtml" xml:lang="en" lang="en">
 <head>
  <title>
</title>
<meta http-equiv="Content-Type" content="text/html;charset=utf-8" />
  <meta name='ocr-system' content='tesseract 3.04.00' />
  <meta name='ocr-capabilities' content='ocr_page ocr_carea ocr_par ocr_line ocrx_word'/>
</head>
<body>
  <div class='ocr_page' id='page_1' title='image "./cjcaesarisopera00caesgoog_0213.png"; bbox 0 0 3050 4772; ppageno 0'>
   <div class='ocr_carea' id='block_1_1' title="bbox 439 320 1240 400">
    <p class='ocr_par' dir='ltr' id='par_1_1' title="bbox 439 320 1240 400">
     <span class='ocr_line' id='line_1_1' title="bbox 439 320 1240 400; baseline 0.002 -22"><span class='ocrx_word' id='word_1_1' title='bbox 439 321 491 378; x_wconf 75' lang='lat' dir='ltr'><strong>Du</strong></span> <span class='ocrx_word' id='word_1_2' title='bbox 514 320 634 376; x_wconf 86' lang='lat' dir='ltr'>BELLO</span> <span class='ocrx_word' id='word_1_3' title='bbox 656 321 821 379; x_wconf 81' lang='lat' dir='ltr'><strong>GALLICO</strong></span> <span class='ocrx_word' id='word_1_4' title='bbox 843 322 914 378; x_wconf 89' lang='lat' dir='ltr'><strong>LIB.</strong></span> <span class='ocrx_word' id='word_1_5' title='bbox 931 323 994 380; x_wconf 71' lang='lat' dir='ltr'><strong>t‘tt.</strong></span> <span class='ocrx_word' id='word_1_6' title='bbox 1191 341 1240 400; x_wconf 77' lang='lat' dir='ltr'><strong>tpt</strong></span> 
     </span>
    </p>
   </div>
   <div class='ocr_carea' id='block_1_2' title="bbox 196 445 1248 1981">
    <p class='ocr_par' dir='ltr' id='par_1_2' title="bbox 196 445 1248 1981">
     <span class='ocr_line' id='line_1_2' title="bbox 197 445 1245 544; baseline 0.004 -28"><span class='ocrx_word' id='word_1_7' title='bbox 197 445 296 518; x_wconf 84' lang='lat' dir='ltr'><strong>valles</strong></span> <span class='ocrx_word' id='word_1_8' title='bbox 321 445 562 526; x_wconf 78' lang='lat' dir='ltr'>intercedebat,</span> <span class='ocrx_word' id='word_1_9' title='bbox 586 447 761 516; x_wconf 88' lang='lat' dir='ltr'><strong>tamenab</strong></span> <span class='ocrx_word' id='word_1_10' title='bbox 783 447 925 515; x_wconf 91' lang='lat' dir='ltr'><strong>tribunis</strong></span> <span class='ocrx_word' id='word_1_11' title='bbox 948 446 1092 517; x_wconf 91' lang='lat' dir='ltr'><strong>militum</strong></span> <span class='ocrx_word' id='word_1_12' title='bbox 1112 447 1245 544; x_wconf 84' lang='lat' dir='ltr'><strong>legatis·</strong></span> 
     </span>
     <span class='ocr_line' id='line_1_3' title="bbox 196 568 1245 663; baseline 0.003 -25"><span class='ocrx_word' id='word_1_13' title='bbox 196 593 275 662; x_wconf 87' lang='lat' dir='ltr'><strong>que,</strong></span> <span class='ocrx_word' id='word_1_14' title='bbox 299 583 338 638; x_wconf 93' lang='lat' dir='ltr'><strong>ut</strong></span> <span class='ocrx_word' id='word_1_15' title='bbox 360 582 432 637; x_wconf 90' lang='lat' dir='ltr'><strong>erat</strong></span> <span class='ocrx_word' id='word_1_16' title='bbox 454 590 474 634; x_wconf 86' lang='lat' dir='ltr'><strong>a</strong></span> <span class='ocrx_word' id='word_1_17' title='bbox 498 569 627 636; x_wconf 81' lang='lat' dir='ltr'><strong>Caesare</strong></span> <span class='ocrx_word' id='word_1_18' title='bbox 653 581 875 663; x_wconf 79' lang='lat' dir='ltr'><strong>praeceptum,</strong></span> <span class='ocrx_word' id='word_1_19' title='bbox 897 568 1137 640; x_wconf 77' lang='lat' dir='ltr'><strong>retinebantur.</strong></span> <span class='ocrx_word' id='word_1_20' title='bbox 1162 571 1245 658; x_wconf 85' lang='lat' dir='ltr'>Sed,</span> 
     </span>
     <span class='ocr_line' id='line_1_4' title="bbox 196 686 1246 783; baseline 0.002 -27"><span class='ocrx_word' id='word_1_21' title='bbox 196 687 274 757; x_wconf 88' lang='lat' dir='ltr'><strong>clati</strong></span> <span class='ocrx_word' id='word_1_22' title='bbox 295 713 354 782; x_wconf 87' lang='lat' dir='ltr'><strong>spe</strong></span> <span class='ocrx_word' id='word_1_23' title='bbox 374 686 489 756; x_wconf 88' lang='lat' dir='ltr'><strong>celeris</strong></span> <span class='ocrx_word' id='word_1_24' title='bbox 510 689 658 756; x_wconf 79' lang='lat' dir='ltr'><strong>victoriae</strong></span> <span class='ocrx_word' id='word_1_25' title='bbox 678 703 712 757; x_wconf 89' lang='lat' dir='ltr'><strong>ct</strong></span> <span class='ocrx_word' id='word_1_26' title='bbox 734 689 881 757; x_wconf 90' lang='lat' dir='ltr'><strong>hostium</strong></span> <span class='ocrx_word' id='word_1_27' title='bbox 901 687 997 783; x_wconf 84' lang='lat' dir='ltr'><strong>fuga,</strong></span> <span class='ocrx_word' id='word_1_28' title='bbox 1020 690 1246 782; x_wconf 88' lang='lat' dir='ltr'><strong>superiorum·</strong></span> 
     </span>
     <span class='ocr_line' id='line_1_5' title="bbox 198 806 1246 902; baseline 0.003 -26"><span class='ocrx_word' id='word_1_29' title='bbox 198 831 263 900; x_wconf 91' lang='lat' dir='ltr'><strong>que</strong></span> <span class='ocrx_word' id='word_1_30' title='bbox 282 820 471 902; x_wconf 89' lang='lat' dir='ltr'><strong>temporum</strong></span> <span class='ocrx_word' id='word_1_31' title='bbox 488 806 643 876; x_wconf 88' lang='lat' dir='ltr'><strong>secundis</strong></span> <span class='ocrx_word' id='word_1_32' title='bbox 663 807 802 901; x_wconf 84' lang='lat' dir='ltr'><strong>praeliis,</strong></span> <span class='ocrx_word' id='word_1_33' title='bbox 822 806 906 876; x_wconf 89' lang='lat' dir='ltr'><strong>nihil</strong></span> <span class='ocrx_word' id='word_1_34' title='bbox 928 808 1011 877; x_wconf 91' lang='lat' dir='ltr'><strong>adeo</strong></span> <span class='ocrx_word' id='word_1_35' title='bbox 1026 809 1167 878; x_wconf 90' lang='lat' dir='ltr'><strong>arduum</strong></span> <span class='ocrx_word' id='word_1_36' title='bbox 1184 809 1246 880; x_wconf 86' lang='lat' dir='ltr'>sibi</span> 
     </span>
     <span class='ocr_line' id='line_1_6' title="bbox 197 927 1247 1022; baseline 0.004 -28"><span class='ocrx_word' id='word_1_37' title='bbox 197 928 447 1010; x_wconf 80' lang='lat' dir='ltr'><strong>existimabant,</strong></span> <span class='ocrx_word' id='word_1_38' title='bbox 463 927 554 1020; x_wconf 90' lang='lat' dir='ltr'><strong>quod</strong></span> <span class='ocrx_word' id='word_1_39' title='bbox 571 952 640 996; x_wconf 92' lang='lat' dir='ltr'><strong>non</strong></span> <span class='ocrx_word' id='word_1_40' title='bbox 657 929 781 997; x_wconf 90' lang='lat' dir='ltr'><strong>virtute</strong></span> <span class='ocrx_word' id='word_1_41' title='bbox 795 930 953 1021; x_wconf 89' lang='lat' dir='ltr'><strong>consequi</strong></span> <span class='ocrx_word' id='word_1_42' title='bbox 968 942 1119 1022; x_wconf 89' lang='lat' dir='ltr'><strong>possent;</strong></span> <span class='ocrx_word' id='word_1_43' title='bbox 1137 953 1247 1022; x_wconf 92' lang='lat' dir='ltr'><strong>neque</strong></span> 
     </span>
     <span class='ocr_line' id='line_1_7' title="bbox 197 1047 1247 1145; baseline 0.004 -30"><span class='ocrx_word' id='word_1_44' title='bbox 197 1048 290 1140; x_wconf 91' lang='lat' dir='ltr'><strong>prius</strong></span> <span class='ocrx_word' id='word_1_45' title='bbox 309 1047 408 1116; x_wconf 89' lang='lat' dir='ltr'><strong>finem</strong></span> <span class='ocrx_word' id='word_1_46' title='bbox 431 1047 591 1140; x_wconf 87' lang='lat' dir='ltr'><strong>sequendi</strong></span> <span class='ocrx_word' id='word_1_47' title='bbox 614 1047 778 1136; x_wconf 87' lang='lat' dir='ltr'><strong>fecerunt,</strong></span> <span class='ocrx_word' id='word_1_48' title='bbox 799 1073 898 1142; x_wconf 87' lang='lat' dir='ltr'><strong>quam</strong></span> <span class='ocrx_word' id='word_1_49' title='bbox 920 1073 1017 1118; x_wconf 88' lang='lat' dir='ltr'><strong>muro</strong></span> <span class='ocrx_word' id='word_1_50' title='bbox 1035 1049 1150 1143; x_wconf 91' lang='lat' dir='ltr'><strong>oppidi</strong></span> <span class='ocrx_word' id='word_1_51' title='bbox 1168 1075 1247 1145; x_wconf 88' lang='lat' dir='ltr'><strong>por·</strong></span> 
     </span>
     <span class='ocr_line' id='line_1_8' title="bbox 198 1168 1248 1263; baseline 0.005 -30"><span class='ocrx_word' id='word_1_52' title='bbox 198 1168 306 1261; x_wconf 85' lang='lat' dir='ltr'><strong>tisquc</strong></span> <span class='ocrx_word' id='word_1_53' title='bbox 321 1169 641 1262; x_wconf 82' lang='lat' dir='ltr'><strong>appropinquarent.</strong></span> <span class='ocrx_word' id='word_1_54' title='bbox 656 1173 742 1238; x_wconf 90' lang='lat' dir='ltr'><strong>Tum</strong></span> <span class='ocrx_word' id='word_1_55' title='bbox 754 1193 833 1237; x_wconf 84' lang='lat' dir='ltr'><strong>vero</strong></span> <span class='ocrx_word' id='word_1_56' title='bbox 846 1193 886 1236; x_wconf 84' lang='lat' dir='ltr'><strong>ex</strong></span> <span class='ocrx_word' id='word_1_57' title='bbox 896 1168 1051 1236; x_wconf 90' lang='lat' dir='ltr'><strong>omnibus</strong></span> <span class='ocrx_word' id='word_1_58' title='bbox 1066 1169 1158 1238; x_wconf 91' lang='lat' dir='ltr'><strong>urbis</strong></span> <span class='ocrx_word' id='word_1_59' title='bbox 1171 1195 1248 1263; x_wconf 90' lang='lat' dir='ltr'><strong>par·</strong></span> 
     </span>
     <span class='ocr_line' id='line_1_9' title="bbox 199 1286 1248 1384; baseline 0.005 -29"><span class='ocrx_word' id='word_1_60' title='bbox 199 1286 288 1356; x_wconf 92' lang='lat' dir='ltr'><strong>tibus</strong></span> <span class='ocrx_word' id='word_1_61' title='bbox 309 1302 383 1356; x_wconf 94' lang='lat' dir='ltr'><strong>orto</strong></span> <span class='ocrx_word' id='word_1_62' title='bbox 403 1286 565 1372; x_wconf 87' lang='lat' dir='ltr'><strong>clamore,</strong></span> <span class='ocrx_word' id='word_1_63' title='bbox 586 1290 643 1382; x_wconf 93' lang='lat' dir='ltr'><strong>qui</strong></span> <span class='ocrx_word' id='word_1_64' title='bbox 665 1287 798 1383; x_wconf 84' lang='lat' dir='ltr'><strong>longius</strong></span> <span class='ocrx_word' id='word_1_65' title='bbox 817 1289 971 1372; x_wconf 89' lang='lat' dir='ltr'><strong>aberant,</strong></span> <span class='ocrx_word' id='word_1_66' title='bbox 994 1291 1171 1384; x_wconf 88' lang='lat' dir='ltr'><strong>repentino</strong></span> <span class='ocrx_word' id='word_1_67' title='bbox 1195 1305 1248 1360; x_wconf 92' lang='lat' dir='ltr'><strong>tu·</strong></span> 
     </span>
     <span class='ocr_line' id='line_1_10' title="bbox 198 1405 1247 1502; baseline 0.004 -27"><span class='ocrx_word' id='word_1_68' title='bbox 198 1405 308 1476; x_wconf 88' lang='lat' dir='ltr'><strong>multu</strong></span> <span class='ocrx_word' id='word_1_69' title='bbox 324 1409 508 1501; x_wconf 86' lang='lat' dir='ltr'><strong>perterriti,</strong></span> <span class='ocrx_word' id='word_1_70' title='bbox 521 1433 625 1501; x_wconf 89' lang='lat' dir='ltr'><strong>quum</strong></span> <span class='ocrx_word' id='word_1_71' title='bbox 635 1409 765 1478; x_wconf 91' lang='lat' dir='ltr'><strong>hostem</strong></span> <span class='ocrx_word' id='word_1_72' title='bbox 778 1409 865 1478; x_wconf 90' lang='lat' dir='ltr'><strong>intra</strong></span> <span class='ocrx_word' id='word_1_73' title='bbox 875 1422 987 1502; x_wconf 91' lang='lat' dir='ltr'><strong>portas</strong></span> <span class='ocrx_word' id='word_1_74' title='bbox 1003 1433 1072 1478; x_wconf 91' lang='lat' dir='ltr'><strong>esse</strong></span> <span class='ocrx_word' id='word_1_75' title='bbox 1082 1411 1247 1480; x_wconf 83' lang='lat' dir='ltr'><strong>existima·</strong></span> 
     </span>
     <span class='ocr_line' id='line_1_11' title="bbox 200 1527 1248 1623; baseline 0.004 -29"><span class='ocrx_word' id='word_1_76' title='bbox 200 1541 292 1614; x_wconf 92' lang='lat' dir='ltr'><strong>rent,</strong></span> <span class='ocrx_word' id='word_1_77' title='bbox 312 1552 382 1597; x_wconf 94' lang='lat' dir='ltr'><strong>sese</strong></span> <span class='ocrx_word' id='word_1_78' title='bbox 400 1553 443 1596; x_wconf 88' lang='lat' dir='ltr'><strong>ex</strong></span> <span class='ocrx_word' id='word_1_79' title='bbox 458 1528 583 1623; x_wconf 93' lang='lat' dir='ltr'><strong>oppido</strong></span> <span class='ocrx_word' id='word_1_80' title='bbox 601 1529 779 1622; x_wconf 84' lang='lat' dir='ltr'><strong>ejecerunt.</strong></span> <span class='ocrx_word' id='word_1_81' title='bbox 796 1531 923 1598; x_wconf 88' lang='lat' dir='ltr'><strong>Matres</strong></span> <span class='ocrx_word' id='word_1_82' title='bbox 941 1527 1073 1598; x_wconf 82' lang='lat' dir='ltr'><strong>familiae</strong></span> <span class='ocrx_word' id='word_1_83' title='bbox 1090 1529 1131 1598; x_wconf 93' lang='lat' dir='ltr'><strong>de</strong></span> <span class='ocrx_word' id='word_1_84' title='bbox 1150 1555 1248 1598; x_wconf 90' lang='lat' dir='ltr'><strong>muro</strong></span> 
     </span>
     <span class='ocr_line' id='line_1_12' title="bbox 198 1629 1247 1743; baseline 0.001 -28"><span class='ocrx_word' id='word_1_85' title='bbox 198 1659 322 1716; x_wconf 87' lang='lat' dir='ltr'><strong>vestem</strong></span> <span class='ocrx_word' id='word_1_86' title='bbox 343 1662 587 1743; x_wconf 86' lang='lat' dir='ltr'><strong>argentumque</strong></span> <span class='ocrx_word' id='word_1_87' title='bbox 600 1649 791 1741; x_wconf 88' lang='lat' dir='ltr'><strong>jactabant,</strong></span> <span class='ocrx_word' id='word_1_88' title='bbox 809 1663 857 1733; x_wconf 87' lang='lat' dir='ltr'><strong>ct,</strong></span> <span class='ocrx_word' id='word_1_89' title='bbox 877 1650 1024 1741; x_wconf 87' lang='lat' dir='ltr'><strong>pectoris</strong></span> <span class='ocrx_word' id='word_1_90' title='bbox 1038 1648 1104 1716; x_wconf 85' lang='lat' dir='ltr'><strong>line</strong></span> <span class='ocrx_word' id='word_1_91' title='bbox 1120 1629 1247 1742; x_wconf 91' lang='lat' dir='ltr'><strong>promi·</strong></span> 
     </span>
     <span class='ocr_line' id='line_1_13' title="bbox 200 1767 1248 1863; baseline 0.006 -29"><span class='ocrx_word' id='word_1_92' title='bbox 200 1781 334 1854; x_wconf 83' lang='lat' dir='ltr'><strong>nentes,</strong></span> <span class='ocrx_word' id='word_1_93' title='bbox 356 1771 459 1863; x_wconf 92' lang='lat' dir='ltr'><strong>passis</strong></span> <span class='ocrx_word' id='word_1_94' title='bbox 476 1770 628 1838; x_wconf 91' lang='lat' dir='ltr'><strong>manibus</strong></span> <span class='ocrx_word' id='word_1_95' title='bbox 652 1768 905 1838; x_wconf 90' lang='lat' dir='ltr'><strong>obtestabantur</strong></span> <span class='ocrx_word' id='word_1_96' title='bbox 921 1771 1107 1855; x_wconf 85' lang='lat' dir='ltr'><strong>Romanos,</strong></span> <span class='ocrx_word' id='word_1_97' title='bbox 1127 1783 1166 1836; x_wconf 90' lang='lat' dir='ltr'><strong>ut</strong></span> <span class='ocrx_word' id='word_1_98' title='bbox 1184 1767 1248 1840; x_wconf 88' lang='lat' dir='ltr'><strong>sibi</strong></span> 
     </span>
     <span class='ocr_line' id='line_1_14' title="bbox 200 1886 1248 1981; baseline 0.001 -24"><span class='ocrx_word' id='word_1_99' title='bbox 200 1904 391 1981; x_wconf 89' lang='lat' dir='ltr'><strong>parcerent,</strong></span> <span class='ocrx_word' id='word_1_100' title='bbox 410 1914 492 1974; x_wconf 93' lang='lat' dir='ltr'><strong>neu,</strong></span> <span class='ocrx_word' id='word_1_101' title='bbox 517 1891 603 1958; x_wconf 93' lang='lat' dir='ltr'><strong>sicut</strong></span> <span class='ocrx_word' id='word_1_102' title='bbox 630 1890 763 1958; x_wconf 80' lang='lat' dir='ltr'><strong>Avarici</strong></span> <span class='ocrx_word' id='word_1_103' title='bbox 783 1889 962 1972; x_wconf 79' lang='lat' dir='ltr'><strong>fecissent,</strong></span> <span class='ocrx_word' id='word_1_104' title='bbox 988 1913 1030 1956; x_wconf 89' lang='lat' dir='ltr'><strong>ne</strong></span> <span class='ocrx_word' id='word_1_105' title='bbox 1052 1886 1248 1958; x_wconf 85' lang='lat' dir='ltr'><strong>mulieribus</strong></span> 
     </span>
    </p>
   </div>
   <div class='ocr_carea' id='block_1_3' title="bbox 200 2005 1248 2238">
    <p class='ocr_par' dir='ltr' id='par_1_3' title="bbox 200 2005 1248 2238">
     <span class='ocr_line' id='line_1_15' title="bbox 201 2005 1248 2103; baseline 0.002 -27"><span class='ocrx_word' id='word_1_106' title='bbox 201 2009 336 2102; x_wconf 88' lang='lat' dir='ltr'><strong>quidem</strong></span> <span class='ocrx_word' id='word_1_107' title='bbox 353 2024 454 2103; x_wconf 88' lang='lat' dir='ltr'><strong>atque</strong></span> <span class='ocrx_word' id='word_1_108' title='bbox 471 2009 652 2078; x_wconf 77' lang='lat' dir='ltr'><strong>infantibus</strong></span> <span class='ocrx_word' id='word_1_109' title='bbox 668 2009 882 2078; x_wconf 88' lang='lat' dir='ltr'><strong>abstinerent.</strong></span> <span class='ocrx_word' id='word_1_110' title='bbox 900 2005 1095 2094; x_wconf 68' lang='lat' dir='ltr'><strong>Nonnullae,</strong></span> <span class='ocrx_word' id='word_1_111' title='bbox 1113 2007 1154 2076; x_wconf 91' lang='lat' dir='ltr'><strong>de</strong></span> <span class='ocrx_word' id='word_1_112' title='bbox 1174 2033 1248 2078; x_wconf 89' lang='lat' dir='ltr'><strong>mu·</strong></span> 
     </span>
     <span class='ocr_line' id='line_1_16' title="bbox 200 2127 1247 2238; baseline 0.002 -41"><span class='ocrx_word' id='word_1_113' title='bbox 200 2131 246 2197; x_wconf 87' lang='lat' dir='ltr'><strong>ris</strong></span> <span class='ocrx_word' id='word_1_114' title='bbox 265 2155 325 2224; x_wconf 89' lang='lat' dir='ltr'><strong>per</strong></span> <span class='ocrx_word' id='word_1_115' title='bbox 343 2155 460 2200; x_wconf 90' lang='lat' dir='ltr'><strong>manus</strong></span> <span class='ocrx_word' id='word_1_116' title='bbox 478 2130 644 2217; x_wconf 84' lang='lat' dir='ltr'><strong>demissae,</strong></span> <span class='ocrx_word' id='word_1_117' title='bbox 661 2155 731 2198; x_wconf 89' lang='lat' dir='ltr'><strong>sese</strong></span> <span class='ocrx_word' id='word_1_118' title='bbox 746 2128 906 2198; x_wconf 87' lang='lat' dir='ltr'><strong>militibus</strong></span> <span class='ocrx_word' id='word_1_119' title='bbox 923 2127 1109 2238; x_wconf 85' lang='lat' dir='ltr'><strong>tradebant.</strong></span> <span class='ocrx_word' id='word_1_120' title='bbox 1127 2131 1166 2198; x_wconf 93' lang='lat' dir='ltr'><strong>L.</strong></span> <span class='ocrx_word' id='word_1_121' title='bbox 1184 2133 1247 2199; x_wconf 89' lang='lat' dir='ltr'><strong>Fa-</strong></span> 
     </span>
    </p>
   </div>
   <div class='ocr_carea' id='block_1_4' title="bbox 201 2249 1250 4010">
    <p class='ocr_par' dir='ltr' id='par_1_4' title="bbox 201 2249 1249 2940">
     <span class='ocr_line' id='line_1_17' title="bbox 201 2249 1249 2346; baseline 0.001 -28"><span class='ocrx_word' id='word_1_122' title='bbox 201 2250 292 2336; x_wconf 93' lang='lat' dir='ltr'><strong>bius,</strong></span> <span class='ocrx_word' id='word_1_123' title='bbox 320 2254 473 2321; x_wconf 87' lang='lat' dir='ltr'><strong>centurio</strong></span> <span class='ocrx_word' id='word_1_124' title='bbox 498 2249 638 2346; x_wconf 83' lang='lat' dir='ltr'><strong>legionis</strong></span> <span class='ocrx_word' id='word_1_125' title='bbox 670 2273 748 2335; x_wconf 86' lang='lat' dir='ltr'><strong>vtu,</strong></span> <span class='ocrx_word' id='word_1_126' title='bbox 778 2273 877 2342; x_wconf 89' lang='lat' dir='ltr'><strong>quem</strong></span> <span class='ocrx_word' id='word_1_127' title='bbox 905 2249 993 2316; x_wconf 88' lang='lat' dir='ltr'><strong>inter</strong></span> <span class='ocrx_word' id='word_1_128' title='bbox 1020 2273 1096 2319; x_wconf 91' lang='lat' dir='ltr'><strong>suos</strong></span> <span class='ocrx_word' id='word_1_129' title='bbox 1128 2275 1168 2318; x_wconf 92' lang='lat' dir='ltr'><strong>eo</strong></span> <span class='ocrx_word' id='word_1_130' title='bbox 1195 2251 1249 2320; x_wconf 87' lang='lat' dir='ltr'><strong>die</strong></span> 
     </span>
     <span class='ocr_line' id='line_1_18' title="bbox 202 2369 1247 2463; baseline 0.002 -25"><span class='ocrx_word' id='word_1_131' title='bbox 202 2371 324 2440; x_wconf 81' lang='lat' dir='ltr'><strong>dixisse</strong></span> <span class='ocrx_word' id='word_1_132' title='bbox 339 2373 530 2460; x_wconf 87' lang='lat' dir='ltr'><strong>constabat,</strong></span> <span class='ocrx_word' id='word_1_133' title='bbox 544 2372 680 2441; x_wconf 85' lang='lat' dir='ltr'><strong>excitari</strong></span> <span class='ocrx_word' id='word_1_134' title='bbox 693 2395 727 2458; x_wconf 89' lang='lat' dir='ltr'><strong>se</strong></span> <span class='ocrx_word' id='word_1_135' title='bbox 738 2369 992 2440; x_wconf 82' lang='lat' dir='ltr'><strong>Avaricensibus</strong></span> <span class='ocrx_word' id='word_1_136' title='bbox 1006 2371 1171 2463; x_wconf 81' lang='lat' dir='ltr'><strong>praemiis,</strong></span> <span class='ocrx_word' id='word_1_137' title='bbox 1188 2396 1247 2440; x_wconf 86' lang='lat' dir='ltr'><strong>ne·</strong></span> 
     </span>
     <span class='ocr_line' id='line_1_19' title="bbox 201 2489 1248 2584; baseline -0.002 -24"><span class='ocrx_word' id='word_1_138' title='bbox 201 2516 268 2584; x_wconf 91' lang='lat' dir='ltr'><strong>que</strong></span> <span class='ocrx_word' id='word_1_139' title='bbox 297 2495 568 2577; x_wconf 89' lang='lat' dir='ltr'><strong>commissurum,</strong></span> <span class='ocrx_word' id='word_1_140' title='bbox 593 2506 632 2561; x_wconf 91' lang='lat' dir='ltr'><strong>ut</strong></span> <span class='ocrx_word' id='word_1_141' title='bbox 652 2491 745 2584; x_wconf 87' lang='lat' dir='ltr'><strong>prius</strong></span> <span class='ocrx_word' id='word_1_142' title='bbox 772 2489 948 2583; x_wconf 91' lang='lat' dir='ltr'><strong>quisquam</strong></span> <span class='ocrx_word' id='word_1_143' title='bbox 970 2514 1106 2558; x_wconf 89' lang='lat' dir='ltr'><strong>murum</strong></span> <span class='ocrx_word' id='word_1_144' title='bbox 1133 2514 1248 2558; x_wconf 88' lang='lat' dir='ltr'><strong>ascen·</strong></span> 
     </span>
     <span class='ocr_line' id='line_1_20' title="bbox 202 2607 1248 2704; baseline -0.002 -24"><span class='ocrx_word' id='word_1_145' title='bbox 202 2612 312 2698; x_wconf 87' lang='lat' dir='ltr'><strong>deret,</strong></span> <span class='ocrx_word' id='word_1_146' title='bbox 333 2627 399 2682; x_wconf 92' lang='lat' dir='ltr'><strong>tres</strong></span> <span class='ocrx_word' id='word_1_147' title='bbox 416 2637 492 2683; x_wconf 88' lang='lat' dir='ltr'><strong>suos</strong></span> <span class='ocrx_word' id='word_1_148' title='bbox 513 2626 630 2680; x_wconf 89' lang='lat' dir='ltr'><strong>nactus</strong></span> <span class='ocrx_word' id='word_1_149' title='bbox 648 2607 887 2704; x_wconf 81' lang='lat' dir='ltr'><strong>manipulares,</strong></span> <span class='ocrx_word' id='word_1_150' title='bbox 904 2623 1004 2702; x_wconf 86' lang='lat' dir='ltr'><strong>atque</strong></span> <span class='ocrx_word' id='word_1_151' title='bbox 1019 2608 1061 2677; x_wconf 92' lang='lat' dir='ltr'><strong>ab</strong></span> <span class='ocrx_word' id='word_1_152' title='bbox 1081 2609 1121 2678; x_wconf 92' lang='lat' dir='ltr'><strong>iis</strong></span> <span class='ocrx_word' id='word_1_153' title='bbox 1138 2607 1248 2678; x_wconf 89' lang='lat' dir='ltr'><strong>suble·</strong></span> 
     </span>
     <span class='ocr_line' id='line_1_21' title="bbox 202 2727 1248 2824; baseline -0.003 -24"><span class='ocrx_word' id='word_1_154' title='bbox 202 2747 313 2820; x_wconf 85' lang='lat' dir='ltr'><strong>vatus,</strong></span> <span class='ocrx_word' id='word_1_155' title='bbox 324 2757 464 2802; x_wconf 54' lang='lat' dir='ltr'><strong>⁴murum</strong></span> <span class='ocrx_word' id='word_1_156' title='bbox 488 2732 646 2802; x_wconf 86' lang='lat' dir='ltr'><strong>ascendit.</strong></span> <span class='ocrx_word' id='word_1_157' title='bbox 662 2737 727 2800; x_wconf 88' lang='lat' dir='ltr'><strong>Eos</strong></span> <span class='ocrx_word' id='word_1_158' title='bbox 744 2732 814 2824; x_wconf 93' lang='lat' dir='ltr'><strong>ipse</strong></span> <span class='ocrx_word' id='word_1_159' title='bbox 835 2753 949 2799; x_wconf 89' lang='lat' dir='ltr'><strong>rursus</strong></span> <span class='ocrx_word' id='word_1_160' title='bbox 966 2727 1115 2821; x_wconf 80' lang='lat' dir='ltr'><strong>singulos</strong></span> <span class='ocrx_word' id='word_1_161' title='bbox 1132 2753 1248 2822; x_wconf 84' lang='lat' dir='ltr'><strong>excep-</strong></span> 
     </span>
     <span class='ocr_line' id='line_1_22' title="bbox 202 2831 750 2940; baseline -0.002 -21"><span class='ocrx_word' id='word_1_162' title='bbox 202 2867 291 2940; x_wconf 87' lang='lat' dir='ltr'><strong>tans,</strong></span> <span class='ocrx_word' id='word_1_163' title='bbox 308 2857 342 2922; x_wconf 92' lang='lat' dir='ltr'><strong>in</strong></span> <span class='ocrx_word' id='word_1_164' title='bbox 360 2879 493 2923; x_wconf 90' lang='lat' dir='ltr'><strong>murum</strong></span> <span class='ocrx_word' id='word_1_165' title='bbox 511 2851 640 2922; x_wconf 81' lang='lat' dir='ltr'><strong>extulit.</strong></span> <span class='ocrx_word' id='word_1_166' title='bbox 748 2831 750 2838; x_wconf 28' lang='grc' dir='ltr'>Ι</span> 
     </span>
    </p>

    <p class='ocr_par' dir='ltr' id='par_1_5' title="bbox 203 2965 1250 4010">
     <span class='ocr_line' id='line_1_23' title="bbox 251 2965 1250 3066; baseline -0.011 -22"><span class='ocrx_word' id='word_1_167' title='bbox 251 2977 405 3044; x_wconf 83' lang='lat' dir='ltr'><strong>XLVIII.</strong></span> <span class='ocrx_word' id='word_1_168' title='bbox 431 2975 571 3044; x_wconf 89' lang='lat' dir='ltr'><strong>Interim</strong></span> <span class='ocrx_word' id='word_1_169' title='bbox 593 2975 633 3059; x_wconf 87' lang='lat' dir='ltr'><strong>ii,</strong></span> <span class='ocrx_word' id='word_1_170' title='bbox 657 2974 714 3066; x_wconf 91' lang='lat' dir='ltr'><strong>qui</strong></span> <span class='ocrx_word' id='word_1_171' title='bbox 734 2971 776 3041; x_wconf 93' lang='lat' dir='ltr'><strong>ad</strong></span> <span class='ocrx_word' id='word_1_172' title='bbox 800 2968 937 3039; x_wconf 88' lang='lat' dir='ltr'><strong>alteram</strong></span> <span class='ocrx_word' id='word_1_173' title='bbox 959 2985 1090 3062; x_wconf 91' lang='lat' dir='ltr'><strong>partem</strong></span> <span class='ocrx_word' id='word_1_174' title='bbox 1112 2965 1250 3060; x_wconf 93' lang='lat' dir='ltr'><strong>oppidi,</strong></span> 
     </span>
     <span class='ocr_line' id='line_1_24' title="bbox 203 3091 1246 3190; baseline -0.006 -26"><span class='ocrx_word' id='word_1_175' title='bbox 203 3111 362 3190; x_wconf 87' lang='lat' dir='ltr'><strong>utsupra</strong></span> <span class='ocrx_word' id='word_1_176' title='bbox 384 3094 704 3178; x_wconf 85' lang='lat' dir='ltr'><strong>demonstravimus,¹</strong></span> <span class='ocrx_word' id='word_1_177' title='bbox 731 3091 925 3160; x_wconf 91' lang='lat' dir='ltr'><strong>munitionis</strong></span> <span class='ocrx_word' id='word_1_178' title='bbox 956 3113 1055 3158; x_wconf 90' lang='lat' dir='ltr'><strong>causa</strong></span> <span class='ocrx_word' id='word_1_179' title='bbox 1085 3113 1246 3159; x_wconf 87' lang='lat' dir='ltr'><strong>convene·</strong></span> 
     </span>
     <span class='ocr_line' id='line_1_25' title="bbox 204 3197 1249 3310; baseline -0.011 -25"><span class='ocrx_word' id='word_1_180' title='bbox 204 3229 296 3302; x_wconf 87' lang='lat' dir='ltr'><strong>rant,</strong></span> <span class='ocrx_word' id='word_1_181' title='bbox 309 3216 420 3310; x_wconf 90' lang='lat' dir='ltr'><strong>primo</strong></span> <span class='ocrx_word' id='word_1_182' title='bbox 432 3214 587 3284; x_wconf 81' lang='lat' dir='ltr'><strong>exaudito</strong></span> <span class='ocrx_word' id='word_1_183' title='bbox 601 3211 763 3298; x_wconf 89' lang='lat' dir='ltr'><strong>clamore,</strong></span> <span class='ocrx_word' id='word_1_184' title='bbox 778 3211 856 3278; x_wconf 89' lang='lat' dir='ltr'><strong>inde</strong></span> <span class='ocrx_word' id='word_1_185' title='bbox 871 3197 969 3278; x_wconf 89' lang='lat' dir='ltr'><strong>etiam</strong></span> <span class='ocrx_word' id='word_1_186' title='bbox 985 3209 1109 3278; x_wconf 90' lang='lat' dir='ltr'><strong>crebris</strong></span> <span class='ocrx_word' id='word_1_187' title='bbox 1122 3209 1249 3276; x_wconf 71' lang='lat' dir='ltr'><strong>leuntiis</strong></span> 
     </span>
     <span class='ocr_line' id='line_1_26' title="bbox 204 3326 1249 3428; baseline -0.011 -24"><span class='ocrx_word' id='word_1_188' title='bbox 204 3337 347 3422; x_wconf 89' lang='lat' dir='ltr'><strong>incitati,</strong></span> <span class='ocrx_word' id='word_1_189' title='bbox 371 3334 532 3428; x_wconf 92' lang='lat' dir='ltr'><strong>oppidum</strong></span> <span class='ocrx_word' id='word_1_190' title='bbox 557 3359 576 3402; x_wconf 90' lang='lat' dir='ltr'><strong>a</strong></span> <span class='ocrx_word' id='word_1_191' title='bbox 601 3333 759 3402; x_wconf 86' lang='lat' dir='ltr'><strong>Romanis</strong></span> <span class='ocrx_word' id='word_1_192' title='bbox 782 3331 904 3413; x_wconf 86' lang='lat' dir='ltr'><strong>teneri,</strong></span> <span class='ocrx_word' id='word_1_193' title='bbox 927 3329 1102 3422; x_wconf 74' lang='lat' dir='ltr'><strong>praemissis</strong></span> <span class='ocrx_word' id='word_1_194' title='bbox 1130 3326 1249 3419; x_wconf 89' lang='lat' dir='ltr'><strong>equiti-</strong></span> 
     </span>
     <span class='ocr_line' id='line_1_27' title="bbox 204 3445 1249 3548; baseline -0.011 -25"><span class='ocrx_word' id='word_1_195' title='bbox 204 3457 285 3540; x_wconf 89' lang='lat' dir='ltr'><strong>bus,</strong></span> <span class='ocrx_word' id='word_1_196' title='bbox 306 3479 428 3548; x_wconf 83' lang='lat' dir='ltr'><strong>magno</strong></span> <span class='ocrx_word' id='word_1_197' title='bbox 446 3476 609 3522; x_wconf 87' lang='lat' dir='ltr'><strong>concursu</strong></span> <span class='ocrx_word' id='word_1_198' title='bbox 630 3476 670 3520; x_wconf 87' lang='lat' dir='ltr'><strong>co</strong></span> <span class='ocrx_word' id='word_1_199' title='bbox 684 3449 939 3519; x_wconf 88' lang='lat' dir='ltr'><strong>contenderunt.</strong></span> <span class='ocrx_word' id='word_1_200' title='bbox 958 3452 1084 3516; x_wconf 88' lang='lat' dir='ltr'><strong>Eorum</strong></span> <span class='ocrx_word' id='word_1_201' title='bbox 1100 3461 1137 3513; x_wconf 91' lang='lat' dir='ltr'><strong>ut</strong></span> <span class='ocrx_word' id='word_1_202' title='bbox 1157 3445 1249 3537; x_wconf 90' lang='lat' dir='ltr'><strong>quis-</strong></span> 
     </span>
     <span class='ocr_line' id='line_1_28' title="bbox 204 3567 1250 3669; baseline -0.011 -26"><span class='ocrx_word' id='word_1_203' title='bbox 204 3599 270 3669; x_wconf 87' lang='lat' dir='ltr'><strong>que</strong></span> <span class='ocrx_word' id='word_1_204' title='bbox 291 3576 418 3669; x_wconf 88' lang='lat' dir='ltr'><strong>primus</strong></span> <span class='ocrx_word' id='word_1_205' title='bbox 438 3585 594 3656; x_wconf 88' lang='lat' dir='ltr'><strong>venerat,</strong></span> <span class='ocrx_word' id='word_1_206' title='bbox 613 3571 674 3639; x_wconf 93' lang='lat' dir='ltr'><strong>sub</strong></span> <span class='ocrx_word' id='word_1_207' title='bbox 695 3593 793 3638; x_wconf 93' lang='lat' dir='ltr'><strong>muro</strong></span> <span class='ocrx_word' id='word_1_208' title='bbox 810 3567 1027 3652; x_wconf 88' lang='lat' dir='ltr'><strong>consistebat,</strong></span> <span class='ocrx_word' id='word_1_209' title='bbox 1046 3587 1250 3656; x_wconf 90' lang='lat' dir='ltr'><strong>suorumque</strong></span> 
     </span>
     <span class='ocr_line' id='line_1_29' title="bbox 206 3688 1249 3790; baseline -0.014 -26"><span class='ocrx_word' id='word_1_210' title='bbox 206 3695 425 3790; x_wconf 81' lang='lat' dir='ltr'><strong>pugnantium</strong></span> <span class='ocrx_word' id='word_1_211' title='bbox 447 3710 624 3762; x_wconf 83' lang='lat' dir='ltr'><strong>numerum</strong></span> <span class='ocrx_word' id='word_1_212' title='bbox 650 3689 800 3784; x_wconf 82' lang='lat' dir='ltr'><strong>augebat.</strong></span> <span class='ocrx_word' id='word_1_213' title='bbox 827 3688 981 3775; x_wconf 89' lang='lat' dir='ltr'><strong>Quorum</strong></span> <span class='ocrx_word' id='word_1_214' title='bbox 1004 3708 1107 3778; x_wconf 90' lang='lat' dir='ltr'><strong>quum</strong></span> <span class='ocrx_word' id='word_1_215' title='bbox 1130 3707 1249 3776; x_wconf 84' lang='lat' dir='ltr'><strong>magna</strong></span> 
     </span>
     <span class='ocr_line' id='line_1_30' title="bbox 206 3801 1250 3897; baseline -0.013 -13"><span class='ocrx_word' id='word_1_216' title='bbox 206 3815 388 3885; x_wconf 89' lang='lat' dir='ltr'><strong>multitudo</strong></span> <span class='ocrx_word' id='word_1_217' title='bbox 408 3814 630 3895; x_wconf 85' lang='lat' dir='ltr'><strong>convenisset,</strong></span> <span class='ocrx_word' id='word_1_218' title='bbox 653 3824 776 3879; x_wconf 87' lang='lat' dir='ltr'><strong>matres</strong></span> <span class='ocrx_word' id='word_1_219' title='bbox 796 3805 943 3892; x_wconf 85' lang='lat' dir='ltr'><strong>familiae,</strong></span> <span class='ocrx_word' id='word_1_220' title='bbox 962 3828 1035 3893; x_wconf 87' lang='lat' dir='ltr'><strong>quae</strong></span> <span class='ocrx_word' id='word_1_221' title='bbox 1055 3801 1156 3897; x_wconf 91' lang='lat' dir='ltr'><strong>paulo</strong></span> <span class='ocrx_word' id='word_1_222' title='bbox 1173 3816 1250 3870; x_wconf 90' lang='lat' dir='ltr'><strong>ante</strong></span> 
     </span>
     <span class='ocr_line' id='line_1_31' title="bbox 207 3921 1250 4010; baseline -0.013 -4"><span class='ocrx_word' id='word_1_223' title='bbox 207 3938 367 4006; x_wconf 83' lang='lat' dir='ltr'><strong>Romanis</strong></span> <span class='ocrx_word' id='word_1_224' title='bbox 390 3935 431 4002; x_wconf 87' lang='lat' dir='ltr'><strong>dc</strong></span> <span class='ocrx_word' id='word_1_225' title='bbox 452 3959 548 4004; x_wconf 92' lang='lat' dir='ltr'><strong>muro</strong></span> <span class='ocrx_word' id='word_1_226' title='bbox 570 3955 689 4000; x_wconf 86' lang='lat' dir='ltr'><strong>manus</strong></span> <span class='ocrx_word' id='word_1_227' title='bbox 711 3921 908 4010; x_wconf 86' lang='lat' dir='ltr'><strong>tendebant,</strong></span> <span class='ocrx_word' id='word_1_228' title='bbox 927 3949 1004 3994; x_wconf 90' lang='lat' dir='ltr'><strong>suos</strong></span> <span class='ocrx_word' id='word_1_229' title='bbox 1025 3923 1197 4007; x_wconf 86' lang='lat' dir='ltr'><strong>obtestari,</strong></span> <span class='ocrx_word' id='word_1_230' title='bbox 1217 3935 1250 3992; x_wconf 88' lang='lat' dir='ltr'><strong>et</strong></span> 
     </span>
    </p>
   </div>
   <div class='ocr_carea' id='block_1_5' title="bbox 0 0 1543 4772">
    <p class='ocr_par' dir='ltr' id='par_1_6' title="bbox 0 0 1543 4772">
     <span class='ocr_line' id='line_1_32' title="bbox 0 0 1543 4772; baseline 0 0"><span class='ocrx_word' id='word_1_231' title='bbox 0 0 1543 4772; x_wconf 95' lang='lat' dir='ltr'><strong> </strong></span> 
     </span>
    </p>
   </div>
  </div>
 </body>
</html>
