3014 4780
490 439 547 495 -DE
572 437 694 494 santo
713 435 919 492 armanno.
1170 433 1226 489 235

187 568 334 652 romani,
351 565 414 658 'qui
439 577 517 632 sunt
538 564 572 630 in
592 561 720 656 legione
750 585 786 629 iv
808 574 842 628 et
864 582 915 646 vr,
941 557 983 626 ad
1003 573 1035 626 te
1061 555 1225 627 voluimus

189 689 222 754 in
240 701 364 777 tuaque
375 680 524 776 praesidia
538 681 731 776 confugere3
749 678 805 748 sed
821 678 980 749 custodiis
989 679 1139 772 equitum
1155 681 1227 750 Nu·

188 806 371 893 midarum,
387 827 455 896 quo
471 801 504 870 id
524 803 594 870 sinc
613 799 762 897 periculo
781 802 891 870 minus
910 800 1106 886 laceremus,
1126 801 1227 895 impe·

189 926 372 996 diebamur.
382 923 482 992 Nunc
495 920 591 1006 ,data
606 920 762 990 facultate
771 972 781 1009 ,
791 945 853 1016 pro
861 918 1124 1014 speculatoribus
1136 921 1225 1030 misqi

188 1071 208 1115 a
227 1046 396 1139 Scipione,
424 1041 466 1112 ad
487 1057 520 1111 te
545 1041 757 1137 cupidissime
776 1042 942 1130 venimus,
964 1055 1001 1109 ut
1024 1041 1226 1142 perspicep'e-

190 1191 280 1254 mus,
299 1188 381 1233 uum
399 1187 473 1256 quae
490 1162 585 1232 fosse
602 1177 661 1232 aut
682 1160 807 1231 insidias
822 1159 1006 1257 elephantis
1022 1175 1099 1230 ante
1116 1175 1225 1231 castra

190 1301 367 1380 portasque
389 1283 470 1353 valli
493 1282 585 1352 factae
610 1297 735 1365 essent,
763 1281 927 1376 simulque
956 1279 1091 1352 consilia
1120 1296 1226 1352 vestra

190 1420 305 1474 contra
323 1403 453 1474 easdem
472 1403 594 1472 bestias
611 1403 957 1498 comparationemque
971 1425 1091 1498 pugnae
1103 1427 1227 1497 cogno·

190 1524 521 1618 sceremus,stqueei
536 1524 811 1592 renuntiaremus.
827 1551 844 1586 s
854 1523 922 1612 Qui
935 1520 1111 1592 collaudati
1125 1545 1143 1590 a
1161 1523 1228 1590 Cae

190 1669 276 1734 sare,
286 1643 517 1740 stipendioque
534 1643 644 1712 donati
655 1640 717 1729 ,ad
729 1639 873 1736 reliquos
887 1641 1042 1738 perfugas
1055 1640 1227 1712 deducun-

191 1781 256 1834 tur.
276 1767 431 1854 Quorum
449 1766 634 1832 orationem
658 1759 808 1831 celeriter
824 1762 945 1830 veritas
971 1761 1225 1855 comprobavit:

190 1908 335 1977 narnque
351 1897 484 1979 postero
509 1881 563 1952 die
579 1907 620 1951 ex
637 1881 822 1976 legionibus
843 1883 902 1969 iis,
926 1905 1008 1974 quas
1024 1878 1147 1952 Gaetuli
1167 1905 1227 1949 no·

191 2004 424 2091 minaverunt,
450 2001 570 2072 milites
596 2002 767 2098 legionarii
788 2001 975 2097 complures
989 2027 1009 2071 a
1022 2003 1177 2096 Scipione
1193 2003 1227 2071 in

192 2137 299 2192 castra
316 2124 455 2192 Caesaris
473 2122 700 2218 perfugerunt.
1308 2193 1312 2204 ,

239 2244 396 2312 XXXVI.
415 2246 505 2312 Dum
523 2243 592 2312 baec
608 2241 650 2312 ad
664 2245 849 2339 Ruspinam
860 2258 1042 2338 geruntur,
1056 2245 1105 2313 Μ.
1125 2246 1228 2331 Cato,

192 2364 248 2454 qui
258 2363 527 2458 Uticaepraeerat,
542 2362 681 2433 dilectus
698 2362 846 2459 quotidie
864 2363 1116 2453 libertinorum,
1133 2363 1230 2436 Afro-

191 2507 282 2568 rum,
297 2507 469 2552 servorum
487 2483 645 2579 denique,
660 2499 694 2554 et
717 2485 878 2578 cujusque
903 2483 993 2553 modi
1011 2485 1143 2581 generis
1166 2484 1229 2553 bo·

190 2603 338 2692 minum,
353 2604 411 2697 qui
428 2603 528 2672 modo
553 2627 614 2700 per
630 2618 760 2672 aetatem
775 2626 868 2672 arma
884 2602 971 2673 ferre
986 2617 1153 2697 poteraut,
1171 2603 1229 2671 hs-

191 2724 283 2806 bere,
303 2737 401 2815 atque
422 2723 484 2790 sub
503 2747 638 2791 manum
662 2723 825 2818 Scipionis
852 2725 886 2792 in
903 2737 1009 2792 castra
1034 2724 1229 2792 submittere

193 2867 261 2910 nou
294 2842 492 2911 intermittit.
519 2843 633 2936 Legati
661 2843 794 2910 interim
813 2866 853 2911 ex
874 2842 999 2938 oppido
1024 2841 1168 2931 Tisdrae,
1193 2845 1226 2912 in

193 2986 261 3054 quo
275 2961 376 3030 tritici
389 2959 537 3030 modium
553 2960 654 3031 millia
680 2986 741 3034 ccc
760 2977 968 3057 comportata
990 2962 1122 3032 fueraut
1137 2989 1158 3032 a
1172 2988 1228 3032 ne·

193 3079 413 3173 gotiatoribus
431 3079 548 3150 italicis
566 3083 837 3177 oratoribusque,
853 3082 897 3152 ad
913 3085 1075 3153 Caesarem
1094 3107 1229 3171 venere,

192 3213 382 3294 quantaque
397 3202 494 3296 copia
511 3200 667 3271 frumenti
684 3203 773 3296 apud
790 3227 824 3272 se
838 3203 895 3291 sit,
914 3201 1050 3292 docent,
1064 3201 1229 3297 simulque

192 3334 308 3406 orant,
326 3335 363 3390 ut
382 3320 445 3391 sibi
464 3319 652 3415 presidium
670 3323 799 3411 mittat,
814 3347 881 3417 quo
897 3322 1027 3393 facilius
1043 3339 1076 3392 et
1088 3323 1231 3394 frumen·

192 3455 263 3510 tum
287 3457 320 3511 et
346 3443 450 3535 copiae
475 3467 542 3511 suae
558 3458 804 3512 conserventur.
826 3445 958 3532 Quibus
975 3448 1085 3516 Cesar
1105 3445 1139 3514 in
1153 3471 1232 3541 prse-

191 3565 296 3632 sentia
316 3565 438 3659 gratias
455 3564 541 3658 agit,
560 3563 813 3659 praesidiumque
831 3565 923 3635 brevi
943 3580 1092 3662 tempore
1107 3591 1142 3636 se
1158 3567 1232 3634 mis·

191 3707 306 3752 surum
326 3681 428 3772 dixit3
447 3684 723 3778 cohortatusque,
743 3681 784 3752 ad
804 3707 880 3754 suos
899 3685 987 3754 cives
1009 3685 1106 3778 jubet
1126 3685 1230 3779 profi·

191 3801 278 3870 cisci.
293 3804 329 3871 P.
342 3805 443 3873 Sitius
456 3805 603 3893 interim,
617 3829 691 3874 cum
710 3805 813 3901 copiis
829 3805 995 3876 Numidiae
1009 3805 1090 3875 lines
1105 3807 1230 3900 ingres·

191 3943 262 4006 sus,
280 3921 467 4008 castellum,
490 3924 524 3992 in
544 3941 657 3995 monte
675 3923 747 3996 loco
764 3928 892 3996 munito
909 3925 1072 4013 locatum,
1088 3927 1122 3996 in
1138 3927 1229 4021 quod

191 4038 276 4109 Juba
296 4039 373 4108 bclli
393 4043 527 4135 gerendi
547 4047 653 4138 gratia
674 4061 705 4115 et
727 4046 931 4116 frumentum
952 4062 985 4116 et
1011 4071 1062 4116 res
1085 4061 1230 4135 ceteras,
