3062 4766
276 397 331 452 aas
434 399 464 452 c.
487 397 582 454 ιιιιιι
605 397 770 454 anstais
791 383 1158 462 conunnramonum

275 523 338 590 rim
361 521 494 610 crebro,
517 521 631 615 paucis
654 524 811 615 utrinque
832 523 1104 615 procurrentibus
1127 521 1215 590 inter
1238 523 1316 590 bina

274 657 395 730 castra,
422 640 543 735 palude
569 643 741 735 interjecta
765 641 1055 710 contendebatur:
1079 666 1180 735 quam
1205 655 1315 710 tamen

276 763 432 860 paludem
447 789 686 858 nonnunquam
700 779 759 832 aut
775 779 888 833 nostra
905 762 1027 832 auxilia
1044 762 1217 833 Gallorum
1228 766 1316 833 Ger·

187 864 188 868 ¹
276 909 520 978 manorumque
540 885 746 972 transibant,
770 885 944 977 acriusque
964 884 1075 952 hostes
1098 883 1316 976 insequeban-

276 1021 345 1093 tur,
367 1019 426 1074 aut
452 1007 593 1074 vicissim
619 1005 748 1092 hostes,
773 1003 923 1073 eamdem
947 1005 1162 1097 transgressi,
1187 1019 1316 1076 nostros

277 1125 408 1219 longius
428 1125 678 1194 submovebant.
697 1122 878 1194 Accidebat
900 1138 1012 1193 antem
1033 1124 1235 1216 quotidianis
1257 1150 1316 1218 pa-

277 1243 503 1314 bulationibus
521 1244 572 1339 (id
588 1245 679 1338 quod
699 1243 848 1313 accidere
864 1257 935 1313 erat
950 1267 1094 1334 necesse,
1114 1268 1218 1337 quum
1233 1246 1316 1313 raris

249 1375 252 1380 “
277 1366 488 1461 disjectisque
507 1391 547 1435 ex
572 1363 719 1435 aedificiis
736 1364 895 1459 pabulum
916 1366 1185 1460 conquireretur)
1207 1379 1243 1433 ut
1258 1367 1317 1434 im·

245 1469 249 1486 ⁸
277 1486 398 1580 peditis
411 1484 491 1556 locis
507 1486 645 1581 dispersi
658 1484 869 1580 pabulatores
882 1487 1203 1554 circumvenirentur
1218 1512 1225 1553 :
1243 1509 1316 1579 qnae

278 1633 330 1675 res
348 1608 408 1676 etsi
424 1605 591 1676 mediocre
606 1604 842 1673 detrimentum
855 1606 1083 1698 jumentorum
1094 1631 1132 1674 ac
1144 1625 1319 1675 servorum

278 1729 401 1797 nostris
432 1727 607 1812 afferebat,
636 1740 746 1794 tamen
773 1724 889 1794 stultas
914 1727 1131 1820 cogitationes
1159 1727 1318 1795 incitabat

278 1850 520 1934 barbarorum,
547 1861 646 1939 atque
670 1869 710 1913 eo
738 1845 842 1939 magis
878 1845 968 1938 quod
999 1847 1191 1934 Commius,
1218 1871 1316 1940 quem

279 1967 466 2062 profectum
494 1966 536 2034 ad
558 1963 680 2034 auxilia
707 1968 963 2034 Germanorum¹
978 1965 1171 2034 arcessenda
1196 1966 1317 2051 docui,

280 2111 356 2155 cum
381 2086 545 2178 equitibus
575 2099 730 2170 venerat3
756 2086 812 2177 qui
839 2085 968 2153 mmetsi
993 2109 1133 2153 numero
1156 2110 1224 2154 non
1250 2109 1319 2153 am·

281 2205 368 2300 plius
383 2221 477 2275 erant
493 2205 683 2301 quingenti,
697 2219 808 2274 tamen
821 2206 1067 2274 Germanorum
1083 2205 1230 2275 adventu
1244 2205 1319 2275 bar·

163 2355 167 2361 ·
280 2328 352 2396 bari
371 2326 583 2395 inflabantur.

329 2449 388 2515 XI.
421 2449 549 2532 Caesar,
575 2469 681 2539 quum
707 2444 984 2514 animadverteret
1011 2445 1139 2516 hostem
1168 2446 1318 2543 complu-

281 2593 333 2637 res
352 2568 421 2637 dies
441 2567 574 2653 castris,
593 2563 714 2660 palude
739 2581 773 2634 et
797 2563 863 2633 loci
885 2579 1001 2634 natura
1021 2567 1181 2656 munitis,
1211 2592 1246 2636 se
1271 2583 1318 2637 tc-

282 2712 376 2776 nere,
400 2711 507 2781 neque
528 2687 716 2781 oppugnari
738 2699 845 2754 castra
868 2709 982 2754 eorum
1009 2686 1080 2755 sine
1105 2686 1318 2758 dimicatione

283 2809 484 2901 perniciosa,
506 2831 566 2874 nec
590 2804 701 2874 locum
724 2805 963 2874 munitionibus
987 2804 1095 2874 claudi
1118 2807 1180 2900 nisi
1207 2832 1226 2875 a
1251 2832 1317 2876 ma-

279 2927 353 3017 jore
375 2929 520 2996 exercitu
541 2950 655 3019 posse,
677 2923 801 2993 litteras
831 2923 873 2992 ad
897 2925 1100 2994 Trebonium
1124 2929 1239 3015 mittit,
1264 2942 1317 3015 ut,

283 3067 383 3134 quam
400 3045 571 3116 celerrime
587 3058 713 3139 posset,
730 3041 892 3138 legionem
906 3067 986 3132 ιιιιι,
1002 3069 1075 3138 quae
1090 3071 1166 3116 cum
1182 3050 1219 3116 T.
1237 3049 1317 3116 Sex·

283 3163 330 3231 tio
347 3161 455 3258 legato
470 3167 504 3232 in
521 3163 724 3260 Biturigibus
740 3163 922 3252 hiemabat,
943 3181 1139 3254 arcesseret,
1156 3181 1254 3261 atquc
1272 3170 1319 3237 ita

282 3307 359 3351 cum
376 3307 415 3353 ιιι
434 3281 618 3378 legionibus
634 3283 762 3377 magnis
782 3283 954 3352 itineribus
974 3283 1068 3352 adse
1089 3288 1227 3356 veniret.
1244 3291 1319 3381 Ipse

282 3404 408 3497 equites
422 3404 565 3472 invicem
576 3407 759 3472 Remorum
776 3428 815 3473 ac
826 3403 1033 3498 Lingonum,
1047 3401 1319 3501 reliquarumque

281 3524 470 3610 civitatum,
487 3548 626 3616 quorum
646 3547 803 3618 magnum
826 3549 1002 3594 numerum
1018 3541 1225 3614 evocaverat,
1241 3553 1319 3622 prae-

281 3644 365 3714 sidio
385 3642 653 3738 pabulationibus
674 3645 792 3729 mittit,
815 3645 873 3737 qui
893 3645 1019 3714 subitas
1040 3646 1184 3715 hostium
1205 3649 1318 3716 incur-

280 3766 387 3833 siones
402 3766 613 3832 sustinerent.
1088 3747 1091 3758 ¹

327 3885 402 3952 XII.
429 3883 531 3972 Quod
555 3908 659 3977 quum
682 3882 832 3976 quotidie
855 3883 964 3974 fieret,
983 3909 1023 3954 ac
1044 3887 1113 3979 jam
1138 3903 1318 3959 consuetu·

280 4001 357 4069 dine
372 3999 543 4096 diligentia
558 4003 764 4072 minueretur
779 4003 888 4095 (quod
905 4003 1101 4099 plerumque
1117 4005 1235 4076 accidit
1250 4007 1319 4076 diu·
