3050 4772
464 405 515 460 DE
537 405 655 462 BELLO
673 405 923 461 effluens.
943 408 989 461 VI.
1192 407 1243 462 151

259 530 418 598 XXVIII.
445 530 594 597 Tertium
621 544 671 598 est
697 555 802 624 genus
827 555 943 599 eorum
970 533 1026 623 qui
1056 534 1108 598 uri
1137 531 1250 625 appel·

210 647 334 718 lantur.
359 649 403 716 Hi
433 660 511 716 sunt
543 649 774 743 magnitudine
801 648 902 743 paulo
926 649 1013 718 infra
1037 649 1250 744 elephantos3

215 771 337 862 specie,
361 781 395 836 et
410 765 536 853 colore,
558 783 592 835 et
611 767 718 862 figura
733 771 829 838 tauri.
850 771 973 864 Magna
988 770 1037 837 vis
1053 785 1104 838 est
1118 793 1250 856 eorum,

213 902 248 956 et
273 911 394 980 magna
414 885 595 954 velocitas:
616 912 722 981 neque
744 888 893 975 homini,
915 913 1022 982 neque
1042 889 1133 976 lere,
1152 914 1252 983 quam

215 1007 466 1099 conspexerint,
481 1021 633 1099 parcunt.
652 1011 720 1076 Hos
737 1006 881 1076 studiose
898 1008 1001 1076 foveis
1020 1022 1134 1102 captos
1151 1009 1253 1075 inter-

215 1125 342 1193 ficiunt.
360 1127 432 1192 Hoc
449 1149 484 1193 se
504 1123 617 1194 labore
631 1125 752 1194 durant
772 1127 922 1196 homines
938 1121 1184 1212 adolescentes,
1201 1141 1252 1193 at·

161 1313 165 1323 ,
203 1269 282 1338 ί(μω
307 1245 372 1312 boc
394 1267 513 1338 genere
536 1247 719 1314 venationis
739 1261 911 1333 exercent;
932 1259 985 1333 et,
1010 1247 1068 1339 qui
1092 1242 1255 1337 plurimos

218 1389 257 1430 ex
280 1363 332 1432 bis
353 1363 608 1448 interfecerunt,
624 1363 735 1434 relatis
751 1364 787 1432 in
803 1364 973 1458 publicum
990 1364 1164 1450 cornibus,
1182 1387 1256 1455 quae

220 1484 286 1551 sint
303 1483 509 1570 testimonio,
530 1504 685 1576 magnam
702 1483 812 1552 ferunt
826 1482 968 1552 laudem.
990 1481 1055 1552 Sed
1072 1505 1256 1550 assuescere

162 1677 177 1700 ,
221 1601 262 1670 ad
282 1602 434 1672 homines
449 1616 483 1670 et
500 1602 726 1688 mansuefieri,
745 1627 786 1671 ne
807 1600 936 1695 parvuli
955 1601 1089 1696 quidem
1110 1602 1256 1694 excepti,

222 1734 369 1814 possunt.
388 1718 583 1813 Amplitudo
596 1745 775 1807 cornuum,
792 1735 824 1790 et
838 1722 960 1815 figura,
973 1735 1006 1789 et
1019 1721 1158 1813 species,
1172 1718 1257 1818 mul·

224 1857 294 1908 tum
321 1865 341 1907 a
365 1855 556 1907 nostrorum
581 1841 681 1908 boum
702 1841 857 1908 cornibus
874 1840 996 1908 differt.
1019 1843 1095 1909 Haec
1115 1839 1259 1908 studiose

223 1960 410 2051 conquisitu
437 1959 478 2027 ab
508 1957 608 2026 labris
628 1973 766 2053 argento
792 1958 1071 2045 circumcludunt,
1099 1975 1197 2051 atque
1225 1960 1260 2026 in

225 2077 432 2174 amplissimis
450 2076 555 2172 epulis
572 2103 634 2172 pro
652 2077 778 2171 poculis
795 2092 945 2145 utuntur.

273 2200 398 2266 XXIX.
426 2201 545 2280 cesar,
561 2212 735 2296 postquam
749 2221 808 2290 per
818 2197 922 2266 Ubios
936 2195 1160 2290 exploratores
1175 2221 1262 2265 com·

231 2321 319 2414 perit
335 2321 459 2388 Suevos
479 2344 548 2388 sese
571 2322 605 2387 in
624 2315 721 2390 silvas
736 2321 919 2414 recepisse,
941 2317 1086 2409 inopiam
1102 2313 1262 2382 frumenti

229 2441 369 2526 veritus,
389 2439 500 2532 quod,
517 2448 561 2507 'ut
580 2462 679 2532 supra
703 2437 1017 2522 demonstravimus,
1039 2436 1175 2504 minime
1192 2457 1264 2500 om·

230 2583 288 2628 nes
308 2559 469 2626 Germani
492 2556 702 2652 agriculturae
728 2555 876 2642 student,
899 2556 1071 2623 constituit
1096 2577 1163 2620 non
1191 2573 1291 2642 pro-,-

230 2676 324 2772 gredi
340 2675 491 2771 longius;
516 2677 589 2762 sed,
606 2701 647 2744 ne
672 2677 810 2742 omnino
829 2688 953 2742 metum
975 2672 1100 2742 reditus
1123 2671 1173 2739 sui
1192 2669 1267 2734 bar·
1289 2723 1291 2734 .

231 2798 319 2866 baris
335 2795 484 2881 tolleret,
503 2811 602 2888 atque
617 2811 654 2864 ut
671 2817 786 2864 eorum
806 2792 927 2862 auxilia
948 2791 1109 2876 tardaret,
1128 2788 1267 2858 reducto

232 2918 394 3002 exercitu,
419 2929 548 3009 partem
573 2913 724 2982 ultimam
750 2915 881 3006 pontis,
903 2936 975 3005 quae
999 2913 1087 3005 ripas
1104 2909 1269 2980 Ubiorum

234 3035 462 3130 contingebat,
478 3036 513 3102 in
530 3031 773 3127 longitudinem
787 3031 909 3126 pedum
923 3055 962 3101 cc
977 3029 1153 3114 rescindit;
1170 3043 1269 3122 atque
1295 3097 1296 3106 ,

236 3159 271 3224 in
282 3171 431 3224 extremo
445 3169 548 3248 ponte
560 3154 680 3221 turrim
691 3150 916 3220 tabulatorum
929 3165 1073 3243 quatuor
1084 3151 1269 3232 constituit,

236 3275 491 3369 presidiumque
506 3274 694 3343 cohortium
713 3295 762 3339 xu
783 3273 894 3363 pontis
911 3269 1025 3338 tuendi
1043 3293 1140 3338 causa
1157 3267 1271 3359 ponit,

239 3396 432 3490 magnisque
449 3418 525 3462 eum
538 3392 650 3461 locum
664 3391 904 3458 munitionibus
919 3389 1038 3457 firmat.
1049 3390 1089 3456 Ei
1107 3386 1181 3454 loco
1196 3408 1273 3477 prae·

239 3515 388 3608 sidioque
414 3516 452 3581 C.
474 3511 664 3580 Volcatium
687 3507 821 3578 Tullum
848 3505 1088 3578 adolescentem
1117 3503 1271 3598 prefecit.

241 3639 329 3728 Ipse,
341 3657 445 3727 quum
459 3646 680 3701 maturescere
696 3629 862 3698 frumenta
879 3629 1079 3719 inciperent,
1094 3622 1136 3692 ad
1152 3619 1275 3690 bellum

241 3753 444 3848 Ambiorigis
465 3750 632 3844 profectus
652 3749 726 3845 (per
746 3746 961 3817 Arduennam
984 3743 1116 3829 silvam,
1136 3755 1277 3834 quaeest

244 3859 346 3940 totius
366 3869 483 3940 Galbae
504 3871 661 3956 maxima,
682 3883 781 3961 atque
801 3868 841 3935 ab
861 3866 943 3959 ripis
962 3865 1071 3934 Rheni
1092 3861 1278 3952 finibusque

245 3991 459 4060 Trevirorum
479 3989 519 4057 ad
536 3988 677 4057 Nervios
694 3989 858 4080 pertinet,
875 3985 1084 4076 millibusque
1101 3978 1242 4075 amplius
1255 4006 1278 4050 n
