3050 4772
464 335 515 390 DE
536 334 658 390 BELLO
680 335 840 390 GALLICO
861 337 1026 393 L1nv111.
1208 334 1261 390 231

272 458 364 524 XIX.
390 457 506 548 Quum
531 459 698 554 dispositis
725 463 843 532 turmis
871 464 1013 538 invicem
1043 464 1108 529 rari
1134 460 1266 554 proelia·

227 591 359 662 rentur,
382 603 490 671 neque
514 579 555 647 ab
577 579 734 649 lateribus
763 581 995 650 circumveniri
1015 605 1092 649 suos
1115 595 1269 673 pateren-

228 711 297 784 tur,
320 713 501 804 erumpunt
527 704 643 789 ceteri,
668 703 794 780 Correo
814 700 1002 795 proeliante,
1026 727 1065 770 ex
1091 699 1191 769 silvis.
1213 700 1269 768 Fit

226 841 346 912 magna
363 821 575 900 contentione
586 820 753 890 diversum
770 821 934 918 proelium.
952 821 1054 918 Quod
1069 845 1174 914 quum
1191 818 1266 887 diu·

227 936 292 1004 tius
319 938 390 1030 pari
416 942 525 1013 Marte
553 942 712 1028 iniretur,
736 942 895 1036 paulatim
921 967 961 1011 ex
990 939 1080 1011 silvis
1104 942 1268 1009 instructa

227 1054 407 1127 multitudo
430 1058 582 1155 procedit
604 1061 773 1156 peditum,
795 1087 867 1156 quae
890 1078 1021 1132 nostros
1042 1063 1133 1156 cogit
1153 1061 1268 1130 cedere

227 1177 353 1267 equites
385 1202 393 1245 ε
423 1179 545 1270 quibus
574 1179 725 1250 celeriter
754 1182 957 1252 subveniunt
985 1181 1066 1255 levis
1092 1193 1268 1248 armaturae

228 1293 373 1386 pedites,
402 1322 485 1391 quos
512 1313 589 1372 ante
616 1297 761 1402 legiones
793 1303 910 1382 missos
942 1301 1057 1386 docui;
1083 1299 1268 1392 turmisque

228 1427 419 1488 nostrorum
452 1417 652 1510 interpositi,
677 1434 868 1490 constanter
897 1418 1103 1514 proeliantur.
1135 1422 1268 1513 Pugna·

228 1548 283 1601 tur
302 1532 497 1628 aliquandiu
515 1539 588 1638 pari
608 1541 820 1614 contentione
840 1565 848 1607 :
867 1538 1005 1627 deinde,
1025 1554 1064 1607 ut
1083 1539 1168 1607 ratio
1193 1563 1268 1631 pos-

227 1650 355 1723 tulabat
383 1655 505 1748 proelii,
532 1656 589 1750 qui
617 1659 842 1728 sustinuerant
866 1660 991 1752 primos
1019 1660 1163 1750 impetus
1187 1656 1267 1724 insi-

226 1772 356 1843 diarum
393 1777 457 1845 hoc
492 1777 564 1870 ipso
596 1777 684 1847 fiunt
720 1780 906 1871 superiores
940 1776 1031 1871 quod
1061 1773 1192 1845 nullum
1225 1775 1267 1842 ab

228 1895 459 1976 insidiantibus
478 1896 705 1991 imprudentes
723 1912 918 1991 acceperant
938 1873 1186 1966 detrimentum.
1202 1898 1267 1964 Ac-

227 2015 351 2084 cedunt
364 2017 502 2110 propius
521 2017 656 2088 interim
675 2016 836 2114 legiones,
855 2018 1027 2109 crebrique
1046 2015 1163 2084 eodem
1183 2028 1268 2082 tem·

227 2161 308 2229 pore
341 2151 375 2204 et
404 2137 525 2209 nostris
554 2152 588 2206 et
618 2138 768 2207 hostibus
800 2139 909 2216 nuntii
947 2137 1133 2206 afferuntur
1163 2137 1268 2227 impe·

227 2271 372 2328 ratorem
397 2257 566 2329 instructis
588 2259 691 2352 copiis
712 2257 833 2328 adesse.
854 2259 932 2346 Qua
952 2282 988 2336 re
1009 2258 1160 2350 cognita,
1182 2279 1267 2352 prae·

226 2375 311 2444 sidio
342 2377 531 2452 cohortium
563 2378 697 2466 confisi,
729 2353 833 2448 nostri
863 2377 1023 2446 acerrime
1055 2373 1266 2469 proeliantur,

226 2521 285 2580 ne,
306 2496 333 2564 si
351 2496 477 2571 tardius
494 2522 564 2569 rem
585 2497 775 2593 gessissent,
789 2497 937 2567 victoriae
959 2493 1100 2590 gloriam
1118 2521 1266 2566 commu·

227 2617 354 2685 nicasse
384 2642 461 2684 cum
494 2615 680 2710 legionibus
706 2615 918 2701 viderentur3
949 2615 1059 2684 hostes
1085 2616 1266 2688 concidunt

226 2737 360 2823 animis,
386 2750 484 2831 atque
511 2736 686 2804 itineribus
711 2733 849 2803 diversis
875 2733 988 2826 lugam
1011 2748 1175 2826 quaerunt.
1200 2737 1267 2804 Ne-

225 2855 408 2950 quidquam
430 2878 529 2922 :nam
554 2855 674 2950 quibus
697 2853 946 2932 difficultatibus
969 2851 1120 2922 locorum
1142 2857 1265 2923 Rorna-

225 3002 287 3046 nos
309 2974 463 3044 claudere
481 2974 669 3063 voluerant,
691 2976 730 3044 iis
747 2975 809 3069 ipsi
827 2974 1040 3060 tenebantur;
1059 2974 1139 3042 victi
1155 2988 1264 3044 tamen

226 3095 452 3191 perculsique,
469 3098 594 3190 majore
612 3112 707 3190 parte
729 3097 861 3182 amissa,
878 3120 944 3189 quo
960 3093 1028 3163 fors
1049 3093 1172 3166 tulerat
1190 3120 1265 3165 con·

227 3218 364 3286 sternati
379 3216 588 3311 profugiunt,
602 3216 722 3310 partim
737 3213 826 3284 silvis
837 3194 963 3309 petitis,
979 3217 1101 3311 partim
1112 3215 1264 3302 flumine,

227 3337 284 3430 qui
302 3352 413 3404 tamen
434 3338 468 3404 in
489 3335 565 3430 suga
583 3361 602 3404 a
622 3336 743 3404 nostris
760 3335 880 3403 acriter
897 3336 1146 3429 insequentibus
1166 3335 1265 3403 confi·
1366 3374 1372 3385 κ

227 3457 363 3525 ciuntur
381 3482 388 3524 ε
407 3481 511 3549 quum
531 3456 664 3524 interim
681 3452 773 3523 nulla
791 3452 979 3523 calamitate
995 3457 1103 3522 victus
1120 3456 1264 3522 Correus

227 3576 381 3646 excedere
400 3573 517 3669 proelio
537 3573 699 3668 silvasque
719 3587 845 3670 petere,
862 3589 934 3658 aut,
953 3573 1169 3642 invitantibus
1186 3597 1263 3641 nos·

227 3697 288 3765 tris
302 3697 345 3765 ad
363 3696 579 3783 deditionem,
599 3696 709 3790 potuit
723 3693 857 3781 adduci,
876 3694 977 3787 quin,
994 3692 1171 3760 fortissime
1184 3718 1265 3786 proe·

228 3815 340 3885 liando
353 3816 606 3912 compluresque
626 3813 849 3902 vulnerando,
862 3784 998 3916 bogeret
1014 3810 1118 3882 elatos
1131 3812 1265 3880 iracun-

228 3935 281 4004 dia
295 3939 436 4006 victores
451 3940 533 4005 inse
550 3935 614 4003 tela
631 3936 806 4030 conjicere.
