3096 4762
271 395 305 456 7t
428 388 457 442 C.
482 386 577 443 tuen
598 387 759 444 CAESARIS
781 385 1149 442 COMMENTARIORUM

269 511 359 580 bant.
381 514 452 580 Hac
470 535 505 578 re
522 525 705 605 perspecto,
720 515 873 596 Crassus,
895 534 999 604 quum
1019 534 1078 578 sua
1098 484 1309 578 cunctatione

270 643 368 722 atque
391 631 548 724 opinione
574 629 756 699 timidiores
785 630 913 717 hostes,
936 645 1068 698 nostros
1092 627 1214 698 milites
1237 627 1307 697 ala-

268 749 391 819 oriores
407 749 449 818 ad
469 749 685 844 pugnandum
705 748 891 834 effecisset,
921 764 1021 843 atque
1042 749 1193 818 omnium
1212 773 1308 818 voces

244 925 248 934 ,
268 866 473 955 audirentur,
486 870 669 961 exspectari
685 868 808 937 diutius
824 891 891 940 uon
912 881 1078 962 oportere,
1092 869 1174 961 quin
1187 867 1230 936 ad
1243 893 1309 936 cas·

269 1000 320 1055 tra
348 987 465 1070 iretur,
494 987 686 1056 cohortatus
707 1012 799 1073 suos,
825 988 980 1056 omnibus
1008 988 1239 1080 cupientibus,
1266 985 1308 1054 ad

271 1107 415 1174 hostium
436 1120 543 1176 castra
563 1107 745 1176 contendit.

317 1225 423 1294 XXV.
450 1226 518 1314 Ibi,
537 1251 641 1320 quum
662 1225 717 1295 alii
737 1227 841 1297 fossas
859 1223 1080 1320 complerent,
1103 1221 1173 1311 alii,
1196 1223 1308 1292 multis

272 1344 343 1414 telis
361 1347 536 1440 conjectis,
556 1347 743 1417 defensores
764 1347 849 1416 vallo
871 1347 1177 1438 munitionibusque
1196 1343 1308 1439 depel-

271 1463 397 1551 lerent,
423 1464 681 1559 auxiliaresque,
703 1468 824 1561 quibus
844 1467 886 1535 ad
906 1489 1053 1560 pugnarn
1076 1491 1143 1535 non
1164 1465 1308 1535 multum

168 1649 171 1654 .
270 1587 407 1671 Crassus
424 1585 631 1673 confidebat,
651 1586 816 1681 lapidibus
837 1585 976 1679 telisque
1001 1585 1309 1672 subministrandis,

270 1706 364 1774 etad
385 1730 539 1801 aggerem
565 1708 744 1801 cespitibus
763 1707 1029 1801 comportandis,
1046 1709 1190 1801 speciem
1209 1722 1310 1801 atque

271 1825 462 1919 opinionem
479 1827 699 1922 pugnantium
713 1825 913 1920 praeberent,
929 1851 1032 1920 quum
1050 1829 1129 1896 item
1147 1829 1188 1898 ab
1204 1828 1307 1895 hosti·

242 1981 246 1996 ..
271 1945 333 2014 bus
349 1960 541 2016 constanter
552 1971 590 2015 ac
603 1971 669 2014 non
680 1945 794 2016 timide
809 1959 1026 2042 pugnaretur,
1039 1945 1169 2040 telaque
1181 1972 1220 2015 ex
1237 1945 1310 2015 loco

272 2065 442 2158 superiore
457 2067 555 2134 missa
569 2091 636 2133 non
650 2065 771 2135 frustra
786 2067 989 2152 acciderent,
1006 2068 1149 2160 equites,
1165 2068 1308 2135 circum-

273 2182 328 2252 itis
344 2183 489 2252 hostium
511 2185 641 2268 castris,
656 2186 777 2254 Crasso
792 2187 1088 2271 renunciaverunt,
1105 2209 1172 2253 non
1193 2185 1309 2254 eadem

273 2325 343 2371 esse
363 2301 534 2398 diligentia
556 2305 597 2372 ab
615 2304 796 2374 decumana
822 2320 917 2398 porta
937 2321 1045 2374 castra
1062 2306 1209 2386 munita,
1231 2303 1310 2372 laci·
1344 2355 1353 2374 .

274 2420 405 2514 lemque
423 2424 550 2491 aditum
573 2417 705 2492 habere.

320 2543 444 2612 xxvl.
471 2547 627 2619 Crassus.
656 2546 806 2637 equitum
833 2544 1002 2638 praefectos
1033 2544 1245 2630 cohortatus,
1274 2559 1311 2612 ut

273 2665 401 2759 magnis
410 2664 553 2758 praemiis
564 2661 923 2758 pollicitationibusque
933 2675 1009 2733 suos
1023 2665 1218 2750 excitarent,
1230 2663 1311 2755 quid

273 2785 344 2852 lieri
357 2783 452 2872 velit,
465 2781 617 2853 ostendit.
631 2782 702 2871 Illi,
718 2798 755 2852 ut
768 2799 840 2853 erat
856 2786 1069 2878 imperatum,
1087 2783 1214 2853 eductis
1229 2808 1311 2875 qua·

274 2917 351 2970 tuor
365 2903 573 2992 cohortibus,
590 2927 679 2996 quae,
694 2903 845 2997 prasidio
856 2906 972 2974 castris
981 2903 1116 2992 relictae,
1131 2906 1253 2974 intritae
1269 2903 1310 2972 ab

272 3019 386 3090 labore
399 3038 509 3110 erant,
526 3039 559 3092 et
570 3022 720 3116 longiore
737 3024 853 3093 itinere
866 3023 1115 3112 circumductis,
1130 3049 1172 3094 ne
1185 3049 1225 3092 ex
1238 3023 1312 3092 hos·

274 3142 356 3211 tium
377 3143 492 3210 castris
509 3143 653 3236 conspici
673 3158 819 3237 possent,
839 3145 989 3212 omnium
1006 3141 1111 3211 oculis
1133 3143 1313 3210 mentibus·

273 3285 339 3355 que
353 3261 396 3330 ad
412 3284 556 3356 pugnam
571 3263 723 3348 intentis,
738 3260 889 3332 celeriter
904 3261 946 3330 ad
966 3285 1038 3346 eas,
1055 3284 1136 3352 quas
1153 3261 1311 3342 diximus,

274 3382 475 3450 munitiones
500 3395 738 3475 pervenerunt,
760 3396 874 3474 atque,
899 3382 950 3449 his
975 3381 1139 3473 prorutis,
1164 3379 1256 3472 prius
1277 3381 1310 3445 in

275 3502 420 3574 hostium
441 3501 554 3570 castris
571 3501 807 3587 constiterunt,
827 3525 927 3593 mam
951 3500 1050 3593 plane
1074 3500 1115 3568 ab
1135 3501 1174 3567 iis
1189 3496 1313 3583 videri,

276 3635 334 3690 aut
352 3619 432 3713 quid
453 3621 500 3687 rei
522 3635 690 3714 gereretur
711 3621 865 3714 cognosci
887 3632 1005 3710 posset.
1023 3621 1109 3687 Tum
1134 3641 1229 3704 vero,
1250 3615 1314 3684 cla·
1424 3637 1428 3644 ·

276 3764 368 3808 more
388 3739 429 3807 ab
451 3763 488 3808 ea
509 3753 603 3832 parte
621 3738 753 3824 audito,
775 3739 895 3823 nostri,
916 3736 1146 3830 redintegratis
1167 3736 1314 3820 viribus,

280 3857 366 3951 quod
376 3855 571 3951 plerumque
581 3859 615 3925 in
625 3857 836 3950 spevictoriae
845 3856 995 3925 accidere
1004 3857 1192 3944 consucvit,
1205 3855 1313 3924 acrius

282 3980 472 4072 impugnare
493 3989 675 4069 coeperunt.
697 3979 815 4046 llostcs
843 3975 987 4069 undique
1005 3975 1236 4064 circumventi,
1261 3974 1316 4042 dc-
