3060 4768
531 391 581 446 ns
604 390 722 447 ennio
744 390 987 446 uisrsuuusi.
1188 375 1263 466 '295

242 518 321 586 lium
333 515 493 585 conficere
504 530 646 608 possent.
666 519 742 584 Haec
760 538 853 584 mora
872 514 1078 596 adversarios¹
1091 511 1265 584 alacriores

242 635 402 704 efficiebat
413 685 422 721 ,
432 637 567 704 Cusurb
580 635 689 727 copias
703 635 820 703 timore
839 633 987 728 impediri
1006 632 1047 701 ad
1060 633 1265 702 committen-

241 753 320 822 dum
335 752 496 846 prcelium.
519 756 568 822 Ita
585 737 619 821 se
635 753 822 841 efferentes,
840 747 954 845 iniquo
969 751 1041 820 loeo
1059 753 1108 820 sui
1122 767 1265 846 potesta·

242 887 307 940 tem
326 872 504 958 faciebant,
520 887 555 940 ut
571 897 690 965 magno
704 888 813 941 tamen
826 870 972 964 periculo
986 895 1133 940 accessus
1149 895 1262 940 eorum

242 991 427 1060 baberetur.
446 993 508 1058 Hic
525 991 698 1060 decumani
719 1015 815 1060 suum
827 989 955 1077 locum,
976 1015 1079 1060 cornu
1094 990 1264 1076 dextrum,

243 1113 414 1197 tenebant,
434 1113 601 1180 sinistrum
620 1135 659 1180 ιιι
680 1127 750 1179 etv
770 1109 871 1204 legio,
891 1112 1032 1204 itemque
1050 1125 1158 1179 cetera
1172 1113 1264 1179 nusi·
1335 1148 1338 1158 ι

189 1284 193 1290 .
242 1231 304 1318 lia,
321 1247 354 1300 et
372 1233 545 1323 equitatus.
564 1229 734 1313 Proelium,
751 1227 894 1298 clamore
910 1229 1015 1314 facto,
1034 1231 1261 1300 committitur.

288 1354 411 1420 xxxi.
421 1353 482 1418 Hic
495 1351 555 1419 etsi
569 1349 688 1418 virtute
701 1349 801 1417 nostri
817 1349 1070 1432 antecedebant,
1086 1350 1262 1420 adversarii

242 1494 307 1537 see
331 1466 402 1538 loco
424 1471 589 1562 superiore
607 1465 823 1536 defendebant
842 1470 1015 1552 acerrime,
1033 1483 1066 1536 ct
1088 1469 1262 1538 vehemens

242 1588 339 1656 fiebat
358 1590 399 1656 ab
415 1591 559 1681 utrisque
575 1586 713 1672 clamor,
732 1585 935 1678 telorumque
952 1587 1053 1656 missu
1070 1611 1263 1673 concursus,

241 1708 305 1792 sic,
334 1720 370 1774 ut
391 1730 494 1799 prope
521 1707 624 1773 nostri
652 1703 837 1774 diffiderent
867 1706 1008 1774 victorias
1035 1731 1043 1772 :
1072 1730 1263 1798 congressus

241 1827 329 1894 enim
343 1839 376 1893 et
388 1822 530 1910 clamor,
546 1826 664 1916 quibus
681 1824 777 1892 rebus
794 1825 933 1892 maxime
950 1824 1058 1892 hostes
1073 1839 1264 1892 conterren-

243 1959 316 2027 tur,
332 1943 365 2010 in
378 1941 500 2012 collatu
516 1945 587 2036 pari
607 1961 701 2012 erant
720 1942 918 2012 conditione.
936 1947 1051 2034 ltaque
1066 1969 1104 2010 ex
1125 1959 1265 2036 utroque

242 2086 359 2155 genere
372 2087 503 2156 pugnae,
514 2057 616 2154 quum
628 2087 740 2156 parem
758 2063 912 2131 virtutem
925 2061 966 2130 ad
981 2059 1170 2130 bellandum
1185 2085 1264 2130 cou-

241 2181 412 2264 tulissent‚
432 2179 573 2275 pilorum
592 2183 692 2250 missu
710 2181 774 2250 fixa
792 2179 978 2250 cumulatur
996 2196 1028 2250 et
1047 2157 1191 2251 concidit
1207 2182 1265 2250 ad·

241 2303 457 2370 versariorum
470 2300 657 2370 multitudo.
675 2303 835 2370 Dextrum
856 2300 1152 2370 demonstravimus
1167 2301 1264 2370 decu-

242 2445 355 2488 manos
372 2445 476 2490 cornu
496 2422 656 2490 tenuisse:
678 2423 734 2514 qui
753 2421 812 2488 etsi
828 2435 921 2488 erant
940 2423 1051 2514 pauci,
1063 2437 1169 2490 tamen
1187 2446 1262 2514 pro·

241 2555 315 2632 pter
339 2543 495 2609 virtutem
515 2565 634 2634 magno
655 2537 857 2607 adversarios
884 2540 1001 2606 timore
1025 2563 1137 2608 eorum
1164 2565 1265 2632 opere

241 2659 440 2742 afficiebant,
460 2657 581 2748 quoda
599 2680 659 2724 suo
676 2653 748 2722 loco
773 2657 882 2724 hostes
898 2655 1107 2724 vehementer
1118 2683 1264 2750 premere

241 2787 408 2866 coeperunt
420 2823 429 2859 ,
440 2788 477 2840 ut
494 2772 535 2840 ad
555 2772 755 2860 subsidium,
775 2797 815 2840 ne
831 2775 873 2840 ab
888 2773 989 2842 latere
1005 2779 1107 2843 nostri
1126 2801 1265 2870 occupa-

241 2905 331 2978 rent,
355 2889 441 2984 legio
460 2890 719 2960 adversariorum
739 2891 905 2960 transduci
933 2909 1036 2985 coepta
1063 2895 1105 2962 sit
1125 2893 1164 2961 ad
1185 2895 1264 2964 dex·

242 3025 341 3078 trum
361 3008 446 3104 Quae
465 3008 561 3078 simul
579 3023 628 3078 est
645 2989 747 3093 mota,
766 3011 929 3102 equitatus
943 3014 1078 3080 Caesaris
1095 3014 1263 3082 sinistrum

241 3153 344 3199 cornu
364 3151 510 3220 premere
526 3129 632 3220 coepit.
655 3129 736 3196 Atii
762 3129 880 3197 eximia
901 3131 1022 3198 virtute
1038 3130 1189 3224 proelium
1212 3133 1262 3202 fa-

241 3270 315 3314 cere
334 3247 517 3339 incipiunt,
537 3261 574 3314 ut
591 3246 682 3314 locus
704 3248 737 3314 in
757 3247 826 3316 acie
846 3247 888 3315 ad
913 3249 1093 3318 subsidium
1112 3253 1263 3321 veniendi

242 3389 308 3434 non
330 3365 473 3434 duretur.
495 3371 543 3436 lta
558 3389 660 3457 quum
677 3363 812 3434 clamori
832 3381 915 3434 esset
935 3369 1142 3438 intermixtus
1159 3373 1263 3464 gemi-

243 3499 312 3569 tus,
339 3482 588 3578 gladiorumque
611 3485 754 3576 crepitus
774 3485 906 3554 auribus
923 3485 1071 3573 oblatus,
1095 3488 1264 3582 imperito·

242 3629 316 3672 rum
345 3618 471 3672 mentes
499 3605 615 3672 timore
642 3602 868 3696 praepediebat.
896 3605 973 3690 Hic,
992 3618 1029 3673 ut
1053 3607 1099 3673 ait
1118 3608 1265 3694 Ennius,

243 3747 324 3814 apes
343 3723 424 3816 pede
449 3725 627 3814 premitur,
655 3723 754 3791 armis
779 3737 930 3790 teruntur
952 3747 1092 3806 urma,»
1115 3724 1266 3794 adversa·

243 3840 373 3931 riosque
400 3841 681 3910 vehementissime
708 3856 890 3936 pugnantes
914 3843 1016 3914 nostri
1042 3868 1137 3938 agere
1162 3857 1266 3937 coep'e-
1313 3888 1317 3896 ,

244 3959 464 4049 ruut3quibus
477 3959 635 4050 oppidum
652 3961 713 4028 fuit
727 3960 881 4030 subsidio.
901 3964 950 4030 Ita
967 3963 1044 4054 ipsis
1059 3961 1265 4032 Liberalibus
