3048 4770
198 335 204 342 “
299 362 335 418 3η
457 361 487 416 c.
511 359 608 416 suun
628 359 790 414 cmsnnrs
812 357 1178 414 commumnronun

298 486 378 554 tium
396 483 510 578 populi
527 483 656 552 romani
673 483 735 550 sibi
752 495 949 552 ornamento
965 496 998 550 et
1014 481 1181 574 praesidio,
1201 505 1267 550 non
1287 482 1339 554 de·

297 604 455 672 trimento
480 627 549 672 esse
576 617 746 695 oportere;
765 602 864 695 idque
880 623 915 669 se
936 625 975 668 ea
996 625 1054 693 spe
1076 601 1206 693 petisse.
1225 602 1260 668 si
1279 625 1337 693 per

297 722 460 817 populum
484 746 661 790 romanum
681 720 883 815 stipendium
909 721 1113 806 remittatur,
1139 734 1173 787 et
1198 719 1337 788 dedititii

297 841 551 928 subtrahantur,
573 867 640 910 non
659 841 771 910 minus
790 838 930 908 libenter
948 863 1017 907 sese
1034 852 1266 906 recusaturum
1280 863 1339 930 po·

297 960 369 1054 puli
386 963 515 1029 romani
533 962 725 1049 amicitiam,
746 984 846 1053 quam
868 959 1052 1053 appetierit.
1067 958 1169 1046 Quod
1188 956 1340 1026 multitu-

299 1080 411 1148 dinem
438 1085 684 1150 Germanorum
709 1083 744 1148 in
768 1079 913 1150 Galliam
940 1076 1145 1164 transducat,
1171 1076 1206 1144 id
1229 1103 1264 1146 se
1289 1080 1339 1145 sui

297 1198 485 1286 muniendi,
505 1224 573 1268 non
593 1197 710 1268 Galliae
738 1199 970 1294 impugnandae
987 1222 1085 1266 causa
1110 1197 1216 1265 facere
1238 1223 1246 1264 :
1268 1197 1339 1289 ejus

298 1321 345 1387 rei
365 1321 592 1388 testimonium
613 1345 700 1407 esse,
719 1319 822 1413 quod,
841 1321 905 1388 nisi
927 1333 1080 1411 rogatus,
1101 1342 1169 1386 non
1193 1318 1338 1401 venerit,

299 1453 332 1507 et
346 1438 436 1532 quod
452 1437 577 1508 bellum
594 1461 660 1507 non
675 1438 839 1523 intulerit,
854 1437 911 1507 sed
923 1437 1117 1507 defenderit.
1134 1439 1175 1504 Se
1192 1438 1284 1529 prius
1304 1437 1338 1502 in

297 1557 441 1627 Galliam
467 1560 611 1646 venisse,
638 1583 737 1650 quam
759 1557 920 1652 populum
948 1581 1134 1624 romanum.
1156 1556 1337 1647 Nunquam

298 1679 456 1748 antehoc
481 1695 610 1772 tempus
628 1679 812 1747 exercitum
835 1675 951 1772 populi
971 1677 1101 1744 romani
1121 1672 1238 1744 Galliae
1259 1699 1339 1768 pro·

298 1799 414 1867 vinciae
427 1798 507 1868 lines
518 1799 719 1893 adgressum.
732 1797 825 1888 Quid
842 1797 904 1866 sibi
917 1794 1036 1865 vellet?
1049 1811 1108 1863 cur
1121 1797 1247 1863 insuas
1261 1818 1339 1886 pos·

299 1919 457 1987 sessiones
479 1917 624 1987 veniret?
643 1918 848 2011 provinciam
869 1941 961 1986 suam
982 1939 1051 1984 esse
1070 1915 1157 1983 hanc
1178 1913 1338 2001 Galliam,

297 2037 382 2105 sicut
401 2035 490 2106 illam
516 2053 672 2106 nostram.
691 2040 737 2106 Ut
756 2039 823 2130 ipsi
844 2036 981 2106 concedi
1007 2061 1074 2104 non
1100 2049 1285 2128 oporteret,
1311 2035 1338 2102 si

299 2158 332 2223 in
351 2170 482 2225 nostros
499 2156 581 2225 fines
601 2159 762 2250 impetum
780 2156 915 2241 laceret,
939 2157 986 2223 sic
1011 2157 1088 2223 item
1109 2179 1256 2222 noscsse
1274 2154 1338 2220 ini·

298 2299 397 2368 quos,
418 2277 476 2367 qui
498 2277 532 2343 in
552 2300 611 2344 suo
626 2277 702 2369 jure
721 2301 755 2344 se
777 2273 1071 2369 interpellaremus.
1098 2273 1199 2362 Quod
1219 2273 1339 2341 fratres

298 2418 318 2461 a
336 2407 452 2462 senatu
473 2394 596 2463 AEduos
618 2392 799 2488 appellatos
824 2394 962 2480 diceret,
989 2417 1056 2461 non
1076 2418 1110 2462 se
1131 2409 1198 2460 tam
1219 2393 1339 2460 barba-

298 2537 391 2600 rum,
409 2537 516 2606 neque
536 2527 601 2581 tarn
622 2515 810 2609 imperitum
835 2539 903 2582 esse
922 2537 1048 2599 rerum,
1073 2528 1111 2580 ut
1132 2537 1199 2580 non
1220 2513 1337 2598 sciret,

298 2657 406 2726 neque
422 2631 509 2702 bello
526 2631 743 2727 Allobrogum
759 2634 911 2732 proximo
928 2633 1050 2701 AEduos
1068 2633 1227 2701 Romanis
1244 2638 1339 2702 auxi·

298 2750 381 2820 lium
406 2750 543 2840 tulisse,
563 2778 670 2846 neque
696 2755 783 2846 ipsos
808 2755 841 2820 in
868 2753 919 2820 his
946 2753 1229 2842 contentionibus,
1255 2779 1340 2848 quas

297 2871 395 2940 AEdui
409 2898 522 2943 secum
539 2887 573 2940 et
591 2896 666 2940 curn
685 2875 844 2966 Sequanis
859 2872 1065 2956 habuissent,
1082 2872 1204 2940 auxilio
1221 2870 1340 2966 populi
1438 2951 1440 2954 ¹

298 2992 425 3058 romani
450 3016 524 3061 usos
546 3017 624 3061 esse.
649 2992 778 3082 Debere
796 3017 829 3060 se
852 2993 1026 3085 suspicari,
1053 2991 1206 3060 simulata
1227 2993 1339 3060 Caesa-

298 3131 368 3179 rcm
388 3113 547 3200 amicitia,
564 3113 654 3205 quod
671 3113 850 3181 exercitum
872 3114 906 3180 in
925 3108 1035 3181 Gallia
1051 3111 1185 3199 habeat,
1207 3111 1258 3180 sui
1279 3139 1341 3209 op-

298 3231 462 3324 primendi
482 3255 580 3300 causa
600 3232 730 3302 habere.
747 3233 817 3321 Qui
836 3233 899 3298 nisi
919 3230 1073 3318 decedat,
1092 3247 1192 3324 atque
1213 3238 1341 3303 exerci-

298 3371 369 3417 tum
396 3348 538 3418 deducat
564 3375 604 3418 ex
634 3351 686 3418 his
714 3351 924 3444 regionibus,
953 3375 1023 3420 sese
1052 3348 1147 3419 illum
1177 3377 1245 3420 non
1277 3379 1341 3447 pro

298 3471 420 3558 amico,
439 3469 496 3537 sed
521 3494 581 3563 pro
599 3471 693 3539 hoste
713 3469 905 3538 habiturum
923 3496 931 3538 :
949 3470 1040 3564 quod
1058 3472 1085 3539 si
1105 3495 1180 3539 eum
1202 3472 1341 3544 interfe-
1384 3440 1387 3456 .

297 3591 394 3677 cerit,
420 3589 533 3658 multis
559 3615 629 3659 sese
650 3588 816 3659 nobilibus
847 3591 1118 3686 principibusque
1142 3592 1257 3686 populi
1281 3621 1339 3663 ro-

296 3733 387 3778 mam
409 3724 540 3804 gratum
563 3735 631 3779 esse
652 3710 818 3780 facturum
842 3735 849 3776 :
872 3711 905 3778 id
928 3733 962 3776 se
983 3709 1024 3775 ab
1046 3711 1125 3803 ipsis
1142 3735 1201 3803 per
1220 3739 1340 3784 eorum

297 3853 436 3897 nuncios
462 3843 668 3924 compertum
693 3829 828 3916 babere,
855 3855 997 3924 quorum
1025 3833 1175 3900 omnium
1196 3837 1339 3926 gratiam

298 3962 396 4041 atque
410 3949 590 4018 amicitiam
603 3949 673 4044 ejus
688 3963 794 4019 morte
810 3949 974 4020 redimere
988 3966 1105 4046 posset.
1125 3952 1266 4040 Quodsi
1283 3953 1341 4022 de-
