3048 4770
482 369 534 424 DE
553 369 674 432 BELLO
696 369 862 426 GALLICO
883 369 952 423 Llss.
969 369 1006 422 11.
1222 363 1257 435 57

228 489 305 575 mis,
330 515 398 559 non
425 507 574 585 possent3
596 492 658 562 sibi
683 507 854 586 preestare,
876 493 903 559 si
924 493 960 558 in
984 514 1060 559 eum
1080 513 1191 558 casum
1211 488 1268 557 de·

230 608 448 697 ducerentur,
469 612 618 703 quamvis
644 611 811 681 fortunam
837 635 856 678 a
876 607 1002 704 populo
1022 631 1160 678 romano
1181 610 1267 702 pati,

230 752 332 820 quam
357 728 398 796 ab
415 727 468 796 his
490 753 549 822 per
569 731 752 800 cruciatum
776 727 931 815 interfici,
952 729 1038 796 inter
1057 751 1142 820 quos
1163 727 1269 794 domi-

232 848 305 948 nsp'
324 864 578 918 consuessent.»

282 965 421 1036 XXXII.
448 968 500 1039 Ad
520 969 590 1038 haec
609 972 719 1040 Caesar
738 969 909 1064 respondit
933 995 941 1037 ε
968 999 984 1034 s
1003 971 1046 1038 Se
1066 967 1170 1060 magis
1190 989 1271 1034 con·

236 1084 410 1156 suetudine
435 1111 512 1174 sua,
529 1112 630 1181 quam
654 1090 775 1158 merito
793 1113 925 1176 eorum,
946 1067 1119 1157 civitatem*
1136 1109 1270 1155 conser-

234 1219 409 1293 vaturum,
431 1207 475 1295 si,
496 1208 692 1302 priusquam
711 1212 796 1280 aries
816 1233 950 1280 murum
968 1209 1145 1302 attigisset,
1163 1230 1198 1276 se
1215 1204 1273 1273 de·

235 1322 396 1394 didissent
415 1349 423 1391 :
446 1325 505 1394 sed
524 1326 701 1399 deditionis
720 1328 847 1398 nullam
864 1354 934 1399 esse
953 1329 1192 1418 conditionem,
1209 1329 1273 1396 nisi

238 1443 338 1512 armis
355 1443 501 1532 traditis3
514 1471 548 1514 se
561 1446 611 1534 id,
625 1447 716 1542 quod
729 1448 763 1516 in
782 1449 915 1520 Nerviis
930 1447 1073 1537 lecisset,
1087 1447 1273 1535 lucturum,

237 1563 452 1658 finitimisque
469 1565 727 1661 imperaturum,
743 1592 786 1637 ne
802 1592 905 1660 quam
919 1567 1077 1636 dedititiis
1093 1567 1208 1662 populi
1222 1593 1274 1636 ro-

238 1685 327 1752 mani
353 1685 510 1777 injurium
538 1686 743 1755 inferrent.»
772 1689 822 1756 Re
845 1687 998 1755 nuntiata
1022 1686 1064 1754 ad
1086 1709 1179 1770 suos,
1201 1711 1275 1778 quae

238 1805 492 1898 imperarentur,
513 1805 620 1874 lacere
639 1804 806 1875 dixerunt.
827 1808 1007 1876 Armorum
1023 1828 1143 1898 magna
1163 1802 1274 1872 multi·

239 1922 354 1993 tudine
387 1923 428 1991 de
456 1948 553 1994 muro
576 1926 612 1992 in
635 1925 776 2012 fossum,
800 1949 873 2019 quae
900 1939 971 1994 erat
995 1937 1073 1993 ante
1096 1923 1274 2018 oppidum,

236 2043 341 2134 jactu,
362 2043 410 2112 sie
429 2057 467 2112 ut
486 2069 591 2139 prope
617 2069 781 2114 summam
801 2045 888 2113 muri
914 2046 1108 2139 aggerisque
1127 2043 1276 2113 altitudi-

240 2185 315 2230 nem
330 2165 440 2232 ocervi
455 2188 626 2237 armorum
639 2163 867 2257 adaequarent3
878 2178 1030 2233 ettamen
1040 2165 1172 2234 circiter
1183 2177 1276 2258 parte

241 2283 354 2371 tertia,
369 2297 408 2350 ut
424 2298 540 2378 postea
557 2298 769 2378 perspectum
785 2296 849 2370 est,
867 2281 971 2352 celata
987 2297 1086 2376 utque
1100 2283 1142 2350 in
1152 2282 1277 2377 oppido

241 2413 366 2472 retenta
383 2427 391 2470 :
410 2404 515 2497 portis
533 2403 718 2498 patefactis,
736 2427 776 2474 eo
793 2402 846 2471 die
864 2427 943 2496 pace
959 2405 1114 2472 suntusi.

286 2523 443 2604 XXXIII.
473 2523 542 2592 Sub
570 2547 744 2618 vesperum
771 2525 881 2592 Caesar
906 2538 1018 2617 portas
1041 2521 1165 2608 claudi,
1190 2521 1277 2589 mili-

241 2655 357 2732 tesque
379 2665 420 2714 ex
439 2640 564 2735 oppido
576 2644 666 2714 exire
685 2621 800 2736 jussit,
823 2666 865 2710 ne
884 2665 985 2734 quam
1000 2656 1101 2709 noctu
1120 2639 1277 2733 oppidani

242 2783 261 2828 a
280 2756 440 2828 militibus
463 2761 619 2852 injuriam
640 2762 838 2854 acciperent.
859 2757 929 2845 Illi,
949 2773 1026 2828 ante
1049 2760 1148 2843 inito,
1169 2773 1206 2827 ut
1228 2759 1278 2826 in·

242 2878 413 2949 tellectum
439 2895 503 2967 est,
529 2878 684 2969 coneilio,
705 2879 810 2974 quod,
836 2878 1006 2948 deditione
1028 2877 1129 2964 facta,
1149 2894 1279 2948 nostros

243 2999 394 3094 praesidia
412 3024 479 3068 non
498 2998 706 3086 inducturos,
727 3013 784 3068 aut
804 2997 947 3091 denique
968 2996 1193 3094 indiligentius
1213 3024 1279 3068 ser·

244 3133 377 3188 vaturos
399 3118 621 3206 crediderant,
646 3121 766 3213 partim
791 3143 867 3187 cum
891 3119 959 3203 his,
981 3143 1052 3210 quae
1076 3095 1280 3188 retinuerdnt

244 3253 277 3308 et
305 3237 506 3326 celaverant,
536 3239 652 3324 armis;
681 3238 803 3331 partim
829 3239 929 3308 scutis
954 3263 994 3306 ex
1021 3240 1142 3306 cortice
1171 3215 1280 3322 factis,

245 3373 302 3428 aut
317 3359 496 3427 viminibus
511 3359 666 3442 intextis,
682 3383 755 3450 quae
771 3357 901 3443 subito,
922 3372 960 3424 ut
979 3359 1138 3451 temporis
1156 3358 1282 3451 exigui-

246 3493 295 3548 tas
320 3476 524 3574 postulabat,
544 3474 686 3571 pellibus
709 3476 925 3562 induxerant,
944 3477 1041 3545 tertia
1065 3473 1191 3572 vigilia,
1215 3501 1282 3569 qua

247 3599 382 3666 minime
400 3596 523 3666 arduus
541 3595 584 3666 ad
608 3610 737 3666 nostras
757 3597 956 3665 munitiones
975 3619 1129 3664 ascensus
1151 3594 1283 3665 videba-

248 3732 318 3802 tur,
335 3717 489 3787 omnibus
504 3717 609 3812 copiis
626 3729 763 3809 repente
778 3740 819 3783 rx
834 3713 959 3808 oppido
975 3715 1183 3808 eruptionem
1201 3714 1284 3783 fece-

248 3851 336 3907 runt.
354 3835 528 3926 Celeriter,
546 3852 584 3906 ut
598 3851 680 3904 unte
698 3839 809 3905 Caesnr
828 3839 1067 3929 imperaverat,
1087 3834 1220 3930 ignibus
1240 3836 1283 3903 si·

247 3957 457 4051 gnifieetione
470 3957 571 4046 lacta,
585 3981 625 4024 ex
638 3955 795 4050 proximis
808 3953 946 4026 castellis
959 3981 998 4024 eo
1010 3979 1207 4024 concursum
1219 3971 1283 4044 est;
