3096 4762
316 339 349 394 16
468 338 498 393 C.
520 339 618 394 JULII
639 340 802 398 cAEsnnts
822 339 1194 395 COMMENTARIORUM

311 463 431 556 pridie,
451 465 676 557 superioribus
695 463 773 534 locis
790 465 979 556 occupatis,
997 460 1152 556 proelium
1170 489 1238 532 non
1257 489 1347 532 com·

313 583 492 670 misissent,
508 584 576 650 sive
592 608 647 670 eo,
663 583 753 676 quod
770 608 806 650 re
824 583 1041 651 frumentaria
1058 581 1234 650 intercludi
1252 607 1347 676 posse

311 700 531 786 confiderent,
548 717 752 771 commutato
772 699 909 770 consilio
925 715 1024 794 atque
1039 702 1157 769 itinere
1171 724 1345 786 converso,

309 835 441 889 nostros
467 821 682 890 auarissimo
705 822 837 915 agmine
864 822 991 913 insequi
1006 843 1044 889 ac
1064 817 1221 890 lacessere
1239 847 1345 915 coepe·

303 954 398 1008 runt.

356 1061 479 1129 XXIV.
506 1064 686 1151 Postquam
712 1059 747 1128 id
769 1061 916 1130 animum
949 1061 1110 1147 advertit,
1133 1061 1245 1154 copias
1271 1086 1345 1130 suas

308 1181 420 1247 Caesar
436 1180 469 1246 in
485 1181 673 1272 proximum
687 1177 805 1248 collem
823 1180 993 1266 subducit,
1009 1181 1273 1272 equitatumque,
1286 1184 1343 1273 qui

308 1301 487 1368 sustineret
499 1301 646 1368 hostium
662 1313 837 1392 impetum,
851 1300 950 1368 misit.
968 1300 1043 1392 Ipse
1058 1299 1191 1368 interim
1209 1301 1242 1368 in
1259 1298 1344 1367 colle

308 1419 417 1489 medio
434 1418 596 1513 triplicem
628 1419 732 1488 aciem
747 1418 903 1486 instruxit
916 1417 1083 1512 legionum
1100 1433 1243 1511 quatuor
1257 1435 1345 1488 vete·

308 1561 483 1624 ranarum,
505 1540 568 1626 ita,
581 1539 630 1606 uti
647 1561 747 1631 supra
760 1562 793 1605 se
804 1539 837 1606 in
859 1561 989 1605 summo
996 1537 1079 1632 jugo
1089 1537 1169 1606 duas
1182 1536 1342 1632 legiones,

308 1659 437 1751 quasin
453 1657 564 1728 Gallia
581 1659 733 1728 citeriore
748 1657 899 1752 proxime
913 1657 1167 1750 conscripserat,
1184 1673 1217 1727 et
1231 1661 1343 1728 omnia

307 1776 428 1846 auxilia
456 1776 651 1862 collocaret,
676 1802 715 1846 ac
735 1791 844 1844 totum
868 1789 1015 1846 muntem
1037 1775 1228 1848 huminibus
1254 1803 1343 1848 com·

308 1894 407 1988 pleri,
437 1911 469 1964 et
489 1898 614 1965 interca
634 1896 778 1969 sarcinas
801 1897 835 1963 in
862 1921 966 1964 unum
995 1895 1104 1967 locum
1129 1899 1288 1985 conferri,
1311 1917 1343 1968 et

307 2041 384 2084 eum
402 2015 443 2083 ab
457 2016 530 2103 his,
547 2016 604 2109 qui
627 2017 674 2083 in·
682 2016 851 2109 superiore
870 2017 940 2084 acie
965 2017 1195 2103 constiterant,
1219 2020 1343 2086 muniri

304 2135 412 2228 jussit.
441 2133 599 2223 Helvetii,
618 2159 695 2203 cum
716 2135 870 2204 omnibus
896 2135 963 2202 suis
982 2136 1084 2202 carris
1101 2139 1218 2224 secuti,
1238 2139 1343 2230 impe-

306 2253 453 2324 dimenta
467 2257 501 2322 in
512 2279 615 2323 unum
629 2252 738 2324 locum
752 2251 969 2323 contulerunt
983 2279 990 2320 :
1008 2255 1085 2346 ipsi,
1101 2255 1341 2326 confertissima

307 2377 378 2444 acie
397 2375 522 2468 rejecto
550 2388 665 2444 nostro
685 2375 852 2468 equitatu,
876 2373 1039 2468 phalange
1062 2373 1162 2461 lacta,
1188 2375 1257 2444 sub¹
1276 2379 1342 2470 pri-

306 2519 395 2565 mam
414 2494 680 2564 nostram'aciem
696 2509 934 2562 successerunt.

353 2616 460 2684 XXV.
486 2615 610 2699 Caesar,
631 2613 776 2704 primum
797 2637 872 2697 suo,
890 2613 1008 2682 deinde
1031 2616 1180 2683 omnium
1200 2639 1239 2683 ex
1259 2640 1340 2686 con·

306 2747 426 2828 spectu,
435 2732 570 2802 remotis
582 2731 687 2824 equis,
703 2744 754 2818 ut,
768 2745 896 2824 aequato
908 2733 1057 2801 omnium
1071 2731 1234 2826 periculo,
1250 2759 1339 2827 spem

306 2853 391 2946 fugae
410 2849 558 2936 tolleret,
580 2850 770 2919 cohortatus
790 2875 879 2939 suos,
905 2849 1055 2944 proelium
1080 2853 1255 2920 commisit.
1277 2852 1342 2920 Mi·

306 2970 393 3055 lites,
412 2996 430 3039 e
449 2969 522 3040 loco
540 2971 709 3064 superiore
731 2970 805 3063 pilis
826 2971 953 3058 missis,
979 2970 1073 3039 facile
1093 2971 1237 3040 hostium
1260 2972 1339 3063 pha-

304 3085 436 3185 langem
466 3089 706 3185 perfregerunt.
736 3093 787 3158 Ea
805 3090 961 3183 disjecta,
989 3087 1106 3182 gladiis
1129 3089 1284 3160 districtis
1295 3092 1340 3158 ·in

305 3233 360 3278 eos
378 3211 538 3303 impetum
563 3207 722 3277 fecerunt.
754 3205 874 3278 Gallis
890 3231 1012 3302 magno
1038 3205 1079 3275 ad
1098 3231 1244 3301 pugnam
1269 3225 1341 3278 erat

304 3329 555 3424 impedimento,
573 3327 679 3422 quod,
701 3325 851 3422 pluribus
867 3350 982 3397 eorum
1002 3327 1103 3395 scutis
1121 3350 1189 3396 uno
1205 3327 1273 3396 ictu
1292 3329 1341 3422 pi·

271 3535 274 3542 Ι
304 3448 411 3518 lorum
425 3447 591 3519 transfixis
603 3462 637 3516 et
651 3443 828 3540 colligatis,
841 3471 945 3539 quum
957 3444 1082 3514 ferrum
1098 3471 1132 3514 se
1147 3446 1340 3533 inflexisset,

304 3594 412 3664 neque
428 3565 582 3654 evellere,
597 3591 720 3659 neque,
737 3565 870 3634 sinistra
887 3565 1061 3659 impedita,
1075 3568 1153 3634 satis
1166 3566 1339 3636 commode

304 3713 450 3784 pugnare
464 3699 630 3782 poterant3
647 3681 744 3753 multi
763 3700 816 3769 ut,
829 3683 886 3752 diu
900 3685 1024 3776 jactato
1040 3685 1192 3771 brachio,
1213 3709 1340 3778 preop-

305 3823 412 3876 tarent
428 3820 558 3876 scutum
573 3829 674 3874 manu
689 3805 854 3891 emittere,
871 3817 903 3870 ct
920 3801 1010 3870 nudo
1027 3827 1165 3895 corpore
1179 3827 1338 3896 pugnare.

303 3927 465 4009 Tandem,
484 3924 675 3995 vulneribus
691 3919 822 4010 defessi,
837 3937 872 3990 et
887 3921 1005 4015 pedem
1025 3920 1161 4009 referre,
1178 3938 1231 4008 et,
1252 3926 1339 4017 quod
