3050 4772
270 353 325 416 1710
426 347 456 399 C.
478 345 573 399 JULll
593 343 757 401 CAESAlllS
778 345 1148 403 commilitonum

269 471 417 540 tentibus
432 495 439 536 ι
459 467 549 562 quod
567 471 704 563 propius
718 473 887 540 Romanos
902 471 1107 554 accessisset,
1121 491 1313 563 persuasum

267 589 333 660 loci
355 590 621 683 opportunitate,
642 591 699 682 qui
719 591 874 684 seipsum
892 592 1081 662 munitione
1097 587 1313 658 defenderet:

268 713 420 804 equitum
441 735 521 780 vero
539 733 677 804 operam
700 735 807 804 neque
826 712 860 778 in
882 709 956 780 loco
978 709 1117 806 palustri
1135 708 1314 778 desiderari

268 831 436 920 debuisse,
454 845 489 899 et
507 828 576 898 illic
595 828 695 900 fuisse
718 830 834 902 utilem
855 856 924 926 quo
945 834 1014 900 sint
1039 829 1202 926 profecti:
1223 853 1314 898 sum·

267 975 359 1020 mam
380 950 509 1045 imperii
536 975 571 1016 se
595 949 748 1021 consulto
770 949 854 1020 nulli
874 951 1098 1021 discedentem
1125 949 1314 1034 tradidisse,
1407 1039 1411 1049 .

267 1095 310 1139 ne
328 1072 355 1140 is
376 1070 602 1142 multitudinis
627 1073 737 1142 studio
756 1073 799 1141 ad
820 1071 1048 1141 dimicandum
1072 1068 1315 1163 impelleretur;

222 1203 224 1206 ’
265 1192 320 1259 eui
338 1193 386 1260 roi
407 1207 544 1286 propter
565 1194 668 1262 animi
688 1191 862 1262 mollitiem
884 1192 1018 1260 studere
1036 1215 1151 1260 omnes
1170 1189 1315 1278 videret,

267 1312 360 1406 quod
375 1311 500 1382 diutius
519 1311 667 1384 laborem
682 1312 768 1382 ferre
785 1339 852 1383 non
869 1326 1014 1406 possent.
1033 1311 1176 1380 Romani
1192 1312 1220 1378 si
1238 1337 1315 1382 casu

269 1433 525 1518 intervenerint,
549 1434 706 1520 sortunoe3
731 1434 757 1506 si
777 1431 918 1525 alicujus
941 1430 1065 1499 indicio
1087 1431 1216 1517 vocati,
1237 1431 1316 1501 hulc

269 1552 458 1622 habendam
479 1554 636 1648 gratiam,
659 1553 750 1647 quod
769 1567 803 1620 et
822 1551 1023 1646 paucitatem
1045 1575 1162 1623 eorum
1181 1575 1221 1618 ex
1241 1549 1315 1620 loco
1433 1544 1436 1548 ’

270 1675 441 1767 superiore
462 1697 681 1768 cognoscere,
705 1687 738 1740 et
754 1673 912 1740 virtutem
933 1671 1101 1765 despicere
1125 1673 1315 1764 potuerint,

270 1796 343 1886 qui,
364 1793 523 1862 dimicare
541 1819 609 1862 non
627 1793 716 1878 ausi,
733 1793 875 1886 turpiter
890 1792 974 1861 sein
990 1807 1098 1864 castra
1118 1792 1313 1884 receperint.

271 1918 455 2009 Imperium
477 1939 511 1983 se
530 1941 548 1984 a
570 1919 698 1986 Caesare
716 1937 775 2007 per
796 1913 1018 2007 proditionem
1042 1911 1170 1983 nullum
1190 1911 1316 1982 deside-

272 2059 361 2121 rare,
380 2035 470 2127 quod
486 2035 606 2103 habere
623 2035 761 2103 victoria
777 2050 901 2128 posset,
918 2035 1074 2127 quaejam
1091 2048 1175 2103 esset
1189 2035 1253 2106 sibi
1272 2048 1317 2102 at-

269 2179 337 2246 que
358 2155 512 2222 omnibus
536 2152 642 2228 Gallis
663 2153 861 2248 explorata:
883 2154 1084 2248 quinetiam
1106 2155 1185 2246 ipsis
1206 2154 1318 2224 remit·

271 2287 361 2361 tere,
379 2275 406 2342 si
422 2274 486 2342 sibi
508 2275 612 2368 magis
629 2274 792 2344 honorem
812 2275 975 2362 tribuere,
992 2295 1092 2366 quam
1113 2273 1155 2339 ab
1175 2296 1210 2338 se
1229 2271 1315 2339 salu-

273 2390 1316 2487 temacciperevideantur.Haecutintelligatis,inquit,sincere

271 2537 360 2582 ame
386 2515 615 2608 pronuntiari,
639 2513 752 2582 audite
777 2537 932 2582 romanos
963 2509 1128 2580 milites.»
1157 2512 1317 2581 Producit

270 2659 398 2723 servos,
418 2659 502 2729 quos
523 2635 557 2702 iu
576 2634 789 2728 pabulatione
810 2635 924 2727 paucis
944 2647 1020 2702 ante
1040 2631 1155 2700 diebus
1178 2657 1315 2726 excepe-

270 2769 338 2843 rat,
363 2770 398 2824 et
422 2755 510 2824 fame
534 2753 739 2848 vinculisque
771 2755 1027 2822 excruciaverat.
1055 2754 1115 2840 Hi,
1142 2753 1212 2846 jam
1240 2765 1314 2820 aitte

272 2875 380 2943 edocti
408 2901 482 2968 quae
510 2875 707 2968 interrogati
734 2873 1011 2968 pronuntiarent,
1036 2873 1157 2943 milites
1182 2899 1217 2944 se
1246 2899 1317 2944 esse

275 2993 470 3087 legionarios
483 2994 600 3063 dicunt
610 3021 617 3062 :
629 2994 714 3063 fame
724 3009 757 3062 et
773 2995 884 3087 inopia
900 2993 1074 3083 adductos,
1092 2993 1178 3064 clam
1193 3019 1233 3062 ex
1249 3020 1317 3064 cas·

273 3113 331 3180 tris
349 3113 468 3202 exisse,
490 3115 516 3182 si
532 3114 614 3209 quid
630 3115 788 3183 frumenti
803 3129 861 3181 aut
878 3114 1005 3206 pecoris
1020 3116 1055 3182 in
1069 3116 1158 3208 agris
1171 3115 1318 3209 reperire

272 3245 428 3327 possent:
446 3231 546 3304 simili
562 3257 695 3303 omnem
713 3235 895 3310 exercitum
910 3233 1019 3326 inopia
1039 3235 1162 3327 premi,
1174 3259 1235 3304 nec
1248 3235 1318 3329 jam

273 3353 359 3422 vires
375 3351 525 3422 sufficere
541 3352 712 3447 cuiquam,
729 3379 790 3423 nec
806 3353 892 3422 ferre
905 3354 1015 3447 operis
1034 3353 1182 3424 laborem
1196 3379 1291 3450 posse
1308 3381 1316 3422 :

270 3473 383 3568 itaque
406 3474 560 3542 statuisse
581 3473 831 3567 imperatorem,
855 3476 882 3545 si
902 3473 986 3544 nihil
1009 3477 1043 3543 in
1067 3478 1318 3570 oppugnatione

270 3595 385 3690 oppidi
403 3593 927 3690 profecisset,tr'iduoexercitum
943 3596 1117 3667 deducere.
1131 3601 1250 3686 «Haec,
1269 3599 1318 3665 in-

272 3720 359 3810 quit,
379 3741 398 3786 a
417 3741 485 3800 me,
502 3717 768 3810 Vercingetorix,
788 3715 948 3784 beneficia
964 3714 1107 3802 habetis,
1125 3743 1224 3810 quem
1242 3742 1319 3812 pro·

268 3837 409 3908 ditionis
435 3837 662 3924 insimulatis:
688 3837 781 3930 cujus
805 3859 907 3929 opera
930 3837 1000 3903 sine
1020 3851 1128 3904 vestro
1153 3839 1315 3933 sanguine

273 3971 401 4026 tantum
432 3959 613 4026 exercitum
647 3957 803 4024 victorem
838 3955 923 4024 fame
957 3979 1049 4050 paene
1079 3973 1316 4052 consumptum
