3048 4770
275 374 312 429 28
432 377 462 432 C.
485 378 581 434 JULII
602 375 764 432 CAESARIS
785 327 1150 433 commensuratum

274 504 324 569 Ex
340 525 407 593 quo
421 500 564 594 judicari
581 517 690 595 posset
708 515 870 594 quantum
891 501 1028 569 haberet
1044 502 1080 568 in
1095 527 1129 570 se
1143 504 1220 572 boni
1240 529 1313 573 con·

275 622 415 705 stantia3
434 636 609 714 propterea
629 621 736 715 quod,
759 643 842 714 quos
864 601 1058 713 aliquandiu
1075 623 1218 691 inermos
1242 625 1313 691 sine

277 763 375 808 eausa
393 742 596 829 timuissent,
618 742 679 809 hos
700 756 816 834 postea
835 755 979 809 armatos
997 765 1035 808 ac
1055 741 1198 810 victores
1218 766 1313 835 supe·

277 874 415 930 rassent.
435 861 589 953 Denique
612 860 674 929 hos
696 885 766 930 esse
783 859 930 948 eosdem,
950 860 1149 954 quibuscum
1170 885 1315 954 saepenu·

277 1004 370 1049 mero
388 979 531 1049 Helvetii
552 981 738 1075 congressi,
762 1005 830 1048 non
853 979 960 1049 solum
984 981 1020 1048 in
1032 979 1115 1066 suis,
1139 978 1315 1048 sedetiam

277 1103 312 1168 in
342 1098 477 1168 illorum
503 1099 644 1188 finibus,
670 1098 865 1194 plerumque
890 1099 1091 1193 superarint,
1119 1099 1177 1191 qui
1203 1113 1315 1167 tamen

278 1243 373 1312 pares
395 1243 464 1288 esse
483 1235 614 1288 nostros
636 1221 782 1288 exercitu
803 1245 870 1287 non
898 1218 1078 1312 potuerint.
1101 1219 1135 1284 Si
1156 1241 1238 1310 quos
1258 1216 1316 1284 ad-

278 1362 410 1406 versum
433 1336 587 1432 proelium
610 1353 643 1407 et
667 1337 747 1433 fuga
770 1336 944 1406 Gallorum
970 1349 1212 1423 commoveret,
1240 1336 1315 1423 hos,

280 1459 307 1526 ai
327 1473 535 1551 quaererent,
562 1460 706 1553 reperire
726 1482 835 1551 posse,
858 1456 1077 1525 diuturnitate
1099 1453 1178 1524 belli
1202 1455 1317 1524 defati-

281 1577 364 1670 gatis
387 1575 509 1662 Gallis,
532 1577 749 1665 Ariovistum,
774 1601 875 1669 quum
903 1573 1026 1645 multos
1049 1601 1176 1644 menses
1202 1577 1316 1644 castris

282 1720 316 1765 se
331 1721 370 1764 ac
386 1695 563 1789 paludibus
584 1697 759 1783 tenuisset,
771 1720 878 1788 neque
892 1697 943 1764 sui
958 1709 1156 1788 potestatem
1173 1695 1316 1780 fecisset,

282 1815 493 1908 desperantes
511 1817 580 1909 jam
601 1815 768 1908 depugna
790 1830 827 1892 et¹
839 1815 1003 1908 dispersos
1023 1816 1134 1883 subito
1150 1815 1316 1902 adortum,

282 1937 386 2028 magis
403 1935 529 2003 ratione
550 1950 584 2003 et
602 1933 754 2022 consilio,
771 1960 870 2028 quam
888 1937 1026 2021 virtute,
1042 1937 1167 2004 vicisse.
1186 1937 1250 2006 Cui
1268 1962 1319 2004 ra·

281 2054 366 2120 tioni
395 2067 511 2121 contra
537 2054 687 2122 homines
713 2053 871 2122 barbaros
897 2067 997 2146 atque
1029 2054 1200 2145 imperitos
1229 2053 1319 2122 locus

282 2171 415 2258 fuisset,
436 2172 499 2241 hac
520 2197 563 2242 ne
581 2173 689 2266 ipsum
709 2171 843 2266 quidem
864 2196 1012 2266 sperare,
1038 2186 1169 2240 nostros
1194 2173 1317 2241 exerci-

284 2305 337 2359 tus
356 2293 430 2385 capi
452 2316 556 2384 posse.
580 2293 648 2379 Qui
669 2317 766 2360 suum
789 2293 941 2360 timorem
967 2291 1002 2358 in
1023 2293 1071 2360 rei
1096 2290 1319 2360 frumentariae

283 2409 547 2495 simulationem,
566 2413 800 2506 angustiasque
820 2411 974 2479 itinerum
992 2409 1195 2497 conferrent,
1211 2409 1320 2478 facere

283 2544 491 2624 arroganter,
512 2555 615 2624 quum
635 2545 694 2599 aut
713 2530 753 2598 de
768 2530 883 2626 ¹officio
903 2530 1110 2622 imperatoris
1131 2529 1318 2622 desperare,

283 2664 340 2718 aut
356 2651 566 2743 praescribere
582 2650 781 2719 viderentur.
799 2654 877 2719 Haec
894 2649 956 2718 sibi
972 2673 1040 2718 esse
1054 2673 1161 2718 cura:
1176 2650 1321 2718 frumen-

212 2845 215 2852 ,
284 2786 354 2840 tum
368 2775 555 2866 Sequanos,
571 2775 713 2858 Leucos,
726 2773 892 2864 Lingonas
905 2770 1172 2856 subministrare;
1186 2771 1321 2863 jamque

283 2915 352 2960 esse
362 2893 395 2958 in
408 2895 495 2986 agris
506 2893 672 2961 frumenta
682 2904 810 2959 matura
825 2915 832 2957 :
844 2889 884 2958 de
895 2891 1013 2958 itinere
1018 2943 1029 2974 ,
1042 2892 1129 2982 ipsos
1141 2890 1233 2958 brevi
1244 2905 1322 2958 tem·

284 3034 364 3102 pore
379 3010 593 3102 judicaturos.
609 3010 711 3098 Quod
727 3034 794 3077 non
812 3009 881 3077 fore
893 3009 985 3076 dicto
998 3007 1167 3076 audientes
1183 3007 1320 3094 milites,

285 3152 390 3220 neque
409 3129 501 3222 signa
517 3128 616 3198 laturi
638 3129 810 3216 dieantur,
826 3124 908 3196 nihil
927 3152 960 3194 se
978 3151 1015 3194 ea
1035 3151 1072 3194 re
1091 3130 1292 3195 commoveri
1313 3153 1320 3194 :

284 3248 366 3314 scire
388 3248 495 3333 enim,
520 3250 770 3342 quibuscunque
794 3249 956 3318 exercitus
979 3245 1069 3315 dicto
1093 3245 1229 3314 audiens
1253 3272 1322 3313 non

284 3367 398 3454 fuerit,
415 3383 487 3454 aut,
502 3365 587 3436 male
600 3394 636 3436 re
650 3383 755 3462 gesta,
769 3368 935 3436 fortunam
952 3367 1107 3451 defuisse3
1124 3381 1195 3453 aut,
1210 3363 1322 3457 aliquo

285 3486 429 3554 facinore
440 3501 629 3579 comperto,
640 3487 812 3554 avaritiam
825 3489 1103 3556 esseconvietam.
1119 3489 1218 3554 Suam
1232 3486 1323 3552 inno-

285 3608 428 3675 centiam
442 3623 602 3701 perpetua
618 3609 699 3693 vita,
713 3606 903 3676 felicitatem
912 3606 1140 3676 Helvetiorum
1150 3604 1238 3675 bello
1254 3629 1324 3672 esse

285 3741 505 3820 perspectam·
516 3729 632 3820 ltaque
642 3752 695 3812 se,
707 3727 796 3820 quod
809 3727 843 3795 in
852 3725 1035 3822 longiorem
1046 3725 1131 3793 diem
1144 3721 1324 3792 collaturus

285 3860 385 3929 esset,
407 3862 741 3940 repraesentaturum,
759 3863 793 3916 et
809 3849 959 3942 proxima
975 3861 1071 3915 nocte
1088 3844 1129 3912 dc
1146 3857 1264 3936 quarta
1278 3843 1325 3908 vi-

288 3963 366 4058 gilia
376 3979 482 4035 castra
495 3982 675 4053 moturum,
685 3982 722 4035 ut
734 3993 831 4059 quam
848 3967 990 4060 primum
1004 3963 1185 4059 intelligere
1195 3976 1324 4056 posset,
