3062 4766
262 390 315 446 186
428 392 458 446 C.
482 391 579 446 JULll
600 390 762 447 CAESARIS
782 389 1144 448 commentationum

259 539 428 602 romanos,
454 517 511 608 qui
527 517 598 609 ejus
618 515 761 609 prasidii
781 515 904 585 fiducia
922 540 988 584 una
1007 530 1111 584 erent.
1135 515 1304 584 Continuo

260 659 419 729 magnum
438 660 615 703 numerum
635 638 795 704 frumenti
816 652 1086 729 commeatusque
1104 636 1237 729 diripit,
1254 636 1306 728 ip·

259 781 312 826 sos
326 755 506 825 crudeliter
519 758 726 825 excruciatos
740 755 897 825 interficit
916 783 923 825 :
939 757 1076 824 nuntios
1091 771 1161 824 tota
1173 757 1306 824 civitate

261 876 445 946 AEduorum
459 874 614 944 dimittit:
630 876 748 945 eodem
761 877 934 962 mendacio
952 877 992 944 de
1008 875 1096 945 caede
1112 877 1263 969 equitum
1273 887 1306 942 et

261 997 451 1091 principum
468 1011 658 1089 permovet,
679 997 847 1084 hortatur,
869 1011 907 1064 ut
922 995 1022 1066 simili
1043 999 1191 1084 ratione,
1207 1009 1307 1087 atque

263 1119 332 1209 ipse
349 1116 478 1200 feeerit,
495 1141 571 1184 suas
586 1117 724 1210 injurias
737 1103 989 1211 persequantur.

313 1239 470 1304 XXXIX.
487 1237 694 1330 Eporedorix
710 1237 854 1326 AEduus,
871 1262 1002 1306 summo
1021 1236 1094 1306 loeo
1110 1251 1207 1305 natus
1225 1234 1306 1304 ado·

263 1355 407 1443 lescens,
423 1371 456 1425 et
473 1383 609 1426 summae
625 1357 716 1427 domi
738 1360 910 1453 potentiae,
926 1374 960 1427 et
977 1383 1043 1427 una
1060 1357 1306 1447 Viridomarus,

264 1477 337 1570 pari
357 1492 453 1546 aetate
474 1493 508 1546 et
531 1481 657 1571 gratia,
677 1478 734 1548 sed
755 1503 875 1573 genere
896 1477 1038 1572 dispari,
1059 1503 1159 1571 quern
1181 1481 1307 1565 Caesar,

266 1596 328 1664 sibi
349 1597 390 1664 ab
410 1598 576 1666 Divitiaco
593 1597 773 1686 traditum,
794 1624 834 1666 ex
856 1597 973 1668 humili
993 1596 1067 1667 loco
1084 1597 1126 1666 ad
1144 1621 1307 1666 summam

266 1707 462 1810 dignitatem
473 1705 686 1810 perduxerat,
702 1720 738 1787 in
751 1719 902 1812 equitum
914 1743 1054 1788 numero
1067 1732 1306 1804 convenerant,

265 1837 463 1905 nominatim
479 1837 520 1906 ab
538 1861 578 1905 eo
595 1839 732 1907 evocati.
748 1840 808 1907 His
825 1853 897 1907 erat
910 1840 999 1907 inter
1010 1864 1045 1908 se
1060 1838 1102 1907 de
1117 1839 1307 1932 principatu

264 1959 450 2044 contenti03
464 1973 498 2026 et
515 1959 550 2026 in
568 1955 624 2027 illa
638 1960 892 2053 magistratuum
903 1961 1130 2028 controversia
1144 1957 1229 2026 alter
1242 1983 1305 2052 pro

266 2075 547 2164 Convictolitane,
567 2077 651 2148 alter
668 2104 730 2172 pro
746 2082 831 2149 Coto
848 2083 986 2148 summis
1003 2079 1121 2173 opibus
1140 2101 1308 2172 pugnave-

266 2209 353 2264 rant.
373 2200 422 2264 Ex
445 2199 484 2265 iis
509 2199 733 2291 Eporedorix,
758 2203 893 2296 cognito
912 2201 1052 2268 Litavici
1069 2198 1223 2284 consilio,
1243 2223 1308 2266 me·

266 2315 321 2384 dia
340 2316 409 2385 fere
426 2332 523 2387 noete
539 2343 610 2386 rem
623 2320 665 2389 ad
683 2325 845 2392 Caesarem
861 2321 966 2389 defert
982 2345 990 2385 :
1007 2347 1024 2382 «
1040 2343 1079 2385 ne
1096 2318 1242 2411 patiatur
1260 2319 1307 2386 ci·

267 2440 414 2524 vitatem,
427 2441 536 2532 pravis
545 2438 803 2508 adolescentium
814 2438 975 2524 consiliis,
984 2439 1025 2507 ab
1037 2437 1181 2506 amicitia
1191 2435 1308 2531 populi

267 2560 396 2626 romani
415 2557 570 2646 deficere3
591 2559 681 2652 quod
704 2561 854 2629 futurum
873 2559 1062 2655 provideat,
1081 2559 1110 2626 si
1126 2583 1161 2626 se
1181 2573 1229 2626 tot
1246 2559 1308 2625 ho-

268 2681 394 2748 minum
409 2677 604 2749 milliacum
621 2681 772 2750 hostibus
791 2680 1044 2774 conjunxerint,
1062 2702 1206 2773 quorum
1222 2678 1309 2747 salu·

267 2815 334 2867 tem
356 2824 462 2893 neque
481 2801 662 2894 propinqui
682 2799 866 2895 negligere,
887 2823 994 2894 neque
1015 2801 1130 2868 civitas
1149 2798 1213 2866 levi
1235 2819 1308 2866 mo·

266 2934 379 2988 mento
397 2923 560 2990 aestimare
578 2937 726 3016 posset.»

315 3042 386 3108 XL.
414 3044 537 3137 Magna
559 3041 697 3110 affectus
717 3041 939 3112 sollicitudine
961 3044 1024 3111 hoo
1046 3045 1166 3111 nuntio
1185 3045 1308 3128 Caesar,

267 3159 1207 3258 quodsemperAEduorumcivitatipraecipueindulserat,
1219 3161 1309 3230 nulla

268 3282 460 3375 interposita
473 3282 697 3371 dubitatione,
713 3282 857 3379 legiones
876 3283 1044 3377 expeditas
1061 3297 1205 3376 quatuor
1215 3285 1308 3376 equi·

267 3416 440 3496 satumque
457 3427 590 3473 omnem
605 3429 642 3474 ex
660 3407 774 3475 castris
788 3406 898 3477 educit
915 3429 922 3473 :
941 3429 1002 3474 nee
1016 3403 1079 3473 fuit
1091 3406 1234 3499 spatium
1253 3401 1308 3472 tali

267 3535 416 3616 tempore
434 3525 476 3592 ad
494 3526 721 3596 contrahenda
734 3541 855 3614 castra,
873 3527 964 3620 quod
976 3551 1028 3594 res
1048 3528 1154 3620 posita
1172 3527 1206 3592 in
1222 3523 1308 3593 cele·

267 3645 364 3714 ritate
385 3646 570 3715 videbatur.
592 3651 630 3716 C.
651 3647 790 3716 Fabium
812 3647 958 3741 legatum
978 3671 1053 3715 curn
1076 3645 1261 3740 legionibus
1281 3667 1307 3712 11
1339 3631 1345 3636 ’

266 3768 380 3835 castris
404 3766 556 3860 praesidio
579 3766 746 3862 relinquit.
773 3771 905 3836 Fratres
927 3767 1067 3835 Litavici
1092 3791 1196 3861 quum
1222 3787 1310 3833 com·

268 3885 428 3979 prehendi
448 3888 611 3981 jussisset,
632 3888 731 3983 paulo
756 3903 833 3956 ante
856 3890 978 3982 reperit
1001 3887 1043 3956 ad
1065 3889 1175 3956 hostes
1199 3886 1310 3980 profu·

266 4007 361 4098 gisse.
382 4005 586 4079 Adhortatus
611 4009 730 4088 milites
755 4033 795 4076 ne
813 4011 996 4078 necessario
1014 4023 1162 4102 tempore
1183 4007 1309 4075 itineris
