3060 4768
286 389 342 444 ndo
460 389 491 442 C.
510 389 606 444 JULII
629 387 797 445 CAEssttts
819 389 1018 446 COMMENT.
1040 390 1150 450 LIBER

285 515 385 598 cinis,
401 511 512 583 addito
532 515 663 600 animo,
679 515 818 607 propius
836 513 1058 606 audaciusque
1076 511 1201 582 accedit
1218 511 1260 580 ad
1278 511 1309 582 lc

286 634 413 726 giones3
430 633 520 726 quod
539 633 759 718 existimabat,
779 629 898 700 milites
916 632 978 700 sub
995 655 1096 700 onere
1114 655 1152 700 ac
1170 631 1232 700 sub
1249 655 1318 700 sar-

286 753 367 820 cinis
387 751 580 845 defatigatos
598 775 747 845 pugnare
767 774 834 819 non
859 775 964 844 posse.
983 752 1067 839 Quae
1088 775 1139 819 res
1157 754 1318 820 Caesarem

283 853 353 938 ¹non
371 869 553 940 fefellerat:
573 894 716 963 namque
734 868 900 964 expeditos
917 893 954 937 ex
972 866 1109 962 singulis
1136 868 1321 966 legionibus

252 996 255 1013 ⁵
286 1011 346 1059 occ
365 988 485 1060 milites
502 1011 570 1057 csse
584 989 734 1081 jusserat.
756 991 871 1080 Itaque
895 1011 969 1074 eos,
990 988 1024 1054 in
1043 988 1226 1079 equitatum
1256 991 1321 1055 La·

286 1108 375 1181 bieni
397 1108 578 1194 immissos,
599 1108 716 1175 turmis
742 1131 876 1176 suorum
901 1107 1068 1199 suppetias
1100 1107 1211 1174 mittit.
1232 1109 1321 1174 Tum

287 1227 468 1309 Labienus,
487 1227 652 1294 conversis
670 1227 779 1318 equis,
797 1226 967 1318 signorum
996 1238 1174 1317 conspectu
1195 1239 1321 1316 perter-

240 1327 244 1336 ’
288 1346 389 1431 ritus,
408 1345 598 1438 turpissime
618 1343 787 1412 contendit
804 1344 934 1437 fugere,
955 1341 1068 1413 multis
1087 1344 1157 1435 ejus
1176 1345 1321 1431 occisis,

288 1461 513 1558 compluribus
531 1461 717 1532 vulneratis.
735 1461 858 1532 Milites
878 1462 1048 1557 legionarii
1067 1462 1109 1531 ad
1126 1485 1186 1532 sua
1210 1487 1245 1531 se
1270 1487 1322 1532 re-

289 1584 417 1677 cipiunt
432 1583 548 1676 signa,
567 1596 665 1674 atque
683 1583 746 1649 iter
762 1581 929 1675 inceptum
942 1582 990 1649 ire
1004 1596 1183 1676 caeperunt.
1200 1581 1321 1650 Labie·

290 1728 352 1772 nus
370 1729 429 1798 per
441 1704 559 1795 jugum
575 1725 739 1769 summum
755 1698 846 1770 collis
865 1699 1053 1770 dextrorsus
1072 1699 1187 1795 procul
1207 1702 1321 1771 subse·

291 1797 433 1915 qui⁰non
448 1821 582 1890 desistit.

337 1945 491 2010 LXXVI.
510 1943 689 2035 Postquam
708 1942 818 2010 Caesar
836 1938 878 2007 ad
898 1938 1055 2032 oppidum
1076 1942 1249 2009 Sassuram
1266 1964 1322 2008 ve·

291 2061 340 2129 nit
348 2111 357 2148 ,
365 2059 625 2152 inspectantibus
635 2059 843 2145 adversariis,
856 2059 1029 2127 interfecto
1037 2058 1187 2152 prasidio
1196 2061 1323 2151 Scipio·

291 2180 356 2265 nis,
386 2202 488 2270 quum
521 2180 587 2246 suis
616 2175 772 2246 auxilium
797 2177 882 2246 ferre
909 2201 976 2245 non
997 2167 1175 2265 auderent,
1191 2177 1322 2247 sortiter

291 2311 496 2393 repugnante
513 2301 550 2366 P.
569 2295 744 2385 Cornelio,
761 2311 897 2366 evocato
914 2297 1091 2391 Scipionis,
1108 2299 1166 2391 qui
1177 2298 1221 2366 ibi
1235 2321 1322 2392 prae-

291 2433 375 2504 erat,
391 2432 519 2511 atquea
535 2415 746 2484 multitudine
759 2417 985 2484 circumvento
998 2415 1250 2508 interfectoque,
1260 2442 1324 2511 op·

292 2535 370 2630 pido
386 2537 527 2631 potitur3
544 2549 642 2629 atque
662 2536 707 2603 ibi
723 2535 887 2604 frumento
905 2535 1062 2604 exercitui
1077 2532 1170 2622 dato,
1188 2550 1322 2628 postero

292 2656 345 2725 die
365 2655 408 2727 ad
428 2653 586 2750 oppidum
601 2653 751 2723 Tisdram
767 2655 933 2750 pervenit,
952 2656 986 2723 in
1002 2679 1068 2747 quo
1078 2654 1252 2724 Considius
1263 2679 1323 2748 per

292 2772 325 2842 id
349 2789 480 2870 tempus
496 2773 604 2843 luerat
619 2798 695 2842 cum
716 2774 833 2868 grandi
853 2773 1020 2868 praesidio,
1044 2771 1245 2867 cohorteque
1263 2798 1323 2843 sua

292 2891 522 2986 gladiatorum.
537 2895 657 2977 Caesar,
667 2891 779 2985 oppidi
799 2907 919 2961 natura
934 2905 1121 2986 perspecta,
1131 2907 1228 2987 atque
1246 2896 1321 2962 ino·

293 3015 347 3106 pis
366 3014 408 3080 ab
422 3013 667 3107 oppugnatione
686 3011 756 3104 ejus
772 3011 968 3100 deterritus,
988 3013 1138 3106 protinus
1157 3011 1323 3106 profectus

292 3133 422 3200 circiter
438 3129 538 3198 millia
559 3153 714 3224 passuum
732 3153 768 3198 tv
782 3118 822 3198 ad
842 3154 962 3223 aquam
982 3130 1059 3200 facit
1078 3145 1204 3218 eastra,
1223 3146 1325 3225 atque

293 3249 498 3340 indequarto
516 3247 568 3316 die
580 3273 749 3343 egressus,
766 3250 853 3318 redit
868 3274 982 3318 rursus
999 3249 1041 3318 ad
1055 3273 1094 3318 ea
1109 3265 1234 3338 cestra,
1249 3275 1325 3344 quse

293 3365 335 3436 ad
352 3371 443 3461 Agar
467 3367 632 3436 habuerat.
657 3367 749 3436 Idem
770 3368 848 3436 facit
871 3369 999 3461 Scipio,
1018 3383 1115 3461 atque
1131 3371 1166 3436 io
1186 3371 1324 3462 antiqua

293 3502 401 3556 castra
419 3488 529 3581 copias
543 3485 681 3556 reducit.
1324 3551 1333 3565 ‚

307 3641 315 3658 ·
342 3608 509 3675 LXXVII.
536 3605 764 3676 Thabenenses
792 3607 939 3694 interim,
969 3611 1026 3702 qui
1060 3608 1121 3678 sub
1149 3607 1272 3678 ditione
1290 3625 1326 3679 et

293 3740 454 3822 potestate
472 3726 565 3795 Juliae
585 3749 654 3796 esse
673 3740 901 3810 consuessent,
919 3728 953 3795 in
971 3743 1119 3799 extrema
1140 3731 1210 3822 ejus
1227 3731 1326 3822 regni

294 3848 429 3940 regione
446 3847 609 3915 maritima
628 3844 740 3932 locati,
759 3843 930 3916 interiecto
947 3850 1038 3943 regio
1055 3847 1225 3942 prasidio,
1243 3846 1328 3942 lega·

295 3981 346 4036 tos
364 3968 405 4035 ad
428 3970 586 4038 Gessacem
613 3967 765 4050 mittunt,
783 3988 854 4034 rem
872 3991 891 4035 a
909 3981 1079 4060 segestam
1099 3965 1237 4080 docent3
1269 3992 1327 4061 pe-
