3088 4766
542 333 592 390 ns
614 332 735 388 usuro
754 329 871 386 crvrm
892 333 961 389 urs.
981 334 1002 386 1.
1106 295 1111 312 ⁴
1250 337 1285 390 2³

259 478 342 546 quos
363 457 404 524 ab
423 456 514 526 Urbe
534 454 702 524 discedens
717 457 892 548 Pompeius
913 469 984 524 erat
1011 454 1225 544 adhortatus,
1244 485 1286 528 ne

259 597 346 642 nora
364 575 501 642 Caesaris
528 571 636 642 officia
658 589 805 642 veterum
833 573 968 641 eliorum
996 573 1232 644 beneficiorum
1252 579 1286 646 iu

261 715 317 760 eos
337 693 529 762 memoriam
551 691 760 785 expellerent.
782 693 913 779 Quibus
939 691 1101 762 mandatis
1125 697 1285 786 acceptis,

260 810 479 880 Massilienses
500 826 611 905 portas
631 813 753 880 Caesari
771 810 981 880 clauserant:
1003 811 1151 899 Albicos,
1170 813 1287 882 barba·

261 953 315 998 ros
335 930 499 1015 homines,
519 931 577 1022 qui
596 932 629 998 in
647 953 762 1004 eorum
781 929 845 998 fide
864 930 1046 1022 antiquitus
1065 945 1178 1016 erant,
1199 955 1287 998 mon·

261 1065 374 1142 tesque
394 1073 493 1142 supra
512 1048 690 1120 Massiliam
719 1048 922 1134 incolebant,
952 1048 993 1116 ad
1014 1074 1048 1118 se
1069 1065 1286 1120 vocaverant:

262 1167 464 1267 frumentum
484 1191 523 1236 ex
552 1167 699 1236 finitimis
731 1168 920 1260 regionibus
942 1182 1041 1260 atque
1064 1192 1102 1238 ex
1133 1168 1287 1237 omnibus

154 1345 155 1350 ,
260 1282 399 1355 castellis
419 1288 453 1355 in
473 1287 587 1354 urbem
607 1299 829 1355 convexerant
850 1312 857 1352 :
885 1311 1053 1359 armorum
1081 1286 1229 1356 officinas
1251 1287 1286 1356 iu

262 1405 343 1474 urbe
353 1405 560 1474 instituerant
573 1431 581 1471 :
596 1427 726 1490 muros,
745 1401 893 1490 classem,
912 1419 1023 1496 portas
1040 1403 1238 1474 reficiebant.

309 1527 448 1594 XXXV.
476 1528 601 1592 Evocat
626 1523 668 1592 ad
693 1547 727 1592 se
753 1525 862 1592 Caesar
879 1522 1131 1592 Massiliensium
1154 1547 1198 1595 av
1219 1511 1287 1618 pri·

264 1669 334 1713 mos
355 1670 364 1711 ε
389 1668 464 1712 cum
480 1643 529 1711 bis
545 1645 634 1735 agit,
648 1665 690 1710 ne
706 1643 835 1712 initium
856 1642 1017 1710 inferendi
1034 1641 1112 1710 belli
1132 1647 1286 1712 aMassi-

261 1759 418 1831 lieusibus
436 1761 580 1830 oriatur:
597 1759 738 1828 «debere
756 1785 812 1828 eos
831 1758 932 1828 ltaliae
947 1764 1046 1828 totius
1060 1763 1286 1832 auctoritatem

264 1881 355 1971 sequi
380 1881 508 1973 potius,
526 1903 625 1970 quam
649 1880 747 1946 unius
768 1879 911 1948 bominis
935 1877 1097 1948 voluntati
1120 1881 1287 1973 obtempe-

262 2023 345 2066 rare.
354 2026 370 2060 s
379 1996 534 2089 Reliqua,
544 2021 617 2090 quae
632 1997 673 2065 ad
686 2021 800 2066 eorum
812 1996 972 2066 sanandas
992 2011 1114 2068 mentes
1123 1999 1287 2089 pertinere

263 2117 497 2204 arbitrabatur,
511 2130 756 2186 commemorat.
778 2116 881 2209 Cujus
898 2118 1079 2184 orationem
1091 2115 1227 2187 domum
1243 2116 1287 2187 le·

265 2237 330 2330 gati
349 2233 513 2323 releruut3
531 2250 632 2327 atque
653 2259 693 2302 cx
718 2235 912 2302 auctoritate
936 2235 1004 2301 baec
1024 2236 1144 2303 Caesari
1166 2259 1287 2304 renun-

265 2356 372 2424 tiant:
392 2354 601 2448 «Intelligere
615 2379 667 2437 se,
686 2353 826 2422 divisum
846 2377 915 2422 esse
932 2350 1092 2446 populum
1113 2377 1286 2422 romanum

262 2477 295 2542 in
314 2489 422 2567 partes
436 2473 531 2560 duas3
546 2497 652 2564 neque
666 2475 716 2542 sui
732 2472 865 2565 judicii,
878 2495 991 2563 neque
1005 2495 1138 2539 suarum
1152 2497 1222 2540 esse
1239 2478 1286 2540 vi-

261 2595 367 2674 rium,
385 2591 570 2660 discernere
598 2605 672 2658 utra
694 2614 769 2680 pars
789 2591 961 2680 justiorem
987 2588 1106 2656 babeat
1125 2614 1284 2660 causam:

262 2711 429 2802 principes
448 2733 525 2776 vero
553 2731 622 2774 esse
646 2731 759 2774 earum
781 2707 924 2798 partium
950 2711 1010 2774 Cn.
1033 2709 1226 2799 Pompeium
1255 2724 1287 2776 et

263 2833 300 2897 C.
312 2831 489 2912 Caesarem,
503 2839 659 2917 patronos
673 2824 832 2910 civitatis3
846 2847 987 2916 quorum
1004 2821 1085 2892 alter
1102 2847 1198 2918 agros
1212 2826 1288 2899 vot-

264 2971 379 3014 carum
399 2945 668 3014 Arecomicorum
683 2957 716 3010 et
732 2939 924 3010 Helviorum
945 2939 1076 3033 publice
1097 2943 1134 3009 iis
1155 2963 1286 3014 conces-

263 3067 359 3151 serit,
376 3062 460 3133 alter
473 3061 558 3132 bello
574 3064 674 3131 victas
688 3060 813 3133 Gallias
827 3062 1033 3148 attribuerit,
1052 3063 1289 3157 vectigaliaque

262 3182 399 3252 auxerit
420 3182 532 3269 Quare
558 3181 691 3274 paribus
713 3203 828 3250 eorum
847 3180 1011 3249 beneficiis
1025 3206 1137 3274 parem
1153 3207 1187 3252 sc
1202 3207 1286 3276 quo-

262 3325 327 3394 que
362 3299 562 3372 voluntatem
590 3301 733 3373 tribuere
763 3300 898 3383 debere,
924 3315 958 3368 et
992 3315 1143 3372 neutrum
1173 3326 1287 3372 eorum

262 3435 377 3492 contra
397 3419 536 3490 alterum
548 3420 681 3512 juvare,
696 3434 754 3488 aut
770 3420 851 3486 urbe
870 3434 927 3488 aut
943 3421 1093 3512 portibus
1108 3423 1288 3514 recipere.»

309 3543 466 3610 XXXVI.
492 3542 570 3608 Haec
588 3537 667 3609 dum
687 3540 842 3608 intereos
861 3552 1022 3631 aguntur,
1043 3540 1207 3608 Domitius
1228 3563 1287 3608 ua·

263 3659 359 3730 vibus
380 3657 560 3732 Massiliam
581 3661 749 3752 pervenit3
774 3673 874 3751 atquc
900 3657 940 3726 ab
959 3659 998 3724 iis
1018 3671 1187 3748 receptus,
1214 3661 1289 3728 urbi

263 3781 450 3868 proficitur.
471 3783 606 3848 Summa
632 3782 662 3846 ei
692 3778 769 3850 belli
799 3775 1048 3849 administrandi
1075 3779 1285 3874 perusittitur.

264 3895 346 3986 Ejus
367 3898 503 3990 imperio
522 3896 654 3966 classem
673 3921 918 3990 quoquoversus
947 3895 1117 3964 dimittunt
1143 3921 1286 3964 :onera-
