3048 4770
434 361 485 415 DE
505 359 630 416 BELLO
651 359 820 416 GALLICO
841 360 912 414 Ltn.
928 362 950 415 I.
1178 359 1212 416 ¹5

169 488 223 580 qui
244 486 291 554 rei
316 484 470 554 militaris
490 484 709 577 peritissimus
729 483 933 568 habebatur,
953 497 988 551 et
1008 483 1042 550 in
1064 487 1212 555 exercitu

169 611 206 676 L.
229 605 345 690 Sulla,
377 617 410 671 et
429 618 542 696 postca
562 605 596 672 in
618 607 668 674 M.
689 604 802 672 Crassi
824 602 949 687 fuerat,
968 627 1044 672 cum
1064 603 1214 697 explora·

170 727 298 794 toribus
312 723 536 816 praemittitur.

216 846 328 913 XXII.
348 843 460 912 Prima
479 841 569 931 luce,
585 868 688 936 quum
703 868 853 914 summus
871 867 967 912 mons
979 868 999 911 a
1011 846 1049 912 T.
1064 844 1214 912 Labieno

171 979 352 1050 teneretur,
373 963 443 1057 ipse
469 963 510 1031 ab
529 963 674 1032 hostium
695 964 811 1033 castris
830 987 898 1031 non
917 960 1050 1056 longius
1074 960 1165 1032 mille
1181 980 1215 1034 et

171 1083 357 1178 quingentis
371 1083 522 1176 passibus
537 1083 679 1170 abesset,
696 1107 823 1176 neque,
838 1096 876 1151 ut
893 1097 1005 1177 postea
1019 1108 1060 1152 ex
1075 1087 1215 1179 captivis

168 1204 344 1298 comperit,
372 1215 431 1272 aut
456 1202 560 1296 ipsius
587 1202 764 1289 adventus,
791 1217 848 1271 aut
876 1203 1032 1292 Labieni,
1061 1206 1215 1299 cognitus

167 1337 265 1411 esset,
286 1322 478 1410 Considius,
502 1345 589 1415 equo
614 1322 773 1410 admisso,
792 1322 834 1391 ad
855 1347 933 1391 eum
955 1325 1112 1410 accurrit3
1133 1325 1214 1396 dicit

167 1458 329 1524 montem,
346 1466 446 1535 quem
459 1467 479 1510 a
491 1442 643 1510 Labieno
657 1443 814 1535 occupari
827 1441 988 1531 voluerit,
1005 1444 1046 1512 ab
1062 1444 1213 1514 hostibus

167 1565 292 1649 teneri;
318 1563 448 1632 idaea
472 1561 607 1631 Gallicis
634 1562 735 1632 armis
756 1577 856 1655 atque
879 1563 1063 1656 insignibus
1089 1589 1214 1658 cogno-

166 1685 262 1752 visse.
283 1685 394 1752 Caesar
413 1705 489 1750 suas
505 1683 617 1776 copias
638 1682 673 1750 in
690 1684 879 1774 proximum
899 1679 1018 1750 collem
1038 1682 1213 1764 subducit;

164 1804 271 1871 aciem
296 1802 442 1870 instruit.
466 1800 646 1882 Labienus,
669 1815 708 1870 ut
732 1815 803 1868 erat
825 1801 856 1868 ei
881 1815 1082 1894 preceptum
1101 1825 1121 1869 a
1142 1805 1214 1872 Cs-

163 1947 254 2009 sare,
275 1946 317 1989 ne
337 1919 492 2014 proelium
512 1920 750 2004 committeret,
771 1920 834 1988 nisi
853 1920 958 2013 ipsius
983 1919 1086 2012 copiae
1109 1944 1214 2013 prope

163 2043 314 2112 hostium
335 2055 442 2110 castra
461 2041 538 2108 visae
554 2053 677 2127 essent,
697 2051 734 2107 ut
755 2039 902 2133 undique
920 2063 988 2107 uno
1009 2053 1160 2133 ternpore
1178 2042 1213 2110 in

162 2163 276 2232 hostes
293 2164 437 2256 impetus
453 2161 567 2246 fieret,
584 2174 698 2228 monte
715 2174 878 2252 occupato
894 2174 1025 2228 nostros
1042 2175 1213 2255 exspecta·
1234 2205 1236 2210 ·

161 2285 238 2370 bat,
264 2280 448 2377 proelioque
472 2279 668 2349 abstinebat.
689 2276 800 2346 Multo
828 2278 971 2371 denique
998 2279 1051 2348 die
1076 2303 1136 2373 per
1159 2303 1214 2348 ex·

160 2403 350 2496 ploratores
370 2406 479 2472 Caesar
497 2401 668 2496 cognovit,
687 2415 721 2470 et
745 2415 894 2470 montem
914 2403 1017 2469 astris
1037 2402 1157 2489 teneri,
1178 2416 1214 2471 et

159 2522 335 2593 Helvetios
357 2537 465 2590 castra
482 2521 639 2605 movisse,
661 2535 695 2589 et
715 2519 929 2605 Considium,
944 2522 1070 2590 timore
1087 2535 1213 2615 perter-

158 2646 285 2730 ritum,
304 2642 394 2734 quod
415 2667 482 2710 non
504 2641 655 2726 vidisset,
676 2641 826 2734 proviso
846 2640 908 2708 sibi
925 2641 1145 2710 renunciasse.
1163 2644 1212 2710 Eo

158 2763 237 2846 die,
256 2785 323 2853 quo
343 2775 518 2828 consuerat
538 2758 727 2845 intervallo,
747 2759 859 2827 hostes
878 2760 1040 2852 sequitur,
1058 2774 1092 2826 et
1108 2756 1211 2828 millia

159 2903 323 2976 passuum
340 2880 404 2947 tria
420 2879 463 2947 ab
479 2903 594 2947 eorum
613 2880 727 2948 castris
742 2892 849 2948 castra
865 2879 968 2972 ponit.

209 2999 343 3070 XXIII.
365 2999 530 3068 Postridie
546 3000 617 3091 ejus
637 2999 702 3068 diei
719 2998 831 3092 (quod
848 3001 985 3068 omnino
1001 2999 1141 3068 biduum
1155 3024 1212 3069 su·

163 3136 314 3216 per-erat,
333 3145 437 3215 quum
457 3121 605 3190 exercitu
625 3120 831 3188 frumentum
849 3120 958 3188 metiri
976 3133 1160 3214 oporteret,
1175 3135 1212 3190 ct

162 3243 257 3337 quod
281 3267 301 3311 a
324 3242 492 3328 Bibracte,
519 3241 643 3336 oppido
669 3241 852 3309 AEduorum
880 3239 978 3336 longe
1003 3243 1211 3311 maximone

160 3363 408 3458 copiosissimo,
433 3385 500 3432 non
521 3360 664 3455 amplius
684 3359 831 3430 millibus
854 3386 1011 3454 passuum
1027 3385 1114 3431 xvrn
1137 3361 1212 3430 abe·

161 3484 249 3576 rat),
268 3483 315 3552 rei
332 3481 556 3551 frumentariae
571 3481 837 3574 prospiciendum
855 3482 1073 3564 existimavit,
1092 3484 1155 3552 iter
1168 3483 1210 3551 ab

161 3603 327 3672 Helvetiis
350 3603 485 3688 avertit,
502 3625 540 3669 ac
559 3601 713 3670 Bibracte
734 3602 781 3670 ire
805 3602 988 3672 contendit
1010 3605 1058 3671 Ea
1078 3627 1130 3670 res
1151 3626 1211 3695 per

163 3723 324 3817 fugitivos
342 3725 380 3790 L.
398 3720 537 3810 AEmilii,
557 3722 746 3790 decurionis
763 3719 913 3815 'equitum
929 3720 1122 3807 Gallorum,
1138 3721 1210 3790 lios-

163 3843 257 3912 tibus
281 3844 470 3910 nunciatur.
498 3841 658 3929 Helvetii,
681 3867 737 3910 seu
759 3841 850 3934 quod
873 3844 992 3912 timore
1017 3843 1209 3934 perterritos
1329 3847 1332 3854 ’

161 3961 336 4028 Romanos
363 3959 532 4029 discedere
555 3985 574 4026 a
595 3985 628 4029 se
651 3962 895 4047 existimarent,
916 3987 955 4028 eo
979 3962 1098 4054 magis,
1119 3958 1208 4052 quod
