3038 4766
456 369 506 425 nn
531 369 652 425 anuo
672 369 787 436 crunt
807 371 876 428 nin.
898 371 934 425 u.
1175 371 1213 428 ss
1263 335 1271 362 '

184 505 254 560 tute
270 490 410 562 militnm
434 493 525 561 brevi
549 495 828 562 reconcinnetur:
846 507 965 588 porte,
990 494 1109 586 quibus
1132 492 1213 564 locis

184 609 326 694 videtur,
344 613 525 705 eruptionis
541 635 640 681 causa
657 613 691 681 in
710 635 806 680 muro
822 610 1064 706 relinquuntur.

230 731 320 798 XVI.
340 723 440 817 Quod
457 730 516 798 nbi
535 731 644 800 hostes
667 730 839 818 viderunt,
860 754 914 818 ea,
932 755 1004 824 quas
1025 731 1082 800 diu
1102 731 1214 826 longo-

183 873 247 941 que
261 849 366 942 spatio
380 849 469 917 refici
482 873 549 917 non
566 872 660 942 posse
672 862 870 941 sperassent,
885 873 1069 942 paucorum
1082 848 1211 921 dierum

182 991 283 1062 opera
316 982 349 1037 et
370 966 482 1038 labore
508 971 554 1037 ita
573 967 715 1057 refecta,
739 983 778 1036 nt
801 966 911 1037 nullus
933 969 1078 1063 perfidiae
1104 995 1212 1064 neque

182 1088 349 1180 eruptioni
365 1085 563 1174 locusesset,
580 1111 686 1180 noque
703 1085 883 1181 quidquam
897 1089 1033 1158 omnino
1045 1087 1212 1181 relinque·

183 1220 290 1292 retur,
317 1229 383 1299 quo
409 1221 466 1275 aut
483 1208 515 1275 vi
533 1205 709 1293 militibus,
730 1221 789 1276 aut
806 1207 874 1300 igni
891 1207 1068 1301 operibus,
1096 1208 1207 1276 noceri

184 1339 309 1418 posset,
327 1325 506 1418 eodemque
522 1323 679 1420 exemplo.
691 1326 852 1414 sentiunt,
868 1339 971 1394 totam
990 1325 1125 1412 urbem,
1141 1349 1208 1418 qua

183 1444 224 1512 sit
243 1441 350 1512 aditus
368 1444 409 1513 ab
429 1457 534 1530 terra,
556 1467 652 1512 muro
669 1444 879 1537 turribusque
900 1446 1067 1514 circumiri
1090 1467 1206 1538 posse,

183 1563 245 1650 sic,
265 1577 302 1632 ut
319 1564 397 1656 ipsis
415 1562 612 1632 consistendi
632 1563 666 1630 in
685 1563 753 1632 suis
773 1564 1010 1633 munitionibus
1029 1562 1120 1632 locus
1142 1588 1207 1632 non

182 1694 280 1768 esset,
297 1705 401 1776 quum
418 1705 511 1776 paene
529 1681 723 1752 inaedificata
740 1684 774 1750 in
792 1685 895 1751 muris
915 1683 957 1752 ab
983 1684 1129 1752 exercitu
1146 1706 1207 1750 no-

182 1812 249 1868 stro
262 1800 381 1868 moenia
397 1799 598 1886 viderentur,
615 1824 653 1868 ac
671 1796 736 1868 tela
752 1823 851 1870 manu
869 1802 1121 1893 conjicerentur,
1136 1823 1209 1869 suo·

181 1933 568 2012 rumquetormentorum
580 1944 692 2010 usum,
702 1921 822 2015 quibus
837 1921 899 2012 ipsi
917 1943 1036 2014 magna
1052 1920 1208 2013 speravis-

180 2052 267 2127 sent,
288 2039 393 2133 spatio
412 2039 667 2134 propinquitatis
686 2040 838 2123 interire,
862 2038 997 2131 parique
1015 2037 1206 2107 conditione

180 2182 221 2226 ex
245 2182 401 2228 murone
425 2159 569 2230 turribus
593 2157 736 2232 bellandi
762 2157 855 2243 data,
883 2159 1004 2226 virtuts
1024 2182 1059 2226 se
1085 2160 1207 2226 nostris

180 2277 351 2370 adaequare
373 2302 440 2346 non
468 2303 563 2373 posse
587 2276 787 2370 intelligunt,
811 2274 852 2344 ad
876 2275 1002 2345 easdem
1032 2275 1206 2349 deditionis

180 2397 383 2480 conditiones
402 2412 586 2474 recurrunt.
755 2401 757 2406 '

227 2518 332 2586 XVII.
351 2519 398 2585 M.
411 2520 518 2586 Varro
530 2519 564 2584 in
577 2515 745 2586 Ulteriore
757 2516 931 2607 Hispania,
942 2517 1053 2601 initio,
1067 2518 1207 2608 cognitis

181 2635 220 2704 iis
235 2636 346 2723 rebus,
359 2659 432 2728 quae
448 2649 525 2704 sunt
541 2637 575 2706 in
591 2633 688 2703 Italia
704 2645 818 2726 gestae,
832 2629 985 2705 diffidens
998 2636 1205 2726 Pompeianis

180 2753 294 2842 rebus,
314 2754 507 2834 amicissime
526 2750 567 2820 de
585 2753 711 2820 Cessare
727 2749 947 2842 loquebatur:
967 2775 1206 2844 «preoccupa-

180 2887 251 2942 tnm
275 2895 343 2942 sese
365 2869 526 2964 legatione
549 2868 590 2937 nb
608 2870 670 2937 Cn.
691 2869 863 2960 Pompeio,
883 2870 985 2936 teneri
1009 2869 1203 2938 obstrictum

180 2991 243 3061 lide
264 3017 272 3060 ε
294 2989 564 3060 necessitudinem
584 2987 715 3082 quidem
736 2988 798 3058 sibi
821 2986 925 3057 nihilo
945 2989 1106 3058 minorem
1128 3013 1203 3059 cum

181 3113 306 3180 Caesare
326 3108 545 3196 intercedere3
561 3131 667 3202 neque
686 3132 721 3176 se
738 3109 904 3201 ignorare,
923 3108 1015 3202 quod
1033 3123 1118 3178 essct
1137 3110 1206 3181 offi-

180 3231 266 3298 cium
298 3226 411 3324 legati,
440 3230 496 3322 qni
525 3227 727 3300 fiduciariam
755 3252 889 3321 operam
920 3228 1099 3315 obtineret,
1132 3254 1204 3322 quse

180 3351 264 3418 vires
277 3373 357 3436 sure,
369 3373 440 3442 quse
453 3346 603 3418 voluntas
612 3373 689 3443 erga
702 3350 864 3417 Caesarem
875 3349 976 3417 totins
985 3349 1176 3418 Provincia.
1190 3379 1206 3410 o
1253 3359 1256 3366 '

179 3472 255 3538 Haec
267 3469 418 3538 omnibus
430 3467 552 3538 ferebat
563 3467 788 3554 sermonibus;
801 3491 908 3559 neque
922 3493 957 3536 se
969 3470 1002 3536 in
1013 3467 1113 3536 ullam
1129 3492 1206 3561 par·
1294 3531 1295 3536 ,

182 3603 246 3656 tem
263 3589 426 3658 movebat.
441 3591 557 3658 Postea
571 3612 665 3676 vero,
676 3611 778 3682 quum
796 3590 957 3656 Caesarem
969 3587 1011 3654 ad
1026 3586 1204 3656 Massiliam

180 3705 319 3776 detineri
346 3710 520 3802 cognovit,
542 3709 654 3802 copias
678 3707 797 3776 Petreii
815 3731 891 3775 cum
915 3685 1060 3775 exercitu
1080 3705 1205 3774 Afranii

182 3850 251 3894 esse
268 3828 474 3920 conjunctas,
500 3851 619 3921 magna
638 3825 759 3896 auxilia
776 3827 982 3914 convenisse,
1000 3848 1119 3919 magna
1137 3850 1207 3893 esse

122 3937 130 3958 ’
181 3945 215 4012 in
230 3969 286 4037 spe
298 3959 397 4038 atque
409 3948 604 4040 exspectari,
619 3961 652 4015 et
667 3947 853 4016 consentire
866 3969 997 4014 omnem
1011 3946 1205 4014 Citerionem

324 4087 358 4131 n.
793 4149 801 4174 ⁹
1051 4062 1071 4132 5
