3042 4772
470 425 520 478 DE
539 418 664 479 BELLO
685 425 801 481 ClVlLl
825 425 894 480 ΗΒ.
918 424 967 478 lll.
1186 425 1235 482 151

212 552 309 620 fuisse
328 551 376 618 uti
395 550 601 620 amitteretur
622 575 628 616 :
648 549 704 618 sed
723 550 1000 644 opportunissime
1018 551 1142 620 nuntiis
1159 550 1239 621 alla·

211 674 274 757 tis,
291 667 448 763 oppidum
463 667 526 736 fuit
541 667 730 754 defensum,
746 670 943 761 Cassiusque
955 668 998 738 ad
1015 667 1239 760 Sulpicianam

212 788 288 858 inde
299 786 434 858 classem
444 787 610 881 profectus
619 803 669 856 est
677 787 1109 883 Vibonem3applieatisque
1121 791 1241 858 nostris

212 907 254 976 ad
268 922 389 977 terram
400 908 556 994 navibus,
570 921 705 1002 propter
720 907 872 978 eumdem
888 909 1037 976 timorem
1058 908 1127 1001 pari
1142 920 1241 1001 atque

212 1043 288 1096 ante
307 1029 432 1097 ratione
444 1041 594 1120 egerunt.
611 1028 742 1096 Cassius
756 1025 937 1096 secundum
960 1039 1072 1095 nactus
1088 1041 1239 1112 ventum,

212 1149 379 1217 onerarias
399 1170 498 1215 naves
518 1148 649 1215 circiter
664 1171 727 1234 xc,
750 1161 947 1240 praeparatas
968 1144 1010 1214 ad
1029 1145 1239 1232 incendium,

213 1267 366 1350 immisit,
383 1279 417 1334 et
433 1264 564 1334 damma
578 1267 619 1334 ab
636 1279 776 1358 utroque
794 1289 897 1334 cornu
915 1265 1169 1358 comprehensa,
1187 1289 1241 1334 na·

212 1409 266 1456 ves
280 1399 356 1454 sunt
373 1385 550 1453 combustae
563 1408 597 1454 v.
611 1386 788 1477 Quumque
805 1385 890 1478 ignis
910 1383 1135 1478 magnitudine
1150 1386 1240 1452 venti

212 1503 309 1572 latius
323 1519 483 1599 serperet,
500 1504 635 1589 milites,
647 1505 704 1596 qui
719 1527 759 1570 ex
772 1503 936 1572 veteribus
952 1502 1136 1598 legionibus
1147 1518 1240 1572 erant

211 1621 315 1692 relicti
335 1623 486 1717 praesidio
506 1624 666 1710 navibus,
685 1647 724 1690 ex
747 1645 885 1690 numero
903 1647 1083 1716 agrorum,
1101 1624 1240 1718 ignomi-

212 1744 300 1810 niam
322 1740 580 1829 contulerun13
608 1741 662 1810 sed
691 1765 750 1811 sua
775 1757 891 1834 sponte
919 1765 1016 1810 naves
1044 1741 1239 1812 conscende·

212 1878 310 1951 runt,
328 1877 396 1932 eta
417 1877 503 1932 terra
525 1861 711 1946 solverunt,
731 1863 922 1956 impetuque
939 1861 1027 1930 facto
1050 1863 1236 1952 in1Cassia·

212 2005 287 2050 nam
305 1981 456 2065 classem,
468 1983 722 2074 quinqueremes
740 1981 837 2066 duas,
850 1981 883 2048 in
901 2004 1040 2074 quarum
1053 1979 1241 2050 altera-erat

212 2101 363 2186 Cassius,
383 2115 540 2193 ceperunt
555 2125 562 2167 :
580 2100 634 2168 sed
655 2102 808 2185 Cassius,
830 2113 983 2192 exceptus
1002 2099 1138 2192 scapha,
1154 2099 1239 2168 resu-

212 2220 291 2311 git:
319 2233 474 2311 praeterea
502 2219 576 2286 duae
601 2233 678 2288 sunt
700 2217 909 2311 deprebensae
938 2217 1097 2286 triremes}
1126 2219 1240 2311 Neque

211 2335 317 2406 multo
338 2352 412 2429 post
434 2337 474 2404 de
496 2336 611 2431 proelio
630 2337 716 2405 facto
736 2339 771 2404 in
790 2335 955 2406 Thessalis
980 2339 1150 2430 cognitum,
1172 2353 1240 2425 est,

212 2472 248 2524 ut
275 2458 352 2551 ipsis
375 2459 580 2551 Pompeianis
604 2455 685 2524 fides
710 2457 802 2524 fieret
824 2485 831 2523 :
854 2481 930 2526 nam
956 2470 1031 2524 ante
1053 2455 1087 2524 id
1112 2471 1240 2550 tempus

211 2575 325 2669 fingis
347 2574 458 2670 legatis
478 2577 654 2668 amicisque
672 2576 808 2643 Caesaris
830 2575 1085 2644 arbitrabantur.
1104 2576 1236 2664 Quibus

211 2697 309 2765 rebus
329 2695 487 2788 cognitis,
505 2719 543 2762 ex
560 2696 600 2762 iis
620 2693 698 2762 locis
715 2695 848 2763 Cassius
866 2719 941 2763 cum
963 2693 1063 2762 classe
1083 2693 1237 2764 discessit.

259 2816 330 2884 CII.
353 2815 472 2898 Caesar,
499 2813 653 2880 omnibus
680 2812 777 2880 rebus
807 2811 948 2901 relictis,
977 2813 1237 2906 persequendum

212 2933 272 3000 sibi
296 2933 490 3023 Pompeium
514 2931 730 3019 existimavit,
758 2957 972 3026 quascunque
1003 2934 1035 3001 in
1066 2947 1175 3026 partes
1201 2959 1238 3001 ex

212 3051 289 3144 luga
304 3073 339 3118 se
354 3051 548 3142 recepisset,
567 3075 608 3118 ne
625 3074 738 3120 rursus
758 3053 868 3144 copias
886 3075 1077 3145 comparare
1094 3051 1239 3140 alienet

212 3167 334 3237 bellum
367 3193 526 3238 renovare
555 3169 666 3262 posset
695 3197 703 3238 ε
731 3185 762 3238 et
793 3186 1085 3264 quantumcunque
1115 3171 1239 3240 itineris

210 3289 356 3380 equitatu
373 3287 499 3358 efficere
518 3302 660 3382 poterat,
674 3289 822 3382 quotidie
838 3290 1127 3384 progrediebatur3
1142 3283 1241 3384 legio·

211 3431 353 3501 nemque
365 3431 463 3476 unam
478 3407 662 3476 minoribus
677 3408 850 3476 itineribus
870 3411 1022 3503 subsequi
1041 3411 1147 3502 jussit
1160 3413 1240 3479 Erat

209 3525 353 3596 edictum
382 3529 530 3622 Pompeii
559 3529 692 3595 nomine
716 3527 906 3620 Amphipoli
937 3531 1163 3621 propositum,
1192 3532 1239 3597 uti

209 3670 322 3716 omnes
336 3647 407 3740 ejus
426 3647 602 3740 provincia
615 3649 785 3741 juniores,
801 3646 909 3714 Graeci
920 3647 1073 3740 civesque
1092 3651 1238 3732 romani,

205 3766 339 3856 jurandi
358 3789 454 3834 causa
470 3769 702 3852 convenirent,
715 3765 786 3854 sed,
804 3779 916 3835 utrum
935 3765 1120 3834 avertendas
1132 3754 1240 3860 'suspi-

209 3886 312 3952 cionis
331 3909 430 3954 causa
446 3888 621 3979 Pompeius
639 3887 879 3982 proposuisset,
894 3900 1040 3978 utquam
1058 3883 1239 3955 diutissime

208 3999 366 4094 longioris
379 4002 463 4095 fugae
472 4005 645 4073 consilium
663 4005 861 4094 occultaret,
881 4031 922 4074 an
940 4007 1032 4075 novis
1047 4005 1237 4092 dilectibus,
