3062 4766
440 374 638 430 COMMENT.
661 375 713 429 DE
734 374 859 430 BELLO
880 377 1053 432 GALLICO.
1212 396 1263 448 ²7¹

269 492 331 544 Car.
342 491 400 544 LV.
416 489 556 543 Bibmete.
571 489 714 558 Bibracte,
734 487 879 562 Bisspanra
887 491 1036 560 Straboni,
1045 493 1178 564 oppidum
1188 495 1270 568 louge

229 584 385 638 macrinum
397 593 425 636 et
433 581 668 654 copiosissimum,
681 595 708 636 et
717 585 799 656 opud
809 583 916 648 AEduos
926 583 1063 638 maximoe
1080 584 1252 640 auctoritatis
1258 625 1267 651 ‚

228 674 281 729 dea
299 691 411 746 quoque
429 683 488 727 erat
505 672 617 742 habita,
636 673 706 728 sicut
725 675 817 729 Roma
831 686 859 730 et
875 676 969 730 multae
986 675 1046 729 aliae
1061 676 1146 730 urbes
1163 693 1224 749 qua
1235 678 1266 732 in

229 765 347 821 deorum
361 782 507 818 numerum
520 765 613 818 relatae
626 775 699 820 sunt.
718 766 922 839 inscriptiones
935 765 996 822 duae
1009 767 1205 840 Augustuduni
1219 787 1265 824 re-

228 867 314 930 pertae
332 856 439 911 habent
456 874 530 912 uait
550 874 696 912 arantem.
714 861 759 912 An
776 857 874 912 eadem
891 857 926 912 sit
944 877 1005 930 quae
1021 837 1267 932 Augustodunum,

229 949 315 1004 bodie
327 951 434 1014 Auula,
447 958 546 1020 postea
558 947 632 1002 dicta
645 957 700 1016 est,
712 948 858 1021 inquirunt
870 949 986 1019 eruditi,
999 969 1031 1005 ac
1045 969 1079 1004 ea
1096 951 1132 1006 de
1145 969 1176 1006 re
1193 951 1267 1007 inter

229 1059 259 1095 se
264 1040 409 1096 dissideat.
418 1039 475 1096 Sed
484 1058 520 1095 ex
525 1039 569 1094 his
575 1039 805 1113 inscriptionibus
812 1042 1108 1115 augustodunensibus
1112 1082 1121 1111 ,
1134 1053 1161 1096 et
1172 1045 1266 1100 verbis

228 1132 359 1188 Eumenii
371 1132 506 1201 rhetoris,
515 1130 618 1186 confici
627 1151 687 1187 non
695 1141 790 1206 potest
798 1134 928 1188 Bibracte
938 1144 966 1188 et
974 1135 1209 1208 Augustodunum
1221 1136 1266 1190 di-

228 1242 307 1279 versa
320 1224 428 1299 oppida
441 1224 578 1294 extitisse,
587 1224 638 1279 sed
649 1224 744 1299 potius
761 1243 846 1280 unam
860 1225 1043 1298 eamdemque
1057 1227 1156 1294 urbem
1171 1227 1265 1284 fuisse.

267 1344 331 1397 Cir.
345 1343 436 1396 LVII.
450 1342 598 1397 Lutetiam.
617 1340 710 1396 Hodie
724 1343 823 1408 Paris,
840 1341 938 1396 Gallia
951 1353 1035 1414 caput
1048 1341 1201 1397 sturbium
1220 1362 1266 1398 re-

228 1433 302 1506 gina.
312 1433 458 1489 Mediocre
467 1443 527 1489 erat
536 1432 687 1506 oppidam3
696 1433 763 1487 binc
772 1433 935 1488 Ammianus
945 1433 1099 1488 Castellum
1108 1445 1205 1504 vocat,
1214 1437 1230 1489 J
1232 1455 1266 1490 u-

228 1526 318 1580 lianus
335 1534 364 1579 et
380 1525 506 1581 Zosimus
520 1523 680 1599 Πολίχνην,
694 1525 870 1600 oppidulum.
888 1530 911 1578 Δ
929 1525 1042 1580 Juliano
1059 1527 1133 1580 male
1150 1537 1266 1581 vocatur

228 1615 385 1685 Atvcsrie,
397 1617 543 1670 metathesi
557 1634 611 1688 pro
622 1617 751 1685 Lutecia,
765 1615 844 1688 quasi
858 1633 874 1669 a
887 1623 999 1684 λιυκὸς,
1009 1617 1126 1684 albus3a
1139 1615 1265 1688 plurimis

227 1711 359 1776 Μυσίας
373 1709 423 1763 sed
434 1708 536 1763 rectius
549 1727 566 1761 a
579 1708 718 1762 Strabone
730 1707 919 1777 neamenim
933 1725 949 1764 a
961 1710 1113 1763 Ptolemaeo
1126 1705 1265 1779 ttapm'av

228 1798 419 1870 onaortttloe,
429 1819 483 1873 pro
496 1796 686 1868 ontoroela,
699 1817 815 1873 agraeco
826 1800 1057 1872 tenerrimarum
1066 1809 1169 1867 mater,
1178 1801 1265 1876 latine

227 1895 376 1968 Lupipara
382 1931 392 1959 ,
401 1892 479 1947 unde
492 1891 685 1946 contractione
695 1893 827 1966 Lapara.
838 1892 925 1948 hodie
939 1894 966 1947 le
978 1894 1098 1955 Maure,
1111 1892 1188 1962 quod
1196 1892 1265 1950 alibi

227 1983 438 2039 demonstrabo.

267 2111 331 2165 en.
346 2109 450 2163 LVIII.
469 2109 659 2163 Melodtmam.
680 2109 773 2164 Hodie
790 2109 896 2165 Melan.
910 2109 1035 2182 Scaliger
1051 2110 1106 2164 hoc
1123 2111 1188 2165 loco
1208 2108 1265 2166 lide

227 2201 432 2256 nonnullorum
440 2199 572 2256 codicum
579 2200 708 2274 reposuit
715 2201 913 2269 Metiosedum,
925 2219 987 2275 quae
998 2202 1067 2257 urbs
1080 2201 1191 2258 diversa
1205 2221 1264 2258 non

227 2303 269 2349 est
283 2313 299 2348 a
311 2291 482 2362 Meloduno,
493 2293 575 2364 juxta
587 2295 621 2348 V.
631 2293 661 2348 C.
671 2292 826 2349 D'Anville.
836 2293 933 2349 Codex
947 2303 1044 2349 noster
1056 2294 1164 2367 regius,
1175 2291 1264 2364 5763,

226 2385 282 2441 boc
295 2387 360 2442 loco
373 2386 459 2441 habet
467 2385 673 2452 Mellodtmam,
689 2395 717 2440 et
731 2385 805 2440 infra
813 2386 987 2453 Medodone‚
999 2396 1027 2440 et
1040 2404 1100 2458 cap.
1110 2385 1148 2440 60
1161 2386 1264 2442 iterum

227 2478 386 2532 Medodoae
402 2495 456 2550 pro
471 2479 635 2533 Mellodone
652 2477 697 2531 vel
710 2476 813 2532 rectius
830 2477 1002 2532 Mellodano.
1019 2481 1055 2530 At
1067 2477 1158 2532 codex
1170 2477 1264 2549 regius

228 2567 321 2638 5764,
336 2578 411 2623 notae
424 2567 501 2623 haud
513 2567 655 2624 bilerioris
668 2568 753 2624 babet
766 2567 966 2633 Metiosedum,
982 2577 1010 2622 et
1023 2567 1095 2621 infra
1110 2567 1153 2622 bis
1165 2567 1265 2622 Metio-

225 2661 308 2726 sedo,
324 2669 352 2714 et
367 2677 477 2728 rursus,
494 2677 554 2731 cap.
571 2658 623 2726 61,
636 2659 830 2714 Metabsedum.
845 2659 920 2714 Urbs
934 2659 1032 2713 eadem
1045 2668 1086 2712 est
1098 2657 1186 2730 igitur
1198 2660 1263 2713 Me

227 2751 360 2805 lodtmum
375 2760 403 2805 et
416 2750 610 2804 Metiosedum.
624 2751 699 2806 Male
713 2752 823 2806 Sanson
837 2759 864 2804 et
877 2749 964 2804 Hadr.
975 2749 1066 2803 Vales.
1081 2745 1175 2821 (Notit.
1191 2749 1262 2803 Gal-

227 2841 338 2916 liarum)
352 2843 455 2896 volunt
462 2841 649 2896 Metiosedum
662 2861 721 2897 esse
733 2843 827 2896 vicum
835 2859 912 2896 nuno
925 2841 1032 2895 dictam
1041 2839 1179 2906 Meudon,
1191 2839 1262 2894 infru

226 2934 379 3002 Lutetiam,
392 2931 423 2986 in
434 2941 532 2987 monte
545 2932 676 3004 positum.

266 3057 329 3112 Cae.
335 3057 468 3112 LXVIII.
474 3057 608 3112 Alestbm.
618 3059 699 3113 Nunc
708 3057 785 3112 vietis
793 3058 880 3125 Alise,
891 3057 971 3142 aliter¹
980 3059 1005 3110 le
1014 3055 1144 3130 bourgde
1153 3055 1264 3112 Sainte

227 3147 327 3215 neme,
345 3148 397 3204 ubi
409 3147 473 3204 lons
485 3148 627 3204 miraculis
639 3159 740 3204 sanctae
748 3145 864 3221 Regiae
877 3146 1086 3215 celebris,01im
1097 3147 1166 3201 urbs
1180 3149 1264 3202 Man-

226 3239 393 3310 dubiorum,
407 3240 457 3312 qui
469 3240 500 3295 in
512 3240 671 3296 AEduorum
687 3239 817 3296 clientela
832 3249 911 3294 erant
927 3237 1077 3311 «primaria
1094 3238 1181 3293 totius
1196 3237 1262 3293 Cel-

142 3389 146 3398 ,
224 3331 286 3387 tica
298 3333 391 3400 sedes,
400 3332 572 3404 urbiumque
581 3341 672 3388 mater
683 3351 709 3398 »ς
721 3331 799 3386 unde
811 3348 900 3404 pagus
913 3330 1111 3402 circumjacens
1118 3329 1209 3384 dictus
1223 3342 1264 3386 est

128 3485 129 3488 Ἴ
225 3424 373 3479 Alisieasir
378 3441 490 3497 pagus,
509 3424 638 3478 l'Auaois
651 3441 690 3478 ou
703 3423 851 3489 l'Aussois,
870 3433 897 3477 et
910 3422 936 3476 le
950 3433 1031 3477 mont
1043 3421 1169 3490 Auaoir,
1184 3422 1263 3476 collis

225 3515 316 3570 editus
324 3515 376 3570 ubi
385 3525 445 3570 erat
454 3513 592 3588 oppidum
605 3515 713 3568 Alest'a.
722 3515 765 3569 Ita
773 3512 1262 3584 scribuntCaesar,Plinius,Tacitus,

224 3607 355 3675 Orosius3
368 3605 458 3662 Graeci
470 3623 540 3661 vero
552 3605 716 3662 Plutarchus
730 3616 758 3660 et
770 3604 913 3660 Diodorus
927 3603 1190 3674 Siculus,'Aaaeia;
1204 3608 1260 3660 Po-

224 3698 327 3771 lytnus
336 3691 487 3766 Ἀλιισίει,
495 3698 598 3753 rectius
612 3715 716 3772 gneus
728 3698 866 3769 interpres
878 3696 993 3751 Caesaris
1006 3706 1034 3752 et
1044 3697 1190 3752 nonnullae
1200 3697 1261 3752 edi-

199 3819 207 3830 ⁴·
223 3789 315 3846 tiones
327 3791 439 3864 priscae,
453 3799 482 3846 et
496 3791 616 3858 Strabo,
634 3800 662 3844 et
675 3789 753 3844 Dion
762 3783 1020 3866 Cassius,iitrfile;
1030 3789 1152 3844 Velleius
1166 3791 1262 3843 Pater-

224 3881 302 3936 culus
319 3883 435 3938 Alema.
453 3883 552 3938 Oritur
566 3883 642 3937 enim
659 3901 674 3936 a
693 3901 783 3956 graeco
798 3877 918 3958 ἂλιξιι,
934 3881 1107 3949 auxiliatrix,
1121 3899 1181 3954 quae
1196 3879 1262 3952 opi-

224 3971 341 4039 tulatur,
354 3971 426 4028 sicut
443 3976 503 4046 Ops
515 3975 560 4028 vel
578 3975 649 4046 Opis
662 3974 727 4043 dea,
741 3975 810 4030 sicut
819 3975 911 4042 Rhea,
924 3993 986 4046 quse
996 3984 1089 4026 rnater
1099 3973 1263 4038 destruerat,
