3014 4780
598 407 647 462 ns
668 406 786 462 sarno
807 405 920 462 c1r1c1
1216 409 1272 487 309

239 527 320 597 juxta
333 525 478 592 vossium,
492 523 623 578 cobortes
637 541 697 596 quae
716 524 822 578 colonis
834 533 862 578 et
881 520 967 577 scavis
987 522 1163 578 constabant.
1181 525 1273 582 Colla·

242 617 286 671 rio
300 627 391 672 autem
404 615 499 689 potius
513 614 719 670 assentiendum
737 613 855 670 videtur.

279 721 342 775 css.
363 721 427 776 XX.
455 721 528 791 Quoe
551 719 708 773 Vemacula
731 716 940 792 appellabatur.
960 715 994 770 Id
1018 727 1074 786 est,
1101 729 1233 778 constans
1256 741 1272 777 e

241 811 351 878 vernis,
366 811 487 882 libertis,
506 808 623 881 aliisque
643 807 787 865 similibus.

280 917 344 970 Car.
363 917 455 971 xxrl.
474 917 541 989 Ipse
558 914 599 967 ad
614 915 714 968 Urbem
726 912 919 986 proficiscitur.
934 912 1107 970 Dictaturam
1123 913 1164 969 ibi
1182 917 1271 972 susci-

240 1005 337 1077 piendi
356 1005 460 1079 gratia,
478 1022 568 1077 nuper
587 1004 612 1058 ei
631 1004 779 1059 decretam.

280 1113 345 1166 Car.
365 1111 469 1166 XXIV.
488 1109 537 1165 Ad
553 1121 646 1164 castra
662 1109 842 1182 exploranda
860 1108 998 1164 Cornelia.
1009 1109 1073 1176 Quo
1086 1109 1202 1164 nomine
1217 1128 1269 1184 ap·
1378 1090 1381 1097 ¹

240 1203 398 1278 pellabatur
420 1204 510 1271 locus,
528 1201 579 1257 nbi
597 1202 664 1256 olim
686 1201 776 1274 posita
802 1201 913 1256 fuerant
935 1201 962 1254 P.
982 1182 1107 1255 Cornelii
1128 1199 1269 1272 Scipionis

240 1293 364 1350 Africani
380 1303 483 1361 castra,
497 1310 598 1366 nempe
608 1291 682 1347 inter
695 1290 813 1348 fluvium
827 1290 982 1365 Bagradam
1001 1300 1028 1345 et
1041 1290 1152 1346 Uticam
1161 1291 1268 1350 urbem.

279 1387 348 1454 Can*
363 1397 496 1454 xxvnt.
513 1398 605 1471 Supra
618 1399 836 1453 demonstratum
851 1408 900 1451 est.
918 1393 990 1450 Vide
1008 1394 1057 1450 lib.
1079 1415 1106 1464 r,
1120 1414 1180 1469 cap.
1196 1395 1242 1452 23.

279 1503 342 1557 Car.
360 1503 482 1558 xxxu.
501 1502 579 1556 Duos
595 1511 741 1576 superatos
754 1502 845 1556 duces.
863 1498 1000 1556 Petreium
1018 1497 1122 1553 scilicet
1140 1509 1167 1554 et
1184 1499 1267 1554 atra-

240 1595 326 1649 nium.
339 1625 379 1636 -
392 1595 472 1648 Duas
488 1605 613 1668 receptas
622 1592 788 1666 provincias.
802 1593 909 1664 Nempe
922 1588 1085 1644 Citeriorem
1103 1599 1129 1644 et
1142 1589 1268 1646 Ulterio-

239 1703 300 1740 rem
313 1683 487 1756 Hispaniam.

253 1804 256 1812 ·
278 1789 341 1842 Cae.
361 1787 480 1843 XXXV.
506 1788 695 1841 Buccr'natore.
712 1787 924 1842 buccinatorem
940 1801 1003 1839 curn
1022 1783 1117 1854 paucis
1134 1784 1266 1843 taberna-

240 1878 308 1932 culis
327 1879 416 1932 Varus
443 1877 473 1931 in
493 1879 589 1933 castris
606 1877 733 1951 reliquit,
751 1887 780 1932 ut
796 1878 849 1932 bac
865 1875 957 1949 specie
978 1885 1066 1930 castra
1091 1873 1181 1929 adbuc
1208 1893 1267 1931 esse

239 1979 371 2042 occupata
388 1966 558 2042 significaret
573 1989 579 2021 :
597 1967 744 2024 eratenim
761 1967 943 2036 buccinator,
962 1965 1039 2038 cujus
1055 1975 1137 2019 cantu
1155 1964 1267 2039 vigilia-

239 2079 300 2116 rum
316 2069 442 2134 tcmpora
457 2059 670 2133 designarentur
687 2060 717 2113 in
736 2059 839 2115 castris

594 2235 640 2289 Ill
661 2234 829 2290 LIBRUM
850 2235 909 2289 111.

277 2401 340 2455 ca».
358 2403 379 2456 l.
398 2403 430 2456 P.
448 2401 584 2456 Servilius.
604 2400 710 2471 Nempe
728 2398 882 2467 Isauricus,
901 2410 932 2453 ut
947 2410 1024 2470 patet
1042 2418 1075 2454 ex
1086 2404 1178 2474 App,
1192 2403 1263 2456 Bell.

240 2490 294 2544 Cia.
302 2531 311 2557 ,
323 2492 373 2549 lib.
395 2512 439 2562 11,
452 2491 501 2565 qui
515 2492 554 2546 sic
566 2491 652 2544 habet
668 2498 791 2556 τίιπάτους
802 2497 921 2564 circionum
936 2501 1018 2551 lauras
1035 2519 1062 2550 τι
1081 2499 1123 2551 καὶ
1136 2502 1264 2567 rapacum

235 2597 280 2642 lac
309 2593 366 2644 tals.

276 2610 384 2726 iias-at
394 2691 493 2726 annua
508 2671 639 2727 Decimus
653 2670 758 2725 scilicet
767 2671 803 2726 ab
820 2671 907 2743 ipsius
920 2671 1011 2744 primo
1028 2672 1181 2726 consulatu.
1198 2675 1263 2729 Ple-

235 2761 341 2816 biscitis
364 2763 438 2817 enim
452 2773 560 2818 cautum
581 2763 684 2830 luerat,
701 2773 771 2817 teste
787 2762 886 2830 Livio,
900 2779 936 2816 ne
952 2763 1013 2835 quis
1031 2762 1159 2818 eumdem
1177 2765 1264 2840 magi-

235 2861 349 2908 stratum
365 2854 437 2908 intra
456 2853 552 2908 decem
570 2872 660 2909 annos
677 2864 795 2926 caperet.

277 2945 312 2998 llt
324 2945 421 3000 arbitri
435 2945 575 2999 durentur.
586 2945 671 3013 Quod
687 2944 800 3019 quidem
819 2943 962 3012 conferas,
980 2944 1003 2998 si
1021 2946 1103 3016 velis,
1121 2947 1197 3022 apud
1206 2951 1263 3004 Aa·
1294 2976 1296 2985 ⁴

234 3053 326 3105 aram,
342 3037 413 3091 Bell.
431 3036 485 3092 Car.
495 3075 505 3103 ,
520 3036 570 3091 lib.
592 3055 633 3105 ιι,
647 3047 674 3091 et
690 3038 791 3104 Suam,
811 3036 896 3104 Can,
916 3044 961 3102 la.

272 3140 336 3194 cn.
351 3139 388 3194 11.
406 3137 609 3196 Feria'rlatr'm's.
624 3139 675 3194 His
692 3140 767 3195 enbn
784 3140 911 3196 consules
927 3139 1005 3213 prius
1014 3140 1140 3198 assistere
1149 3141 1263 3198 solitum

232 3239 305 3298 erat,
321 3248 403 3303 quam
416 3229 447 3284 in
462 3230 620 3302 provincias
632 3229 887 3306 proficiscerentur.

272 3332 334 3387 Cae.
350 3335 398 3388 1v.
425 3334 505 3404 Quas
521 3335 768 3390 beatulusccnsul.
783 3336 889 3391 Consul
905 3334 974 3390 anni
991 3335 1160 3408 superioris,
1177 3338 1213 3394 U.
1229 3339 1261 3393 C.

234 3421 306 3491 705,
325 3433 355 3477 ut
369 3432 446 3495 patet
462 3441 497 3479 ex
511 3424 618 3492 Dione,
637 3425 686 3480 lib.
697 3445 755 3482 ιιι.

271 3516 448 3571 Antonianos
461 3515 570 3570 milites.
587 3517 630 3570 De
640 3515 671 3570 C.
689 3517 816 3573 Antonio
829 3519 875 3572 bic
892 3519 999 3592 agitur,
1016 3518 1056 3573 M.
1077 3517 1194 3575 Antonii
1207 3520 1263 3576 fra·

230 3617 286 3676 tre,
313 3607 391 3678 cujus
411 3605 515 3661 milites
538 3607 571 3662 T.
592 3605 734 3662 Pulcionis
750 3625 836 3680 opera
858 3609 966 3683 proditi
984 3609 1014 3663 in
1032 3610 1161 3683 Pompeii
1180 3621 1261 3684 pote·

229 3709 327 3754 statem
338 3708 475 3752 venerant
483 3737 491 3765 ,
500 3695 644 3772 ipsiusque
659 3698 746 3772 copiis
764 3699 873 3758 lucrant
886 3701 1013 3758 admixti.
1026 3701 1101 3758 Vide
1117 3703 1263 3772 Saron,

231 3789 319 3854 Can,
340 3807 373 3842 ιο
392 3800 420 3843 et
438 3807 483 3858 77.

273 3879 477 3933 Tarcondarius
487 3879 593 3936 Castor.
612 3881 738 3954 Dejotari
756 3897 858 3955 gener,
868 3895 895 3938 et
909 3884 1074 3940 astrabone
1087 3883 1262 3942 CastarSao-

228 3969 374 4023 candorius
393 3970 557 4042 appellatus.
