3062 4766
225 359 601 384 *mmmmm
1068 359 1258 386 'm

444 667 501 776 c,
528 663 714 775 Junn·
747 671 1046 778 ernstius
1093 622 1101 633 ’

294 965 1230 1157 conuunrlmonun-

451 1307 534 1396 ne
567 1309 783 1407 senno
817 1311 1027 1425 civim

569 1583 703 1650 LIBER
731 1583 911 1651 PRIMUS.

662 1891 820 1909 —-*-

220 2168 249 2235 Ι.
263 2105 445 2240 Limnes
459 2189 479 2232 a
492 2166 594 2234 Fabio
611 2167 650 2235 C.
661 2167 799 2236 Caesaris
810 2165 999 2237 consulibus
1014 2167 1163 2257 redditis,
1174 2193 1260 2265 aegre

222 2287 264 2356 ab
284 2289 324 2356 iis
345 2288 557 2380 impetratum
581 2300 646 2373 est,
670 2305 801 2356 summa
820 2288 1031 2356 tribunorum
1052 2287 1158 2382 plebis
1183 2313 1260 2358 con·

223 2409 386 2497 tentione,
399 2409 487 2504 utin
505 2421 621 2478 senatu
633 2409 869 2493 recitarentur3
887 2421 925 2476 ut
939 2433 1018 2476 vero
1031 2433 1071 2476 ex
1083 2407 1201 2478 litteris
1216 2409 1259 2478 ad

223 2543 374 2599 senatum
389 2527 584 2614 referretur,
597 2529 768 2622 impetrari
784 2552 853 2596 non
869 2529 988 2621 potuit„
1004 2529 1165 2598 Referunt
1178 2554 1259 2598 con-

222 2645 307 2716 sules
332 2646 373 2714 de
400 2645 570 2740 republica
594 2648 629 2713 in
656 2647 798 2715 civitate.
824 2650 863 2714 L.
880 2646 1043 2716 Lentulus
1067 2649 1182 2718 consul
1206 2672 1258 2717 se-

223 2769 316 2835 natui
331 2766 446 2858 reique
462 2763 603 2859 publieae
614 2788 648 2832 se
666 2789 735 2834 non
751 2764 943 2834 defuturum
958 2765 1146 2860 pollicetur,
1164 2769 1191 2836 si
1206 2793 1260 2837 au·

223 2885 335 2955 dacter
352 2909 390 2954 ac
410 2885 540 2952 fortiter
558 2886 737 2954 sententias
761 2884 869 2953 dicere
889 2883 1008 2990 velint,
1028 2887 1078 2954 sin
1097 2889 1259 2976 Caesarem

133 3095 138 3105 ‚
223 3005 414 3098 respiciant,
438 3018 536 3097 atque
558 3005 628 3098 ejus
652 3006 792 3100 gratiam
812 3019 1006 3099 sequantur,
1029 3021 1067 3075 ut
1085 3006 1259 3100 superiori·
1374 3093 1377 3100 ἱ

222 3123 286 3194 bue
310 3123 447 3193 fecerint
470 3125 692 3218 temporibus,
720 3149 754 3194 se
781 3125 842 3194 sibi
867 3124 1042 3199 consilium
1067 3141 1258 3220 capturum,

223 3269 331 3339 neque
357 3259 489 3314 senatus
515 3247 702 3315 auctoritati
730 3245 1049 3340 obtemperaturum;
1076 3247 1199 3317 habere
1224 3274 1259 3318 se

221 3389 355 3459 quoque
372 3364 416 3434 ad
439 3366 576 3435 cesaris
598 3365 738 3459 gratiam
757 3379 856 3458 atque
876 3367 1054 3435 amicitiam
1075 3382 1256 3461 receptum.

220 3486 262 3552 In
279 3484 429 3556 eamdem
446 3485 643 3554 sententiam
656 3483 804 3578 loquitur
820 3485 947 3578 Scipi03
962 3487 1122 3578 Pompeio
1137 3510 1206 3554 esse
1223 3489 1257 3554 in

221 3605 348 3693 animo,
367 3603 559 3699 reipublicae
579 3628 648 3674 non
671 3603 797 3693 deesse,
819 3604 846 3673 si
866 3617 997 3672 senatus
1016 3619 1187 3696 sequatur;
1207 3605 1256 3672 sin

221 3737 408 3812 cunctetur,
424 3737 523 3818 atque
536 3737 613 3820 agat
628 3723 753 3815 lenius,
766 3723 988 3818 nequidquam
999 3723 1069 3814 ejus
1081 3721 1257 3812 auxilium,

222 3843 249 3908 si
269 3857 383 3936 postea
397 3843 495 3932 velit,
511 3859 662 3914 senatum
681 3844 946 3940 imploraturum.

269 3963 314 4030 Η.
339 3967 416 4032 Haec
440 3965 604 4058 Scipionis
625 3966 748 4053 oratio,
770 3965 860 4059 quod
883 3977 1014 4034 senatus
1034 3964 1069 4032 in
1085 3963 1178 4034 Urbe
1197 3962 1259 4041 hee

365 4105 401 4151 ιι.
1103 4109 1115 4154 r
