3038 4766
495 365 546 420 DE
568 365 989 423 submurmurant.
1206 367 1259 424 103

229 512 363 582 remque
380 487 533 558 fiduciam
550 487 747 582 prohibendi
762 488 948 577 habebant,
965 502 998 558 et
1017 487 1139 557 crebris
1158 493 1258 559 Porn-

229 607 293 701 peii
320 607 437 678 litteris
466 609 723 703 castigabantur,
750 611 909 702 quoniam
938 609 1046 703 primo
1076 611 1259 678 venientem
1328 686 1335 707 ι

227 729 392 796 Caesarem
413 752 480 798 non
503 729 767 823 prohibuissent,
788 743 826 800 ut
848 726 1038 822 reliquos
1009 752 1080 821 ejus
1099 730 1258 799 exercitus

227 847 451 942 impedirent.
468 847 650 943 duriusque
663 848 811 943 quotidie
829 864 960 957 tempus
973 848 1015 918 ad
1032 863 1259 943 transportan

227 965 327 1054 dnm,
345 965 525 1038 lenioribus
539 969 644 1036 ventis
653 969 921 1063 wexspeetabant
936 968 1067 1056 Quibus
1080 967 1177 1038 rebus
1189 993 1260 1062 per·

227 1101 337 1158 motus
366 1089 489 1168 Caesar,
520 1087 733 1158 Brundisium
760 1087 802 1156 ad
833 1109 910 1156 suos
938 1087 1079 1156 severius
1108 1088 1258 1181 scripsit,

227 1208 315 1277 nacti
334 1204 490 1297 idoneum
512 1222 645 1276 ventum
662 1232 703 1275 ne
723 1207 927 1277 occasionem
946 1205 1123 1300 navigandi
1149 1207 1259 1276 dimit·

228 1340 356 1410 terent,
372 1329 399 1396 si
419 1325 470 1396 rel
488 1327 529 1396 ad
550 1326 648 1397 litora
667 1325 928 1420 Apolloniatium
949 1352 1083 1396 cursum
1098 1327 1258 1420 dirigere,

226 1461 333 1539 atque
343 1471 382 1516 eo
395 1469 493 1516 neves
508 1449 626 1540 ejicere
642 1462 784 1541 possent.
803 1451 879 1516 Haec
895 1471 915 1516 s
932 1446 1087 1516 custodiis
1105 1429 1258 1516 elassihm

227 1565 299 1635 loca
316 1567 457 1636 maxime
475 1567 649 1655 vacabant,
670 1567 760 1661 quod
774 1591 809 1635 se
826 1565 956 1660 longius
972 1591 992 1635 a
1006 1566 1157 1662 portibus
1169 1592 1259 1636 com·

227 1687 356 1756 mittere
375 1711 442 1755 non
462 1687 630 1756 auderent.
748 1709 752 1718 ⁴
1035 1777 1042 1785 ι
1222 1757 1223 1760 ,

274 1809 402 1876 XXVI.
422 1805 490 1893 llli,
510 1805 659 1876 adhibita
671 1805 808 1876 audacia
825 1820 860 1880 et
877 1808 1015 1892 virtute,
1030 1807 1260 1878 administran-

224 1925 314 1994 tibus
333 1927 381 1994 M.
398 1926 543 1995 Antonio
561 1941 594 1996 et
609 1925 702 1997 Fullo
724 1924 866 2013 Calene,
881 1924 1023 1996 multum
1046 1927 1124 2021 ipsis
1144 1925 1258 1996 militi·

225 2045 288 2126 bus
308 2045 536 2132 hortantibus,
551 2070 659 2144 aeque
675 2040 780 2114 ullum
799 2024 980 2140 pericululn
997 2069 1059 2139 pro
1070 2043 1175 2114 salute
1192 2049 1260 2116 Cn·

226 2167 308 2234 saris
329 2167 568 2253 recusantibus,
585 2168 674 2237 nacti
692 2181 858 2254 austrum,
875 2191 975 2236 nares
992 2165 1144 2250 solvunt,
1159 2181 1260 2260 atque

225 2282 328 2355 altera
348 2283 401 2354 die
419 2284 628 2379 Apolloniam
650 2287 937 2380 Dyrrachiumque
959 2285 1257 2380 praetervehuntur.

225 2405 417 2498 Quiquum
440 2421 549 2474 essent
567 2427 608 2474 ex
631 2405 815 2474 continenti
834 2406 972 2490 visi,C.
991 2406 1177 2500 Coponius,
1198 2406 1257 2498 qui

224 2525 401 2644 Dyrrachii
424 2523 555 2596 classi·
537 2523 663 2594 rhodiae
686 2538 841 2616 preerat,
862 2547 961 2592 naves
988 2547 1028 2592 ex
1050 2537 1151 2616 portu
1176 2523 1257 2592 edu·

224 2621 288 2732 cir,
304 2653 338 2718 et
351 2668 455 2736 quum
468 2644 552 2755 jam·
552 2644 672 2711 nostris
688 2641 873 2710 remissiore
889 2644 1259 2737 ventoappropinquas·

224 2777 314 2850 sent,
336 2761 423 2832 idem
447 2776 557 2835 auster
583 2761 764 2846 increbuit,
771 2763 977 2855 nostrisque
1001 2761 1155 2854 praesidio
1183 2762 1257 2832 lirit.

223 2885 341 2976 Neque
361 2906 439 2950 vero
461 2879 515 2949 ille
534 2880 578 2948 ob
597 2903 669 2950 eam
690 2901 820 2950 causam
842 2893 965 2948 conatu
989 2877 1184 2966 desistebat,
1202 2881 1259 2952 sed

224 3000 338 3071 labore
353 3017 386 3070 et
402 2999 642 3094 perseverantia
656 3015 833 3072 nautarum
850 3023 885 3068 se
904 3000 970 3068 viro
990 3001 1190 3093 tempestatis
1206 3025 1259 3070 su-

223 3143 339 3212 perare
373 3143 467 3214 posse
498 3119 672 3212 sperabat,
706 3131 1000 3213 praetervectosque
1035 3119 1259 3214 Dyr-rachium

225 3263 343 3334 magna
369 3241 402 3308 vi
427 3240 515 3307 renti
539 3235 644 3307 nihilo
670 3239 776 3308 secius
808 3237 1016 3330 sequebatur.
1044 3239 1177 3326 Nostri,
1208 3241 1258 3309 usi

222 3359 364 3430 fortunae
387 3333 564 3445 beneficio,
584 3373 693 3428 tamen
719 3357 879 3451 impetum
899 3355 1011 3428 classis
1034 3360 1212 3446 timebant,
1230 3361 1258 3428 si

223 3479 310 3549 forte
334 3491 452 3549 ventus
476 3479 662 3548 remisisset.
689 3478 786 3546 Nacti
811 3491 964 3570 portum,
991 3479 1049 3571 qui
1072 3477 1259 3573 appellatur

223 3599 458 3693 Nymphaeum,
477 3595 564 3668 ultra
585 3597 717 3666 Lissum
735 3594 838 3666 millia
859 3620 1016 3690 passuum
1036 3599 1119 3682 tria,
1139 3621 1180 3666 eo
1198 3621 1265 3697 na·.

223 3741 279 3786 ves
307 3717 564 3789 introduxerunt
584 3717 656 3813 (qui
679 3731 794 3811 portus
815 3715 857 3785 ab
882 3715 985 3818 aspice
1008 3715 1193 3810 tegebatur,
1216 3715 1258 3786 ab

224 3850 337 3906 rastro
360 3815 427 3907 non
454 3851 526 3908 erat
553 3835 684 3931 tutus),
711 3836 880 3930 leviusque
911 3835 1130 3930 tempestatis,
1157 3860 1258 3928 quam

223 3953 352 4044 classis,
371 3956 554 4050 periculum
571 3959 826 4028 estimaverunt.
844 3959 922 4048 Quo
935 3953 1032 4026 simul
1049 3969 1149 4053 atque
1167 3958 1257 4026 intus
