3038 4766
284 345 339 403 106
440 347 471 402 C.
491 345 589 401 tum
609 343 773 403 CAESARIS
794 342 1158 404 COMMENTARIORUM

281 485 419 563 uterque
436 493 553 538 eorum
572 493 611 538 ex
629 465 745 538 castris
758 470 886 538 stativis
899 494 919 539 a
933 468 1069 541 ssumiue
1083 473 1171 566 hpso
1186 475 1310 544 exerci-

281 605 351 660 tum
376 587 537 676 educunt3
560 590 736 684 Pompeius
759 587 843 660 clam
868 601 902 658 et
927 603 1049 677 noctu,
1072 591 1181 662 Cesar
1203 591 1310 686 palam

279 727 381 804 atque
394 709 549 783 interdiu.
568 709 631 780 Sed
648 712 768 780 casui
782 712 922 790 circuitu
940 711 1065 803 majore
1081 713 1143 790 iter
1159 729 1230 784 erat
1245 712 1310 784 lon-

280 834 372 928 gius,
397 831 534 902 adverso
558 831 712 918 flumine,
732 845 770 900 ut
787 830 874 902 vado
893 834 1033 902 transire
1053 847 1163 928 posset
1183 859 1192 903 τ
1212 838 1310 906 Pour-

279 954 392 1047 peius,
409 954 488 1044 quia
503 951 658 1047 expedito
671 951 788 1022 itinere
803 947 924 1022 flumeri
941 953 971 1022 ei
987 952 1224 1022 transeundum
1242 979 1308 1024 non

279 1086 366 1157 erat,
384 1074 511 1164 magnis
530 1071 702 1140 itineribus
721 1070 764 1139 ad
781 1072 964 1141 Antonium
983 1072 1173 1161 contendit,
1191 1086 1309 1166 atque,

279 1213 354 1258 eum
379 1191 435 1258 ubi
461 1192 729 1285 appropinquare
749 1165 925 1284 cognovit,
949 1189 1105 1260 idoneum
1123 1188 1232 1260 locum
1251 1217 1309 1261 na·

279 1324 370 1395 ctus,
388 1309 433 1377 ibi
445 1309 556 1403 copias
576 1307 765 1397 collocavit,
786 1309 928 1402 suosque
948 1333 1063 1378 omnes
1077 1311 1193 1379 castris
1208 1313 1310 1382 conti·

279 1429 372 1516 nuit,
393 1427 551 1522 ignesque
569 1428 642 1496 fieri
661 1428 848 1522 prohibuit,
865 1451 932 1521 quo
951 1427 1114 1498 occultior
1131 1443 1216 1501 esset
1238 1432 1309 1524 ejus

278 1547 449 1617 adventus.
465 1551 544 1618 Hoec
557 1546 598 1616 ad
611 1550 793 1618 Antonium
809 1550 919 1618 statim
935 1571 994 1641 per
1007 1551 1141 1618 Grecos
1157 1548 1309 1620 deferun-

279 1683 343 1738 tur.
359 1667 439 1756 tlte,
457 1669 567 1743 missis
587 1668 630 1739 ad
649 1671 810 1740 Caesarem
835 1669 979 1754 nuntiis,
1003 1690 1106 1736 unum
1125 1668 1212 1742 diem
1238 1693 1307 1740 sese

277 1790 392 1858 castris
414 1790 543 1859 tenuit:
566 1786 671 1858 altero
688 1789 741 1859 die
759 1787 800 1856 ad
815 1813 890 1857 eum
904 1788 1056 1882 pervenit
1074 1789 1191 1858 Caesar.
1205 1791 1309 1882 Cujus

278 1907 422 2006 aduentu
442 1911 593 2003 cognito,
613 1909 809 2002 Pompeius,
829 1931 871 1976 ne
887 1906 1017 1976 duobus
1037 1907 1307 1984 circumcludere·

279 2041 335 2096 tur
350 2029 566 2114 exercitibus,
584 2053 625 2098 ex
643 2053 682 2096 eo
700 2027 773 2097 loco
791 2025 946 2113 discedit,
966 2027 1187 2121 omnibusque
1205 2031 1308 2124 copiis

278 2147 321 2216 ad
338 2150 556 2242 Asparagium
569 2147 853 2242 Dyrrachinorum
872 2147 1041 2239 pervenit,
1059 2159 1159 2239 atque
1176 2147 1222 2216 ibi
1239 2149 1309 2218 ido-

278 2291 340 2336 neo
356 2265 431 2336 loco
447 2281 554 2336 castra
571 2269 676 2362 pouit.
751 2243 757 2256 ⁸

324 2388 448 2455 xxxi.
477 2387 536 2455 His
561 2387 764 2479 temporibus
788 2387 920 2481 Scipio,
945 2385 1148 2456 detrimentis
1171 2388 1308 2481 quibus-

277 2506 353 2576 dam
371 2507 457 2574 cirea
474 2521 620 2577 montem
634 2510 799 2576 Amanum
812 2508 969 2601 acceptis,
986 2529 1057 2577 sese
1074 2507 1306 2599 imperatorem

277 2622 510 2722 appellaverat.
524 2626 605 2715 Quo
621 2625 725 2714 facto,
739 2625 927 2696 civitatibus
944 2625 1159 2721 tyrannisque
1172 2649 1308 2719 magnas

278 2748 497 2839 imperaverat
513 2747 694 2840 pecunias:
713 2748 791 2816 item
809 2771 829 2813 a
845 2744 1028 2840 publicanis
1044 2769 1112 2814 suae
1129 2745 1307 2838 provincias

278 2865 422 2936 debitam
443 2867 569 2935 biennii
587 2866 762 2960 pecuniam
776 2879 947 2960 exegerat,
965 2879 1001 2934 et
1018 2865 1061 2934 ab
1083 2865 1205 2934 eisdem
1223 2865 1308 2932 iusc-

171 3017 174 3024 *
277 2987 408 3076 quentis
431 2988 508 3053 anni
528 2999 677 3054 mutuam
697 2999 918 3079 praeceperat,
938 2985 1131 3078 equitesque
1152 2983 1214 3053 toti
1232 3005 1309 3076 pro·

277 3105 392 3172 viuci'ae
417 3105 644 3197 imperaverat.
665 3105 797 3193 Quibus
815 3107 959 3192 coactis,
979 3103 1131 3174 finitimis
1157 3103 1306 3174 hostibus

277 3225 407 3293 Parthis
436 3239 509 3318 post
533 3249 568 3294 se
595 3223 738 3312 relictis,
765 3227 822 3318 qui
851 3225 1050 3318 pauloante
1074 3227 1123 3294 M.
1150 3227 1307 3294 Crassum

277 3345 510 3438 imperatorem
525 3345 775 3431 interfecerant,
791 3359 825 3414 et
840 3348 888 3414 M.
906 3341 1066 3414 Bibulum
1083 3343 1117 3410 iu
1134 3339 1306 3410 obsidione

277 3463 483 3553 habuerant,
512 3463 656 3560 legiones
683 3467 875 3558 equitesque
900 3487 942 3532 ex
967 3462 1061 3554 Syria
1087 3457 1269 3528 deduxerat
1296 3481 1304 3525 ε

275 3609 470 3677 summaque
489 3587 524 3654 in
543 3583 765 3654 sollieitudine
783 3605 822 3650 ac
842 3582 959 3649 timore
975 3577 1118 3673 parthici
1140 3573 1250 3646 bellici
1268 3575 1306 3646 in

275 3706 481 3798 provinciam
498 3727 602 3800 quum
623 3703 785 3789 venisset,
802 3723 840 3768 ac
859 3695 1026 3767 nonnullae
1047 3693 1191 3766 militum
1208 3718 1306 3766 voces

275 3839 347 3893 tuni
371 3823 584 3910 audirentur,
605 3842 728 3906 «sese,
751 3831 867 3887 contra
887 3815 1016 3886 hostem
1034 3811 1063 3884 si
1089 3813 1308 3902 ducerentur,

275 3944 408 4030 iturosp
422 3955 540 4012 contra
559 3943 664 4012 civem
684 3952 717 4008 et
736 3935 906 4008 consulem
924 3960 1017 4006 arma
1042 3959 1110 4004 non
1129 3931 1307 4022 laturos;s
