3048 4770
284 373 320 432 ει
440 383 473 438 o.
492 381 588 438 rom
609 381 772 440 cnsrms
794 381 1154 444 commembrorum

332 507 456 574 XXIII.
480 506 637 603 Legionis
653 530 749 575 nonae
763 521 798 575 et
816 506 952 576 decimae
969 505 1105 595 milites,
1121 525 1156 580 ut
1172 513 1204 578 in
1219 514 1308 586 sinis·
1395 485 1397 489 ι

282 639 332 692 tra
350 643 443 716 parte
460 625 530 694 acie
547 626 781 708 constiterant,
797 621 873 718 pilis
897 627 1039 712 emissis,
1056 641 1158 698 cursu
1172 653 1210 698 ac
1228 629 1313 698 lassi-
1336 619 1338 624 ¹

281 741 393 812 tudine
427 746 629 815 exanimatos
660 741 919 839 vulneribusque
948 746 1117 816 confectos
1148 748 1314 818 Atrebates

279 861 373 954 (nam
390 864 442 934 bis
460 889 500 932 ea
520 888 596 956 pars
614 862 816 958 obvenerat)
831 861 984 934 celeriter
999 889 1039 934 ex
1056 864 1133 936 loco
1152 870 1317 961 superiore

283 986 317 1052 in
339 986 463 1053 flumen
488 981 739 1077 compulerunt;
765 997 799 1051 et
823 987 964 1052 transire
983 999 1159 1074 conantes,
1181 988 1318 1056 insecuti

280 1101 411 1197 gladiis,
424 1126 577 1198 magnam
592 1117 719 1197 partem
732 1127 849 1171 eorum
863 1102 1053 1196 impeditam
1070 1105 1317 1175 interfecerunt.

278 1223 345 1315 Ipsi
361 1223 502 1291 transire
518 1223 643 1291 flumen
661 1246 729 1290 non
748 1221 998 1308 dubitaverunt3
1015 1236 1062 1307 et,
1080 1224 1114 1290 in
1132 1220 1240 1292 locum
1256 1227 1318 1292 ini-

278 1363 383 1433 quum
407 1343 595 1436 progressi,
618 1365 733 1410 rursus
755 1365 920 1435 regressos
942 1365 980 1409 ac
999 1343 1186 1410 resistentes
1208 1343 1318 1412 hostes

278 1459 503 1556 redintegrato
513 1459 631 1554 proelio
647 1463 681 1528 in
691 1460 804 1555 lugam
813 1457 986 1529 dederunt.
999 1463 1083 1528 Item
1100 1459 1163 1529 alia
1173 1462 1207 1528 in
1223 1476 1317 1556 parte
1356 1451 1359 1458 Δ

278 1577 414 1650 diversae
436 1580 509 1650 duae
531 1580 695 1676 legiones,
717 1577 892 1648 undecima
918 1593 952 1648 et
976 1596 1108 1664 octava,
1135 1580 1316 1677 profligatis

277 1699 538 1787 Veromanduis,
564 1701 760 1794 quibuscum
786 1712 881 1767 erant
900 1701 1081 1796 congressi,
1106 1725 1147 1769 ex
1168 1699 1242 1770 loco
1264 1725 1318 1768 su-

277 1822 408 1915 periore
423 1822 457 1888 in
473 1822 552 1914 ipsis
567 1820 712 1888 fluminis
727 1819 808 1914 ripis
824 1819 1071 1912 praeliabantur.
1089 1824 1136 1891 At
1150 1835 1219 1890 tum
1237 1823 1318 1891 totis

277 1941 380 2010 feres
405 1941 514 2010 fronte
533 1908 624 2008 etiab
648 1939 780 2007 sinistra
799 1953 894 2032 parte
911 1938 1044 2008 nudatis
1063 1943 1192 2029 castris,
1213 1966 1317 2035 quum

277 2064 312 2128 in
328 2060 447 2130 dextro
469 2084 573 2128 cornu
589 2057 675 2153 legio
696 2057 909 2146 duodecima,
931 2073 965 2126 et
986 2083 1053 2127 non
1075 2083 1197 2154 magno
1213 2062 1254 2129 ab
1277 2080 1331 2134 eet.

277 2175 454 2248 intervallo
476 2179 616 2273 septima
634 2179 852 2263 constitisset,
873 2201 987 2246 omnes
1008 2177 1123 2246 Nervii
1142 2179 1318 2248 confertis·

277 2301 361 2368 simo
382 2301 535 2396 agmine,
559 2298 642 2367 duce
662 2297 896 2392 Boduognato,
916 2298 974 2391 qui
995 2322 1157 2366 summam
1184 2299 1316 2393 imperii

276 2419 429 2505 tenebat,
457 2418 500 2489 ad
526 2443 602 2488 eum
626 2415 738 2486 locum
763 2415 1039 2486 contenderunt:
1069 2442 1212 2510 quorum
1236 2442 1316 2512 pars

277 2553 393 2635 aperto
415 2537 517 2608 latere
533 2535 679 2631 legiones
700 2535 954 2624 circumvenire,
976 2559 1052 2631 pars
1077 2561 1245 2606 summum
1263 2537 1318 2607 lo-

276 2684 353 2729 cum
373 2673 557 2731 castrorum
574 2670 687 2750 petere
703 2657 813 2751 coepit.

324 2747 450 2851 itxlv.
466 2777 593 2850 Eodem
608 2791 757 2870 tempore
773 2778 901 2870 equites
916 2779 1036 2866 nostri,
1051 2776 1196 2873 levisque
1212 2804 1320 2851 arma-

277 2915 360 2968 turae
374 2900 517 2993 pedites,
531 2900 590 2992 qui
608 2921 685 2967 cum
706 2896 745 2965 iis
765 2920 832 2966 una
846 2895 994 2984 fuerant,
1011 2923 1095 2991 quos
1110 2900 1217 2993 primo
1236 2900 1320 2971 bos·

276 3018 359 3086 tium
381 3018 505 3110 impetu
524 3017 636 3111 pulsos
652 3014 816 3103 dixeram,
831 3040 935 3110 quum
955 3041 990 3086 se
1010 3020 1045 3085 in
1060 3033 1167 3088 castra
1188 3019 1321 3114 recipe-

276 3151 364 3224 rent,
385 3135 530 3204 adversis
550 3135 701 3206 hostibus
716 3136 951 3221 occurrebant,
967 3159 1006 3203 ac
1025 3160 1140 3206 rursus
1161 3136 1259 3207 aliam
1281 3142 1319 3210 in

277 3269 404 3350 partem
430 3254 541 3348 bigam
561 3253 717 3349 petebant
738 3280 746 3322 ε
767 3267 800 3322 et
819 3251 965 3343 calones,
985 3255 1043 3346 qui
1065 3254 1107 3322 ab
1130 3254 1318 3328 decumana

276 3388 372 3470 porta
385 3399 423 3443 ac
438 3397 569 3444 summo
579 3375 662 3468 jugo
672 3371 766 3442 collis
777 3387 909 3442 nostros
922 3374 1063 3443 victores
1073 3373 1196 3442 flumen
1209 3389 1319 3445 trans-

276 3496 338 3564 isse
365 3505 621 3588 conspexerant,
645 3491 814 3586 praedandi
841 3517 938 3562 causa
968 3495 1107 3588 egressi,
1128 3517 1232 3586 quum
1257 3519 1316 3563 re-

275 3615 471 3709 spexissent,
487 3627 520 3682 et
536 3611 647 3681 hostes
666 3613 701 3679 in
718 3613 840 3681 nostris
860 3615 1116 3712 castris'versari¹
1134 3613 1315 3702 vidissent,

275 3735 459 3831 precipites
478 3731 564 3826 suga
578 3755 649 3800 sese
663 3730 875 3800 mandabant.
889 3729 997 3802 Simul
1009 3757 1139 3821 eorum,
1154 3734 1212 3826 qui
1232 3758 1311 3803 cum

276 3851 519 3948 impedimentis
534 3850 725 3936 veniebant,
744 3845 870 3920 elamor
890 3852 1105 3944 fremitusque
1123 3853 1313 3940 oriebatur;

273 3972 396 4067 aliique
427 3969 525 4039 aliam
549 3972 584 4038 in
608 3983 736 4064 partem
762 3974 931 4063 perterriti
955 3972 1156 4042 ferebantur.
1180 3975 1313 4061 Quibus
