3026 4768
444 340 496 394 nn
514 341 637 396 semo
658 339 822 396 osunen
844 339 912 394 urs.
930 337 977 392 rr.
1200 353 1236 410 7„

191 491 288 534 sirum
299 489 346 537 nc
355 466 427 559 egri
439 465 734 534 vacaredicuntur.
749 463 799 534 Ad
812 447 951 532 illerum
964 475 1092 555 partem
1105 485 1236 547 ,sncce-

190 585 275 654 dunt
294 585 394 666 Ubii,
413 608 556 677 quorum
573 585 635 653 fuit
653 585 770 654 civitas
789 583 900 677 ampla
918 597 1018 676 atque
1038 581 1179 669 florens,
1199 598 1237 651 ut

189 718 241 774 est
264 721 382 798 captus
399 705 666 793 Germanorum,
684 720 716 773 ct
737 703 852 798 paulo,
870 726 970 797 quam
995 717 1073 772 sunt
1089 699 1236 795 ejusdem

190 824 337 918 generis,
353 823 452 892 etiam
470 825 589 892 ceteris
605 824 832 912 humaniores,
850 837 1025 917 propterea
1042 820 1133 915 quod
1147 821 1236 890 Rhe-

191 967 274 1012 num
289 943 476 1037 attingunt,
493 939 703 1036 multumque
713 941 754 1012 nd
769 967 825 1012 eos
838 958 1038 1013 mercatores
1053 943 1235 1025 ventitant,

192 1077 227 1131 et
245 1065 305 1156 ipsi
326 1075 463 1156 propter
482 1062 765 1156 propinquitatem
783 1061 908 1158 gallicis
924 1076 1002 1132 sunt
1019 1062 1167 1131 moribus
1183 1087 1236 1131 as·

192 1181 338 1252 suefacti.
365 1184 434 1251 llos
457 1206 563 1275 quum
588 1183 704 1267 Suevi,
726 1181 839 1252 multis
864 1207 950 1278 sepe
973 1180 1068 1252 bellis
1094 1185 1233 1276 experti,

194 1317 331 1396 propter
339 1299 593 1396 amplitudinem
606 1303 869 1397 gravitatemque
880 1303 1037 1389 civitatis,
1050 1302 1172 1372 finibus
1184 1327 1236 1371 ex·

194 1421 315 1518 pellere
331 1446 398 1491 non
412 1422 612 1515 potuissent,
627 1437 741 1491 tamen
753 1423 930 1516 vectigales
942 1424 1004 1492 sihi
1018 1423 1181 1511 fecerunt,
1196 1447 1236 1493 sc

197 1541 301 1611 multo
317 1540 510 1610 humiliores
526 1541 791 1636 infirmioresque
807 1541 1015 1637 redegerunt.

244 1665 357 1733 lv.1n
375 1662 492 1732 eadem
509 1685 607 1731 causa
630 1661 768 1732 fuerunt
785 1663 937 1756 Usipetes
956 1676 990 1731 et
1013 1661 1234 1748 Tenehtheri,

194 1807 278 1878 quos
302 1807 403 1876 supra
429 1782 589 1870 diximus,
617 1785 673 1876 qui
700 1781 888 1876 complures
912 1807 1016 1851 annos
1048 1785 1234 1856 Suevorum

195 1905 262 1972 vim
282 1884 526 1990 sustinusrhnt3
539 1901 581 1970 ad
594 1917 778 1972 extremum
795 1917 921 1988 tamen,
937 1903 1023 1998 agris
1042 1903 1185 1998 expulsi,
1202 1919 1236 1973 et

195 2021 308 2092 multis
318 2023 508 2092 Germaniae
521 2019 601 2092 locis
612 2022 791 2092 triennium
805 2023 929 2116 regati,
942 2022 986 2091 ad
1000 2023 1155 2092 Rhenum
1166 2049 1237 2118 per-

194 2157 356 2212 venerunt
367 2167 375 2209 :
387 2167 468 2236 quas
481 2117 633 2236 regiones
643 2142 790 2234 Menapii
803 2121 991 2211 incolebent
1000 2193 1009 2227 ,
1018 2159 1051 2211 et
1061 2143 1103 2212 ad
1115 2161 1238 2212 utram-

193 2287 259 2356 que
278 2262 385 2357 ripam
406 2262 552 2332 fluminis
572 2284 686 2356 agros,
705 2258 858 2347 aedificis,
877 2262 1032 2356 vicosque
1054 2263 1237 2346 habebant;

194 2383 265 2468 sed,
283 2395 383 2454 tantae
400 2382 623 2454 multitudinis
639 2379 732 2448 aditu
745 2380 928 2474 perterriti,
948 2407 988 2450 ex
1006 2382 1058 2451 his
1076 2381 1237 2470 aediliciis,

193 2526 268 2596 que
292 2517 384 2571 trans
413 2501 537 2571 flumen
569 2500 771 2588 habuerant,
802 2499 1083 2594 demigraverant,
1115 2516 1163 2588 et,
1190 2525 1238 2570 crs

194 2623 351 2690 Rhenum
370 2619 537 2713 dispositis
555 2619 731 2713 presidiis,
758 2621 944 2688 Germanos
963 2622 1102 2688 transire
1114 2621 1237 2713 prohi-

181 2739 330 2831 ,behem
350 2736 418 2824 llli,
439 2739 551 2806 omnia
571 2739 714 2832 experti,
733 2763 837 2832 quum
858 2762 964 2832 neque
982 2741 1014 2807 vi
1037 2739 1238 2808 contendere

197 2872 334 2952 propter
357 2859 502 2951 inopiam
521 2857 676 2942 navium,
696 2881 805 2950 neque
829 2856 915 2926 clam
940 2861 1080 2927 transire
1101 2873 1237 2953 propter

195 2979 362 3050 custodias
381 2979 614 3072 Menapiorum
637 2993 784 3072 possent,
803 2979 923 3048 reverti
940 3003 975 3046 se
997 2980 1029 3047 in
1050 3003 1125 3048 suns
1146 2981 1238 3052 sedes

196 3103 413 3195 regionesque
429 3096 684 3183 simulaverunt3
702 3114 735 3168 et
749 3099 851 3168 tridui
867 3100 954 3167 viam
969 3103 1148 3195 progressi,
1165 3125 1239 3172 rur-

196 3245 252 3289 sus
268 3235 497 3306 reverterunt,
511 3233 625 3314 atque,
639 3223 730 3287 omni
747 3218 810 3288 hoc
825 3221 942 3288 itinere
955 3243 1021 3288 una
1034 3237 1132 3290 nocte
1147 3225 1239 3315 equi·

196 3354 268 3409 tatu
288 3341 456 3427 confecto,
472 3339 592 3408 inscios
612 3341 888 3432 inopinantesque
907 3341 1083 3435 Menapios
1099 3364 1237 3435 oppres-

197 3475 326 3545 serunt,
350 3483 424 3552 qur,
443 3457 484 3527 de
503 3461 751 3528 Germanorum
771 3456 915 3528 discessu
934 3484 995 3552 per
1014 3459 1238 3554 exploratores

198 3583 355 3649 certiores
375 3579 467 3666 fecti,
488 3579 560 3647 sine
582 3593 674 3647 metu
695 3592 786 3647 trans
811 3578 966 3650 Rhenum
989 3583 1023 3649 in
1049 3605 1125 3651 suos
1147 3585 1238 3654 vicos

198 3701 468 3793 remigraverant.
487 3700 548 3768 His
570 3697 766 3784 intersectis,
785 3700 990 3792 navibusque
1006 3726 1123 3770 eorum
1139 3725 1237 3770 occu·

196 3823 304 3913 potis,
321 3821 512 3914 priusquam
531 3839 569 3884 ea
589 3839 666 3908 pars
687 3819 937 3912 Menapiorum,
956 3844 1030 3914 quae
1045 3823 1128 3889 citra
1150 3821 1238 3890 Rhe-

202 3957 283 4002 num
303 3935 416 4030 quieta
438 3939 472 4002 in
494 3935 562 4003 suis
579 3933 709 4005 sedibus
730 3953 816 4026 eret,
838 3941 961 4008 certior
979 3939 1091 4028 fieret,
1113 3941 1236 4011 flumen
