3068 4772
300 419 355 470 170
471 401 503 458 c
522 401 803 461 sumussants
824 403 1150 464 mensurnam

297 553 301 562 ·
334 502 417 596 XV.
437 524 575 595 Rhodiis
595 526 733 597 navibus
752 541 888 620 preerat
905 521 1123 622 Euphranor,
1141 521 1241 598 animi
1255 553 1327 600 ma-

296 643 469 738 gnitudine
483 667 521 713 ae
536 646 654 715 virtute
668 645 770 740 magis
785 669 861 714 cum
874 648 993 717 nostris
1006 647 1210 737 hominibus,
1225 674 1324 744 quam

295 788 371 832 cum
384 765 525 851 Graecis,
535 763 784 857 comparandus.
800 768 860 834 llic
872 765 915 834 ob
926 767 1127 836 notissimam
1138 769 1323 859 scientiam,

255 892 256 896 ’
296 896 396 976 atque
410 883 511 951 animi
523 882 783 978 magnitudinem
796 881 964 968 ‚delectus
976 899 1025 954 est
1036 885 1077 954 ab
1091 886 1247 975 Rhodiis,
1265 893 1322 983 qui

296 1003 472 1094 imperium
489 1000 599 1071 classis
617 998 791 1072 obtineret.
820 1002 903 1093 Qui,
923 1004 980 1072 ubi
1009 1005 1147 1074 Coesada
1175 1008 1322 1079 animum

294 1120 435 1190 advertit
454 1147 463 1188 ε
483 1149 501 1186 α
519 1120 649 1191 Videris
667 1120 763 1206 milri,
786 1121 905 1215 inquit,
925 1120 1047 1214 Ceasar,
1067 1125 1187 1211 vereri,
1207 1126 1234 1193 si
1254 1126 1323 1196 hee

294 1235 378 1306 vada
392 1239 506 1333 primis
523 1239 659 1308 navibus
679 1241 865 1327 intraveris,
883 1223 926 1308 oe
945 1241 1037 1334 prius
1056 1239 1211 1312 dimicare
1228 1269 1323 1339 coga-

294 1358 358 1445 ris,
377 1381 476 1451 quam
494 1357 654 1452 reliquam
671 1356 807 1430 classem
823 1359 926 1454 possis
940 1357 1113 1454 explicare.
1129 1361 1233 1432 Nobis
1251 1387 1322 1435 tem

293 1477 459 1545 committe
478 1502 486 1544 ε
506 1501 565 1548 noa
584 1475 736 1571 paralium
758 1477 990 1548 sustinebimus
1008 1476 1141 1573 (neque
1159 1493 1254 1550 tuum
1268 1482 1322 1574 ju·

293 1594 414 1663 dicium
435 1593 634 1691 fallamus),
653 1595 731 1665 dum
752 1593 869 1689 reliqui
889 1597 1139 1691 subsequantur.
1158 1602 1226 1668 Hos
1244 1601 1321 1692 qui·

294 1711 368 1782 dem
388 1713 512 1783 diutius
531 1714 564 1784 in
584 1727 696 1784 nostro
713 1698 889 1809 conspectu
910 1711 1057 1810 gloriari,
1087 1739 1207 1811 magno
1226 1717 1322 1787 nobis

293 1845 325 1901 et
341 1831 493 1902 dedecori
518 1847 550 1902 et
570 1831 676 1902 dolori
692 1847 749 1902 est.
769 1861 786 1898 a
805 1835 913 1902 Cesar
931 1830 1023 1903 illum
1043 1833 1249 1921 adhortatus,
1268 1851 1320 1905 at·

294 1974 358 2043 que
374 1953 527 2021 omnibus
548 1951 698 2021 laudibus
718 1966 923 2045 prosecutus,
944 1951 1001 2022 dat
1030 1954 1161 2048 siguum
1193 1979 1319 2050 pugnes.

296 2071 486 2162 Progressus
505 2068 590 2139 ultra
612 2069 732 2139 vadum
754 2093 788 2142 tv
807 2070 940 2140 rhodiae
960 2095 1059 2142 naves
1075 2073 1321 2143 circumsistunt

292 2184 640 2281 Alexandrioi‚atque
659 2189 694 2256 in
714 2211 768 2258 eas
785 2191 943 2282 impetum
975 2189 1109 2260 faciunt„
1149 2194 1321 2262 Sustinent

293 2303 356 2394 illi,
374 2321 473 2398 atque
489 2321 560 2376 arte
577 2305 772 2401 solertiaque
789 2333 824 2396 se
841 2307 1005 2402 explicant
1021 2335 1030 2378 ε
1047 2335 1085 2380 ac
1103 2324 1230 2380 tantum
1245 2311 1322 2381 doo-

294 2427 377 2493 trina
396 2426 519 2519 potuit,
538 2441 576 2496 ut
591 2428 625 2495 in
641 2426 761 2522 dispari
778 2451 916 2497 numero
934 2427 1024 2498 nulla
1037 2443 1219 2500 transversa
1234 2431 1321 2500 hosti

291 2544 506 2638 objiceretur,
524 2543 654 2615 nullius
665 2546 747 2615 remi
768 2547 1032 2640 detergerentur‚
1051 2547 1107 2618 sed
1123 2571 1253 2643 semper
1270 2573 1324 2618 ve·

291 2664 456 2735 nientibus
468 2664 610 2734 adversas
621 2680 841 2736 occurrerent.
863 2666 997 2736 Interim
1013 2681 1089 2737 sunt
1102 2666 1235 2761 reliquae
1249 2667 1322 2738 aub-

292 2797 417 2852 seoutae.
436 2786 521 2852 Tum
537 2785 722 2854 necessario
742 2784 918 2855 discessum
942 2785 985 2856 ab
1002 2799 1072 2855 arte
1094 2801 1158 2874 est,
1186 2799 1322 2880 propter

290 2903 459 2997 angustias
476 2899 557 2986 loci,
574 2917 672 2996 atque
689 2927 788 2972 omue
807 2919 969 2973 certamen
995 2905 1029 2972 iu
1052 2905 1172 2974 virtute
1196 2906 1321 2973 consti·

290 3022 340 3088 tit.
365 3021 481 3113 Neque
500 3043 579 3090 vero
599 3019 803 3090 Alexandria·
825 3020 886 3089 fnit
905 3022 1093 3120 quisquam,
1114 3036 1170 3092 aut
1189 3037 1321 3092 nostro·

290 3162 362 3206 rum
382 3152 439 3205 aut
455 3139 717 3233 oppidanorum,
747 3141 804 3232 qui
825 3137 934 3208 autin
952 3165 1069 3234 opere,
1089 3142 1198 3210 autin
1213 3165 1320 3236 oppu-

291 3256 447 3350 gnatione
472 3272 668 3352 occupatum
703 3259 849 3328 animum
873 3259 1026 3348 haberet,
1058 3260 1138 3353 quio
1163 3258 1319 3329 altissima

290 3388 377 3444 tecta
397 3389 538 3469 peteret,
563 3387 662 3470 atque
679 3401 718 3446 ex
741 3378 832 3446 omni
856 3391 1032 3472 prospectu
1058 3375 1166 3446 locum
1193 3393 1320 3470 specta-

290 3492 367 3565 culo
380 3511 529 3590 caperet,
545 3497 763 3592 precibusque
782 3512 815 3566 et
833 3510 909 3565 voto
930 3497 1097 3565 victoriam
1115 3497 1182 3562 suis
1199 3520 1236 3564 ac
1254 3495 1320 3564 diis

291 3613 530 3686 immortalibus
541 3631 741 3711 exposceret.
882 3621 884 3628 ’

336 3737 427 3806 xvl.
446 3737 585 3805 Minime
612 3750 720 3804 autem
743 3757 803 3828 par
829 3746 899 3800 erat
919 3729 1023 3825 proelii
1053 3743 1227 3800 certamen.
1247 3729 1319 3798 No·
1389 3735 1400 3748 '

288 3854 363 3923 stris
377 3856 465 3924 enim
484 3879 618 3949 prorsus
636 3877 741 3949 neque
756 3867 842 3922 terra
862 3875 969 3945 neque
984 3851 1066 3920 mari
1082 3849 1242 3944 effugium
1262 3849 1319 3920 da-

287 3973 386 4042 batur
398 3973 504 4063 victis,
516 3975 690 4068 omniaque
705 3973 884 4042 victoribus
893 3983 985 4042 erant
1000 3967 1113 4040 lutura
1122 3970 1155 4039 in
1168 3969 1319 4041 incerto:
