3050 4772
252 353 307 394 ata
407 342 438 397 C.
460 343 556 398 tum
577 344 738 401 OESARIS
760 345 1125 401 COMMENTARIORUM

250 468 473 536 munitionum
502 469 676 563 disposito,
702 483 757 556 ut,
782 472 808 538 si
835 495 912 539 usus
937 471 1063 559 veniat,
1085 495 1182 539 suurn
1202 472 1289 565 quis-

249 611 314 679 que
326 585 435 656 locum
451 603 563 656 teneat
577 605 611 657 et
626 593 774 674 noverit,
790 591 980 683 equitatum·
992 615 1032 658 ex
1047 592 1160 658 castris
1176 590 1287 680 educi,

249 721 291 775 et·
307 705 461 800 proelium
487 710 650 777 committi
674 710 777 801 jubet
805 713 884 778 Erat
913 735 951 778 ex
979 710 1134 778 omnibus
1157 713 1287 797 castris,

247 853 321 921 quae
341 853 508 897 summum
531 828 679 922 undique
699 830 818 922 jugum
839 831 1008 916 tenebant,
1031 829 1220 924 despectus3
1243 846 1290 900 at·

248 974 314 1041 que
338 951 488 1017 omnium
515 947 658 1018 militum
682 950 800 1018 intenti
822 951 925 1017 animi
948 975 1066 1042 pugnae
1089 964 1287 1044 proventum

247 1069 490 1163 exspectabant.
513 1067 601 1140 Galli
623 1070 710 1136 inter
726 1071 851 1162 equites
869 1093 963 1136 raros
984 1069 1169 1161 sagittarios
1189 1094 1286 1163 expe·

247 1187 400 1282 ditesque
420 1187 503 1256 levis
522 1203 697 1257 armaturae
717 1189 966 1282 interjecerant,
985 1189 1042 1281 qui
1061 1189 1128 1257 suis
1147 1189 1288 1288 cedenti-

247 1309 308 1378 bus
322 1307 446 1379 auxilio
460 1323 702 1397 succurrerent,
716 1323 750 1377 et
761 1286 952 1377 nostrorum
964 1310 1114 1402 equitum
1127 1309 1288 1402 impetum

246 1432 456 1500 sustinerent.
484 1428 535 1498 Ab
556 1427 608 1497 his
634 1427 822 1522 complures
852 1429 894 1497 de
916 1429 1096 1522 improviso
1124 1425 1288 1496 vulnerati

246 1549 364 1645 proelio
387 1549 598 1618 excedebant.
631 1549 746 1637 Quum
769 1573 845 1617 suos
870 1572 982 1644 pugna
1008 1549 1193 1642 superiores
1220 1572 1289 1616 esse

247 1668 337 1739 Galli
360 1668 582 1753 considerent,
610 1683 645 1736 et
672 1682 802 1737 nostros
827 1669 934 1762 premi
959 1664 1174 1736 multitudine
1199 1667 1290 1735 vide·

246 1805 336 1874 rent,
368 1815 407 1857 ex
443 1788 596 1858 omnibus
628 1789 793 1880 partibus,
830 1803 864 1855 et
896 1788 918 1856 ii
953 1789 1010 1881 qui
1046 1787 1289 1855 munitionibus

248 1909 524 1994 continebantur,
558 1921 591 1975 et
625 1907 649 1973 ii
684 1907 741 1998 qui
772 1904 814 1973 ad
849 1905 1009 1975 auxilium
1046 1921 1288 2002 convenerant,

246 2025 393 2093 clamore
411 2041 444 2092 et
463 2024 593 2093 ululatu
612 2049 749 2092 suorum
767 2025 895 2094 animos
917 2025 1169 2094 confirmabant.
1187 2024 1289 2112 Quod

248 2146 282 2212 in
301 2157 480 2237 conspectu
497 2145 646 2212 omnium
663 2166 714 2212 res
730 2144 920 2238 gerebatur,
938 2168 1045 2237 neque
1062 2158 1151 2212 recte
1165 2170 1204 2213 ac
1221 2160 1291 2212 tur.

247 2265 335 2358 piter
351 2263 475 2331 factum
493 2261 593 2331 celari
611 2278 757 2356 poterat,
774 2278 932 2357 utrosque
948 2278 982 2331 ct
1002 2262 1110 2331 laudis
1127 2264 1290 2355 cupiditas

248 2400 280 2452 et
297 2385 398 2452 timor
410 2383 600 2477 ignominiae
615 2383 657 2450 ad
673 2384 833 2451 virtutem
845 2383 1041 2450 excitabant.
1058 2384 1173 2472 Quum
1190 2407 1208 2450 a
1223 2408 1291 2451 me·

246 2505 331 2575 ridie
348 2495 452 2600 prope
471 2503 513 2572 ad
530 2500 607 2571 solis
624 2527 775 2571 occasum
796 2502 897 2570 dubia
912 2501 1050 2570 victoria
1069 2517 1290 2596 pugnaretur,

248 2626 408 2698 Germani
435 2648 501 2692 una
524 2625 559 2690 in
580 2638 673 2717 parte
696 2622 852 2690 confertis
881 2623 1000 2690 turmis
1032 2623 1066 2690 in
1093 2622 1203 2690 hostes
1227 2623 1291 2690 im·

248 2763 363 2838 petum
385 2744 550 2831 fecerunt,
576 2768 696 2836 eosque
720 2739 960 2837 propulerunt;
980 2741 1099 2834 quibus
1120 2743 1154 2809 in
1178 2741 1290 2837 lugam

248 2867 423 2958 conjectis,
440 2863 603 2958 sagittarii
620 2863 838 2931 circumventi
857 2860 1086 2954 interfectique
1102 2876 1189 2930 sunt.
1207 2863 1290 2929 Item

248 3006 289 3048 ex
305 2980 444 3075 reliquis
460 2983 610 3077 partibus
627 2982 745 3066 nostri,
762 2979 914 3049 cedentes
933 3005 1039 3073 usque
1055 2982 1098 3050 ad
1114 2995 1219 3049 castra
1240 2982 1289 3047 in-

250 3102 369 3188 secuti,
387 3105 438 3170 sui
457 3100 635 3196 colligendi
650 3098 839 3169 facultatem
857 3124 925 3167 non
945 3098 1118 3168 dederunt.
1133 3104 1176 3170 At
1197 3101 1219 3167 ii
1233 3103 1291 3194 qui

249 3219 290 3288 ab
308 3216 418 3289 Alesia
431 3238 677 3313 processerant,
693 3221 819 3308 moesti,
834 3242 939 3313 prope
953 3219 1092 3287 victoria
1106 3217 1290 3312 desperata,

249 3365 283 3409 se
298 3342 333 3408 in
350 3340 512 3434 oppidum
526 3353 731 3432 receperunt.

297 3462 454 3530 LXXXI.
477 3460 557 3527 Uno
577 3458 630 3527 dic
651 3461 851 3548 intermisso,
873 3459 979 3550 Galli,
999 3476 1113 3554 atque,
1135 3462 1199 3530 hoc
1219 3485 1292 3555 spa-

248 3583 312 3670 tio,
342 3605 466 3676 magno
492 3579 653 3666 cratium,
677 3577 855 3668 scalarum,
888 3581 1121 3677 harpagonum
1153 3606 1293 3650 numero

247 3701 379 3788 effecto,
398 3700 508 3770 media
524 3713 623 3768 nocte
640 3697 772 3768 silentio
792 3725 832 3768 ex
849 3703 965 3769 castris
984 3703 1123 3796 egressi,
1140 3703 1182 3770 ad
1203 3725 1293 3770 cam-

163 3811 166 3817 *
247 3836 372 3915 pestres
400 3821 603 3889 munitiones
628 3819 802 3889 accedunt.
828 3819 946 3889 Subito
971 3819 1116 3890 clamore
1144 3818 1292 3909 sublato,

247 3965 313 4034 qua
344 3939 584 4034 significatione
607 3943 665 4034 qui
689 3942 723 4009 in
746 3940 870 4035 oppido
894 3941 1133 4012 obsidebantur
1160 3943 1201 4011 de
1233 3967 1294 4010 suo
