3060 4768
503 408 552 463 nn
574 407 688 464 natio
707 409 951 466 aurasiensi.
1179 431 1233 488 299

213 531 350 602 consilio
367 531 481 600 habito
499 549 617 615 noctu,
636 533 754 623 patitur
771 532 947 600 Lusitanos
974 533 1180 625 eruptionem
1190 535 1233 604 fs·

215 675 287 720 cere
302 677 310 718 :
328 649 362 718 id
375 649 465 743 quod
478 648 629 720 consulto
643 675 704 720 non
719 650 948 719 existimabant
966 650 1046 720 fieri.
1064 656 1113 722 lta
1128 677 1234 723 erum·

216 770 343 864 pendo,
363 795 480 852 naves,
498 793 570 862 que
593 769 634 838 ad
656 772 764 839 Betim
794 769 915 853 flumen
944 769 1096 859 fuissent,
1126 773 1235 842 incen-

215 889 308 958 dunt.
329 890 442 958 Nostri
462 888 541 956 dum
568 889 717 957 incendio
737 889 942 976 detinentur,
962 889 1009 958 illi
1029 890 1236 985 profugiunt,

214 1024 247 1076 ct
263 1010 304 1076 ab
322 1009 486 1102 equitibus
502 1008 724 1077 conciduntur.
747 1009 824 1096 Quo
842 1008 943 1096 facto,
962 1009 1086 1103 oppido
1104 1034 1237 1106 recupe-

216 1144 302 1212 rato,
320 1132 431 1198 Aetam
460 1131 521 1196 iter
535 1129 642 1196 facere
656 1129 767 1219 coepit,
785 1152 824 1196 ex
843 1153 909 1221 qua
925 1130 1058 1199 civitate
1075 1129 1173 1224 legati
1194 1131 1236 1199 ad

215 1247 412 1316 deditionem
431 1262 605 1334 venerunt,
622 1243 882 1339 Mundensesque
897 1297 907 1334 ,
925 1247 983 1339 qui
1002 1271 1041 1316 ex
1063 1247 1179 1340 proelio
1202 1251 1236 1318 in

215 1366 373 1459 oppidum
388 1366 603 1458 confugerant
619 1417 627 1450 ,
641 1389 741 1456 quum
759 1364 882 1433 diutius
909 1366 1237 1456 circumsiderentur,

215 1485 299 1552 bene
315 1483 410 1552 multi
427 1483 625 1553 deditionem
641 1482 766 1551 faciunt
780 1508 789 1569 3
810 1497 952 1576 etquum
963 1499 1069 1554 essent
1085 1487 1119 1553 in
1134 1484 1237 1580 legio-

216 1627 290 1670 nem
306 1603 490 1688 distributi,
509 1605 678 1694 conjurant
697 1602 782 1670 inter
801 1626 856 1686 se,
874 1617 910 1670 ut
921 1617 1021 1670 noctu
1038 1604 1132 1696 signo
1143 1603 1237 1693 dato,
1258 1601 1260 1608 ’

215 1723 269 1814 qui
291 1723 324 1790 in
340 1721 462 1814 oppido
482 1721 630 1804 fuissent,
647 1721 854 1813 eruptionem
873 1720 1035 1808 facerent3
1052 1719 1099 1789 illi
1117 1723 1237 1792 cedern

215 1841 248 1907 in
275 1840 388 1908 castris
419 1839 688 1908 administrarent.
719 1843 789 1908 Hac
812 1861 848 1906 re
877 1839 1028 1933 cognita,
1052 1841 1236 1933 insequenti

217 1973 312 2027 nocte
331 1958 443 2050 vigilia
462 1959 574 2040 tertia,
593 1971 711 2026 tessera
732 1957 823 2044 dats,
857 1971 947 2026 extra
972 1957 1096 2028 vallum
1124 1983 1237 2030 omnes
1295 2004 1299 2010 ·

214 2091 290 2146 sunt
306 2079 437 2145 concisi.

262 2199 433 2264 XXXVII.
465 2196 665 2266 Carteienses
696 2194 808 2285 duces,
826 2195 905 2266 dum
923 2197 1033 2266 Caesar
1056 2197 1091 2264 in
1119 2197 1237 2266 itinere

214 2313 338 2408 reliqua
355 2315 475 2408 oppida
496 2330 687 2410 oppugnat,
707 2331 841 2409 propter
857 2319 1048 2409 Pompeium
1066 2315 1237 2385 dissentire

214 2452 392 2529 coeperunt.
409 2440 489 2505 Pars
512 2449 597 2522 erat,
616 2459 687 2528 quas
706 2434 829 2528 legatos
846 2433 887 2502 ad
906 2435 1067 2504 Caesarem
1089 2438 1237 2523 miserat;

214 2577 305 2646 pars,
318 2558 376 2649 qui
390 2558 661 2648 Pompeianarum
685 2555 826 2646 partium
844 2553 987 2622 fautores
1009 2567 1126 2622 essent
1147 2555 1238 2623 Sedi-

214 2672 301 2739 tione
316 2675 493 2756 concitata,
512 2687 621 2765 portas
637 2685 798 2765 occupant
816 2696 824 2738 :
841 2669 941 2740 rades
963 2671 1000 2740 fit
1015 2695 1152 2766 magna3
1169 2697 1238 2742 sau·

212 2789 282 2856 cius
297 2791 471 2880 Pompeius
488 2813 586 2858 naves
607 2815 672 2858 xxx
695 2804 835 2883 occupat
861 2787 994 2884 longas,
1018 2805 1051 2859 et
1080 2791 1236 2886 profugit.

211 2905 347 2990 Didius,
378 2907 433 2999 qui
454 2906 557 2978 Gadis
591 2908 682 2978 classi
715 2907 912 3002 prefuisset,
941 2907 983 2976 ad
1014 2933 1113 3002 quem
1139 2908 1236 2977 simul

213 3025 349 3092 nuntius
361 3023 478 3094 allatus
498 3041 560 3113 est,
577 3028 748 3096 confestim
768 3031 859 3122 sequi
878 3032 990 3123 coepit3
1010 3030 1131 3122 partim
1148 3028 1238 3122 pedi-

211 3155 299 3210 tatus
316 3157 348 3211 et
365 3146 530 3236 equitatus
549 3146 590 3214 ad
610 3144 872 3241 persequendum
891 3147 1039 3217 celeriter
1057 3151 1119 3217 iter
1138 3147 1236 3217 faeie·

210 3259 312 3328 bant:
334 3262 412 3330 item
425 3279 543 3355 quarto
557 3265 610 3334 die
622 3268 829 3360 navigatione
843 3266 1008 3354 confecta,
1024 3267 1236 3360 consequitur

210 3401 275 3446 eos.
293 3379 392 3467 Quod
410 3381 563 3475 imparati
578 3409 597 3452 a
613 3386 743 3454 Carteia
755 3384 893 3478 profecti
904 3386 974 3453 sine
983 3409 1068 3478 aque
1081 3385 1237 3468 fuissent,

210 3495 253 3566 ad
267 3512 387 3568 terram
401 3500 576 3594 applicant.
587 3506 675 3572 Dum
692 3518 867 3595 aquantur,
877 3503 993 3572 Didius
1007 3501 1109 3571 classe
1119 3527 1235 3570 occur·
1266 3549 1269 3556 -

211 3617 269 3704 rit,
280 3643 379 3688 naves
387 3621 543 3709 incendit,
554 3621 729 3690 nonnullas
740 3609 838 3716 capit.
850 3623 1025 3716 Pompeius
1038 3645 1112 3690 curn
1123 3621 1235 3713 paucis

213 3736 420 3828 profugit‚et
435 3739 542 3808 locum
559 3740 730 3834 quemdam
746 3743 910 3811 munitum
926 3755 1041 3810 natura
1060 3753 1207 3832 occupat.

260 3856 448 3925 XXXVlll.
474 3863 611 3951 Equites
636 3877 668 3930 et
688 3863 856 3947 colrortes,
880 3885 953 3954 que
977 3860 1018 3928 ad
1040 3881 1237 3952 persequen-

214 3969 290 4036 dum
313 3973 416 4039 misse
439 3992 565 4063 essent,
586 3981 846 4071 speculatoribus
865 3995 940 4048 ante
961 3980 1063 4048 missis
1082 3980 1236 4047 certiores
