3068 4772
264 356 317 434 198
437 359 468 414 C.
489 357 586 414 mut
606 357 771 414 ments
791 355 989 414 ΟΟΜΜΕΝΤ.
1012 357 1122 414 LIBER

262 507 345 570 sem,
362 508 463 576 quam
478 484 632 578 parabat,
647 497 685 551 ut
699 483 890 576 inspiceret,
904 479 1065 575 Hispalim
1079 483 1222 571 acoedit,
1239 486 1301 554 ibi·

262 626 328 696 que
339 617 505 690 moratur,
516 617 690 698 propterea
700 602 790 694 quod
802 601 945 672 edictum
953 615 1023 670 tota
1034 604 1200 696 provincia
1217 629 1298 699 pre·

260 735 428 816 posuerat,
452 737 505 808 ut,
524 722 645 815 quibus
667 722 822 815 pecunias
851 723 1056 812 imperasset,
1084 747 1191 816 neque
1219 750 1299 796 con·

262 840 432 928 tulissent,
453 865 487 910 se
503 841 641 910 adirent.
667 841 750 928 Quoe
770 841 918 910 evocatio
945 840 1156 910 vehementer
1183 867 1298 912 omnes

264 962 419 1032 turbavit.

309 1085 414 1152 LVII.
426 1083 564 1152 Interim
581 1084 618 1150 L
638 1081 759 1166 Titius,
778 1081 835 1172 qui
854 1105 893 1149 eo
910 1094 1059 1172 tempore
1073 1081 1226 1150 tribunus
1240 1084 1299 1150 mi·

262 1200 357 1270 litum
375 1202 407 1268 in
428 1199 557 1296 legione
574 1198 747 1270 vernacula
766 1198 888 1286 suerat,
912 1202 1045 1270 nuntiat
1070 1201 1173 1289 fama,
1195 1200 1299 1295 legio-

260 1344 337 1394 nem
357 1320 571 1406 tricesimam,
591 1343 690 1412 quam
715 1319 759 1406 Q.
779 1319 910 1388 Cassius
926 1317 1052 1414 legatus
1077 1318 1174 1390 simul
1196 1320 1296 1390 duce·

262 1440 334 1525 bat,
353 1462 456 1531 quum
474 1437 516 1514 ad
532 1438 690 1532 oppidum
707 1438 837 1531 Leptim
845 1453 950 1508 castra
966 1439 1121 1530 haberet,
1137 1440 1297 1510 seditione

263 1557 363 1647 facta,
384 1557 630 1627 centurionibus
657 1555 784 1650 aliquot
794 1559 924 1645 occisis,
944 1559 1001 1653 qui
1020 1561 1114 1654 signa
1132 1558 1203 1630 tolli
1227 1585 1295 1630 non

262 1678 490 1773 patiebantur,
509 1676 708 1764 discessisse,
732 1691 764 1746 et
782 1676 824 1746 ad
847 1677 1023 1748 secundam
1042 1677 1203 1772 legionem
1218 1703 1296 1748 con-

264 1798 424 1886 tendisse,
443 1821 517 1892 quae
533 1796 575 1866 ad
594 1797 715 1871 fretum
732 1796 797 1867 alio
813 1797 929 1868 itinere
946 1797 1136 1868 ducebatur.
1156 1799 1297 1892 Cognita

265 1941 314 2004 re,
337 1933 439 1988 noctu
465 1941 540 1986 cum
560 1918 705 2010 quinque
730 1915 922 1988 cohortibus
943 1917 1296 1988 unetvicesimanorum
1322 2007 1326 2015 ⁸

264 2038 445 2132 egreditur,
465 2061 561 2106 mane
579 2037 737 2130 pervenit.
754 2037 806 2112 lbi
825 2061 901 2110 eum
920 2036 1027 2122 diem,
1044 2050 1100 2125 ut,
1126 2037 1207 2130 quid
1222 2059 1297 2132 age·

264 2171 376 2242 retur,
390 2157 606 2251 perspiceret,
624 2169 785 2241 moratus,
802 2157 1001 2226 Carmonem
1020 2155 1201 2226 contendit.
1220 2158 1297 2238 Hic,

265 2299 367 2369 quum
385 2273 692 2370 legionensem,
708 2288 740 2346 et
758 2274 908 2347 cohortes
920 2297 954 2346 iv
969 2299 1009 2344 ex
1021 2276 1137 2368 quinta
1154 2274 1297 2370 legione,

265 2410 419 2489 totusque
433 2395 637 2464 convenisset
648 2396 811 2487 equitatus
820 2393 947 2482 ,audit‚
962 2419 998 2462 ιν
1011 2393 1180 2479 cobortes,
1199 2417 1298 2464 aver·

266 2513 390 2584 naculis
410 2537 581 2608 oppressas
601 2513 643 2585 ad
659 2511 866 2602 Obuculam,
887 2537 963 2584 cum
987 2513 1037 2582 his
1059 2512 1101 2582 ad
1121 2512 1297 2584 secundam

266 2635 452 2728 pervenisse
481 2630 660 2728 legionem,
687 2657 867 2726 omnesque
888 2633 932 2701 ibi
949 2656 983 2702 se
1009 2632 1237 2724 conjunxisse,
1264 2643 1299 2700 et

265 2756 303 2824 T.
317 2754 478 2826 Thorium
494 2750 692 2828 italicensem
704 2735 821 2824 ducein
836 2749 1002 2846 delegisse.
1014 2749 1175 2821 Celeriter
1184 2751 1297 2822 habito

266 2871 422 2959 consilio,
438 2869 635 2950 Marcellum,
650 2871 857 2958 Cordubam,
876 2887 913 2940 ut
930 2895 1002 2944 eam
1020 2872 1054 2939 in
1068 2883 1226 2964 potestate
1243 2893 1296 2938 re-

266 2992 401 3074 tineret,
416 2993 460 3080 Q.
476 2991 624 3063 Cassium
648 2986 795 3084 legatum
814 2987 976 3084 Hispalim
1004 2991 1115 3060 mittit.
1131 2991 1247 3060 Paucis
1265 2987 1296 3056 ei

265 3110 380 3180 diebus
388 3109 537 3194 affertur,
545 3121 745 3186 conventum
758 3108 1006 3179 Cordubensem
1021 3110 1062 3180 ab
1077 3107 1297 3192 endelecisse,

265 3225 526 3320 Marcellumque
549 3241 606 3296 aut
627 3227 813 3314 voluntate,
836 3243 892 3298 aut
911 3229 1100 3298 necessitate
1117 3226 1297 3298 adductum

264 3345 429 3444 (namque
447 3345 481 3414 id
496 3347 587 3415 varie
602 3345 854 3440 nuntiabatur),
872 3349 1056 3440 consentire
1071 3370 1147 3418 cum
1166 3345 1297 3415 Cordu-

264 3465 438 3556 bensibus;
447 3465 529 3534 duas
539 3465 690 3536 cobortes
703 3464 840 3561 legionis
857 3489 879 3534 v
890 3491 980 3560 ,qua
993 3466 1124 3537 fuerant
1133 3463 1298 3536 Corduba·

265 3589 299 3655 in
319 3585 489 3680 prasidio,
515 3585 603 3654 idem
622 3584 737 3656 facere.
760 3585 909 3672 Cassius,
938 3586 990 3656 his
1015 3586 1112 3655 rebus
1130 3586 1300 3668 incensus,

265 3721 378 3774 movet
396 3721 516 3792 castra,
542 3719 575 3774 et
593 3719 724 3800 postero
746 3705 799 3773 die
824 3707 997 3802 Segouiam
1017 3705 1059 3774 ad
1084 3703 1206 3774 flumen
1229 3700 1303 3772 Sili·

177 3833 181 3839 '
266 3850 363 3898 cense
376 3829 477 3895 uenit.
488 3824 538 3894 lbi
549 3824 660 3894 habita
679 3826 852 3914 concione,
870 3825 1009 3907 militum
1027 3837 1131 3896 tentat
1148 3821 1299 3890 animos:

267 3969 350 4037 quos
370 3945 552 4038 cognoscit,
581 3969 648 4012 non
675 3967 754 4030 sua,
782 3945 836 4014 sed
860 3946 994 4016 Caesaris
1020 3943 1162 4017 absentis
1182 3963 1302 4026 causa,
