3048 4770
258 388 278 462 ij
576 391 730 445 uorrrra
751 389 979 444 mmmmm
1027 467 1031 476 ν

257 526 307 580 est
324 511 515 604 hujusmodi
533 513 567 580 in
592 514 718 580 Bruto:
733 541 749 576 u
768 510 1032 582 Commentarios
1051 511 1182 605 scripsit
1202 508 1296 578 valde

257 644 390 739 quidem
416 643 622 739 probandos,
640 643 722 714 nudi
752 658 849 730 sunt,
879 646 975 733 recti,
995 659 1030 713 et
1052 645 1180 714 venusti
1204 645 1296 712 omni

256 792 377 847 ornatu
399 777 573 864 orationis,
592 793 750 870 tanquam
769 793 860 848 veste
880 777 1052 847 detracta:
1069 776 1125 846 sed
1142 775 1296 846 dumvo·

256 912 319 983 luit
347 911 430 981 alios
460 911 581 980 habere
609 924 740 1006 parata,
766 909 854 980 unde
875 923 1062 996 sumerent,
1090 912 1147 1003 qui
1177 909 1299 980 vellent

255 1047 396 1116 scribere
417 1043 610 1132 historiam3
641 1044 761 1137 ineptis
785 1059 918 1138 gratum
946 1043 1085 1113 fortasse
1111 1042 1208 1130 fecit,
1238 1046 1296 1135 qui

254 1179 312 1249 illa
330 1177 444 1248 volent
472 1176 666 1247 calamistris
691 1179 849 1245 inurere:
871 1201 969 1246 sanos
990 1177 1122 1269 quidem
1143 1178 1296 1245 homines

253 1338 274 1380 a
290 1310 464 1381 scribendo
484 1311 683 1380 deterruit.»
698 1313 750 1378 De
770 1309 886 1378 iisdem
902 1310 1031 1376 Hirtius
1054 1311 1099 1376 ita
1123 1309 1296 1404 praedicat,

254 1448 289 1514 in
307 1443 499 1539 praefatione
516 1443 591 1512 libri
609 1467 673 1512 viu
693 1443 736 1514 de
757 1443 894 1512 Caesaris
911 1439 998 1510 bello
1016 1440 1135 1536 gallico
1150 1467 1157 1508 :
1173 1443 1295 1513 «Adeo

255 1578 441 1672 probantur
459 1578 609 1646 omnium
633 1576 780 1670 judicio,
803 1589 841 1644 ut
866 1589 1044 1669 praerepta,
1066 1599 1135 1643 nou
1159 1578 1295 1669 praebita

255 1711 393 1783 facultas
418 1711 635 1806 scriptoribus
660 1708 823 1778 videatur.
853 1708 959 1801 Cujus
980 1723 1092 1777 tamen
1118 1710 1165 1776 rei
1187 1709 1295 1803 major

255 1860 388 1929 nostra,
412 1869 512 1936 quarn
536 1842 755 1935 reliquorum,
778 1855 828 1910 est
849 1840 1035 1910 admiratio.
1056 1840 1167 1909 Ceteri
1184 1843 1294 1926 enim,

254 2002 353 2072 quarn
367 1976 450 2044 bene
464 1988 564 2067 atque
574 1971 762 2058 emendate,
778 1997 838 2040 nos
849 1974 964 2060 etiam,
977 1997 1077 2065 quam
1090 1973 1185 2041 facile
1195 1990 1294 2068 atque

253 2111 403 2182 celeriter
423 2133 478 2180 eos
496 2107 745 2204 perscripserit,
764 2106 929 2174 scimus.»

302 2247 345 2312 Et
361 2255 452 2316 tanta
475 2267 582 2336 quum
594 2245 637 2314 sit
648 2238 959 2312 commentariorum
972 2238 1110 2308 Caesaris
1122 2255 1296 2329 venustus,

253 2393 364 2452 tamen
379 2379 532 2450 nonnulli
547 2381 670 2452 eruditi
686 2382 808 2456 Caesari
824 2381 1025 2477 abjudicant.
1051 2383 1116 2456 Sed
1135 2386 1209 2481 quis
1226 2411 1293 2457 non

252 2512 386 2583 credere
406 2512 502 2586 malit
525 2515 589 2609 ipsi
612 2517 773 2586 Suetonio
790 2515 1004 2611 Tranquillo,
1026 2518 1085 2611 qui
1108 2517 1157 2588 sic
1178 2519 1293 2588 scribit

252 2645 409 2732 inimic,
424 2671 495 2742 cap.
518 2644 565 2720 56
581 2675 588 2718 :
605 2679 622 2716 α
637 2647 786 2743 Reliquit
797 2665 832 2720 et
844 2675 959 2722 rerum
971 2677 1107 2724 suarum
1124 2679 1292 2726 common·

252 2781 353 2850 turios
375 2780 511 2872 Gallici,
530 2779 799 2876 Civilisquebelli
819 2786 1032 2880 Pompeiani3
1049 2811 1127 2857 nam
1146 2786 1292 2858 Alexan·

252 2911 341 2984 drini
352 2911 535 3006 Africique,
549 2929 582 2983 et
595 2915 836 3008 Hispaniensis,
852 2916 1000 2988 incertus
1014 2933 1133 2990 auctor
1145 2920 1213 2990 est?
1224 2918 1289 2990 Alii

251 3034 340 3116 eniui
369 3049 516 3141 Oppium
542 3063 680 3144 putaut;
701 3047 758 3118 alii
777 3048 941 3138 Hirtium,
962 3052 1021 3143 qui
1052 3053 1153 3122 etiam
1181 3050 1290 3148 gallici

249 3176 327 3252 belli
357 3181 572 3250 novissimum
604 3181 901 3278 imperfectumque
926 3180 1049 3252 librum
1078 3182 1291 3278 supplevit.»

248 3313 335 3402 Quis
350 3338 418 3382 non
434 3313 570 3382 credere
581 3311 675 3384 malit
688 3312 814 3405 Tullio,
825 3317 1172 3411 Hirtioque,quorum
1191 3318 1291 3387 verba

249 3446 429 3516 Suetonius
447 3447 609 3518 continuo
624 3448 819 3546 subjungit?
838 3449 950 3520 uidem
970 3452 1050 3522 item
1065 3450 1184 3520 babeat
1199 3453 1290 3520 Stra·

246 3577 343 3668 boni,
360 3582 419 3674 qui
434 3581 532 3652 initio
552 3580 629 3652 libri
645 3607 700 3670 rr,
715 3586 859 3656 advocat
878 3577 1093 3675 ὑπομνῆματα
1110 3585 1185 3655 θείου
1204 3588 1290 3654 Καί·

147 3709 152 3718 ’
247 3739 359 3804 σαρος,
388 3715 423 3784 id
447 3731 496 3786 ert
520 3715 786 3788 Commentarios
804 3715 877 3788 dr'oi
895 3717 1054 3788 Cosam.
1075 3720 1160 3788 Itcru
1178 3717 1291 3788 credat

246 3845 441 3935 Plutarcho,
458 3848 610 3942 quando,
626 3873 699 3942 quae
715 3873 756 3918 ex
775 3850 913 3922 Coesaria
927 3850 968 3920 de
985 3850 1074 3922 bello
1092 3852 1182 3921 civili
1200 3878 1291 3921 com-

245 3981 416 4052 mentariis
434 3981 535 4068 citat,
559 4005 597 4050 ea
616 3979 786 4076 hodieque
811 3983 855 4052 ibi
877 3982 1042 4078 leguntur.
1066 3985 1120 4056 Ad
1146 3987 1214 4056 luae
1232 4013 1291 4058 ve·
