3062 4766
562 419 759 475 PRAEFATIO
781 419 914 476 HIRTII.
1205 439 1262 504 ²¹9

215 568 305 614 ream
325 543 473 613 stultitiae
489 557 589 634 atque
609 543 810 638 arrogantiae
825 544 980 632 crimine,
998 544 1057 637 qui
1075 568 1128 612 me
1144 543 1261 614 mediis

214 677 470 771 interposuerim
495 677 633 747 Caesaris
652 677 795 770 scriptis.
816 679 958 746 Constat
978 677 1068 745 enim
1086 677 1174 745 inter
1189 701 1262 745 om·

212 833 271 878 nes
288 808 373 878 nihil
392 822 460 877 tam
483 833 622 903 operose
639 809 680 878 ab
699 807 771 880 aliis
790 833 860 880 esse
879 809 1063 904 perfectum
1084 809 1175 904 quod
1193 833 1262 878 non

213 942 336 1011 borum
356 937 520 1036 elegantia
541 943 868 1033 Commentariorum
886 955 1079 1036 superetur,
1105 943 1163 1034 qui
1185 956 1264 1010 sunt

217 1072 298 1142 editi
326 1073 525 1142 nescientia
549 1086 718 1143 tantarum
745 1099 859 1142 rerum
880 1074 1098 1166 scriptoribus
1121 1072 1262 1158 deesset,

213 1207 364 1306 adeoque
377 1207 563 1302 probantur
576 1206 727 1275 omnium
735 1206 863 1300 judicio
875 1221 913 1276 ut
923 1221 1089 1301 praerepta
1100 1230 1169 1274 raon
1178 1231 1263 1302 prae-

213 1340 284 1410 bita
300 1337 440 1410 facultas
456 1339 673 1434 scriptoribus
688 1339 849 1410 videatur.
872 1341 977 1434 Cujus
996 1354 1109 1409 tamen
1127 1308 1176 1409 rei
1192 1363 1263 1408 ma·

212 1473 267 1566 jor
284 1485 398 1541 nostra
417 1495 517 1566 quam
534 1471 741 1566 reliquorum
758 1487 808 1541 est
827 1470 1028 1544 admiratio:
1051 1475 1153 1542 ceteri
1171 1475 1262 1542 enim

217 1629 318 1698 quam
330 1606 414 1674 bene
426 1620 527 1700 atque
537 1605 727 1692 emendate,
742 1629 803 1674 nos
816 1606 916 1674 etiam
934 1630 1033 1700 quarn
1051 1605 1145 1675 facile
1161 1621 1263 1699 atque

217 1737 370 1807 celeriter
396 1763 452 1808 eos
477 1737 652 1833 perfecerit
674 1739 806 1808 scimus.
827 1741 909 1810 Erat
936 1753 1048 1808 autem
1077 1739 1112 1807 in
1134 1741 1263 1808 Caesare

220 1894 326 1964 quum
338 1869 476 1940 facultas
492 1885 592 1964 atque
608 1868 771 1966 elegantia
783 1895 910 1940 summa
924 1870 1106 1958 scribendi,
1122 1886 1195 1939 tum
1209 1896 1263 1939 ve-

216 2004 346 2074 rissima
357 2004 493 2073 scientia
504 2027 640 2073 suorum
655 2003 871 2074 consiliorum
881 2001 1165 2097 explicandorum·
1176 2005 1263 2073 Mihi

217 2161 260 2206 ne
281 2135 365 2208 illud
384 2137 519 2231 quidem
537 2136 657 2206 accidit
676 2152 716 2206 ut
736 2135 961 2206 Alexandrino
984 2149 1083 2229 atque
1105 2135 1261 2206 Africano

216 2268 304 2338 bello
324 2271 539 2356 interessem;
561 2295 635 2364 quae
654 2268 742 2338 bella
765 2294 954 2364 quanquam
979 2295 1018 2338 ex
1044 2286 1139 2364 parte
1164 2272 1261 2341 nobis

217 2403 355 2474 Caesaris
385 2429 538 2474 sermone
563 2417 641 2473 sunt
671 2417 763 2490 nota,
786 2417 898 2472 tamen
923 2401 1019 2472 aliter
1047 2404 1200 2472 audimus
1223 2429 1262 2472 ea

219 2559 293 2628 quae
312 2561 425 2607 rerum
446 2539 593 2606 novitate
617 2551 675 2606 aut
689 2534 909 2604 admiratione
924 2560 984 2604 nos
1001 2539 1154 2628 capiunt,
1166 2535 1262 2606 aliter

219 2692 294 2760 quae
313 2693 375 2760 pro
399 2669 589 2737 testimonio
610 2691 724 2738 sumus
749 2667 881 2737 dicturi.
907 2667 974 2736 Sed
999 2692 1061 2762 ego
1086 2669 1260 2754 nimirum,

219 2800 300 2870 dum
320 2826 437 2871 omnes
458 2802 677 2871 excusationis
693 2826 807 2871 causas
828 2799 949 2896 colligo
974 2827 1016 2869 ne
1041 2825 1117 2870 cum
1135 2806 1262 2872 Caesare

219 2920 386 3006 conferas,
408 2921 473 2990 boc
494 2922 567 3015 ipsc
591 2923 717 2990 crimen
741 2921 938 3017 arrogantia·
958 2921 1075 3010 subeo,
1098 2921 1189 3016 quod
1208 2947 1262 2990 me

216 3053 344 3147 judicio
361 3054 556 3148 cujusquam
574 3054 757 3124 existimem
775 3079 871 3149 posse
889 3079 965 3123 cum
981 3056 1109 3124 Caesare
1127 3080 1262 3150 compa·

220 3187 298 3255 rari.
314 3186 408 3257 Vale:
