3026 4768
259 349 313 404 rob
412 349 442 402 C.
468 350 565 405 JULll
585 349 748 406 CAESblllS
770 349 1139 407 commutationum

260 475 298 542 tis
315 491 472 568 possent:
494 476 604 570 itaque
618 499 707 544 exeo
724 500 889 544 concursu
901 477 1037 546 navium
1055 499 1215 571 magnum
1233 499 1304 544 csse

259 593 506 664 incommodum
523 610 705 690 acceptum.

304 716 363 787 XI.
382 716 442 786 His
461 717 560 786 rebus
580 719 739 812 cognitis,
758 719 868 787 Caesar
887 717 1034 814 legiones
1054 719 1305 811 equitatumque

257 837 422 924 revocari,
438 850 538 930 atquc
551 837 670 906 itinere
687 837 844 908 desistere
859 839 977 933 jubet:
1000 839 1071 930 ipse
1086 837 1129 912 ad
1144 861 1242 906 naves
1258 861 1307 905 re·

259 957 428 1026 vertitur:
448 957 564 1026 eadem
585 958 667 1045 lere,
683 983 756 1054 quae
768 983 812 1027 *ex
832 959 959 1028 nuntiis
979 955 1163 1050 litterisque
1183 980 1307 1050 cogno·

258 1089 369 1164 verat,
388 1102 502 1147 coram
522 1081 699 1174 perspicit,
717 1082 763 1150 sic
782 1096 837 1169 ut,
858 1080 986 1149 amissis
1003 1077 1137 1147 circiter
1155 1102 1200 1147 η
1213 1079 1308 1145 navi·

258 1201 336 1287 bus,
358 1198 493 1294 reliquae
511 1215 623 1290 tauma
643 1201 735 1270 refici
749 1226 845 1296 posse
862 1225 985 1296 magno
1005 1199 1140 1294 negotio
1158 1197 1308 1266 videren-

260 1337 327 1390 tur.
344 1323 462 1414 Itaque
478 1346 519 1390 ex
532 1319 719 1416 legionibus
734 1321 845 1390 fabros
862 1318 1003 1416 delegit,
1014 1335 1047 1388 et
1064 1345 1105 1388 ex
1120 1320 1308 1388 continenti

260 1437 344 1510 alios
358 1441 509 1509 arcessiri
517 1441 623 1534 jubet.
642 1442 790 1510 Labieno
806 1442 935 1528 scribit,
955 1455 1011 1528 ut,
1029 1464 1130 1534 quam
1147 1438 1308 1533 plurimas

262 1560 384 1654 possit,
403 1560 443 1630 iis
468 1557 669 1656 legionibus,
689 1587 764 1655 quae
787 1563 854 1630 sint
875 1560 964 1655 apud
983 1585 1077 1646 cum,
1097 1584 1197 1628 naves
1215 1560 1309 1628 insti-

263 1693 345 1750 tuat.
366 1682 458 1774 Ipse,
475 1694 509 1748 et
525 1680 553 1748 si
573 1705 625 1748 res
644 1696 715 1750 crat
731 1680 843 1750 multae
859 1705 968 1774 operas
986 1705 1025 1749 ac
1043 1679 1179 1762 laboris,
1196 1692 1308 1747 tamen

265 1799 569 1868 commodissimum
591 1823 662 1869 esse
684 1803 817 1888 statuit,
836 1826 952 1870 omnes
974 1825 1073 1870 naves
1098 1798 1253 1884 subduci,
1276 1813 1309 1867 et

264 1943 341 1988 curn
356 1920 472 1987 castris
493 1942 558 1988 una
578 1921 763 1990 munitione
780 1922 949 2015 conjungi.
970 1924 1011 1988 In
1032 1921 1082 1988 his
1098 1919 1199 1991 ,rebus
1215 1919 1310 1987 circi·

264 2051 313 2104 ter
337 2035 407 2106 dies
431 2062 453 2106 x
477 2041 657 2126 consumit,
684 2065 725 2108 nc
749 2043 922 2110 nocturnis
947 2040 1082 2135 quidem
1104 2037 1310 2133 temporibus

263 2156 307 2223 ad
322 2155 470 2227 laborem
487 2157 631 2227 militum
648 2161 853 2230 intermissis.
870 2159 1047 2229 Subductis
1066 2157 1222 2245 navibus,
1239 2183 1312 2228 cas·

264 2282 389 2372 trisque
402 2281 533 2376 egregie
551 2284 705 2371 munitis,
722 2281 852 2352 casdem
869 2283 996 2376 copias,
1016 2306 1098 2375 quas
1118 2295 1214 2368 ante,
1231 2303 1311 2374 prae·

263 2397 348 2468 sidio
367 2399 507 2469 naribus
527 2399 684 2496 reliquit:
701 2402 772 2498 ipse
793 2401 927 2488 codem,
948 2401 1038 2470 unde
1056 2398 1217 2484 redierat,
1231 2425 1310 2494 pro·

264 2517 434 2589 ficiscitur.
458 2524 508 2590 Eo
531 2546 636 2615 quum
661 2524 818 2607 venisset,
846 2524 987 2616 majores
1008 2521 1077 2614 jam
1101 2517 1250 2614 undique
1275 2521 1309 2587 in

260 2667 336 2710 cum
355 2638 465 2710 locum
477 2643 582 2736 oopiae
598 2643 835 2712 Britannorum
850 2657 1093 2724 couvenerant,
1108 2665 1238 2710 summa
1254 2641 1311 2708 im·

265 2763 348 2853 perii
364 2760 510 2858 bellique
529 2762 780 2833 administrandi
801 2763 973 2832 communi
992 2755 1131 2832 consilio
1151 2763 1312 2855 permissa

265 2880 531 2968 Cassiuellauno,
548 2885 643 2978 cujus
658 2883 742 2952 lines
756 2907 775 2950 a
789 2883 964 2950 maritimis
981 2881 1172 2950 civitatibus
1186 2879 1310 2948 flumen

266 2998 398 3086 dividit,
418 3001 508 3094 quod
528 3001 716 3097 appellatur
735 3003 900 3090 Tamesis,
921 3004 1041 3070 amari
1058 3003 1190 3070 circiter
1207 2998 1312 3068 millia

265 3143 422 3213 passuum
443 3144 542 3191 nxxx.
562 3124 648 3191 Huic
665 3122 826 3217 superiori
845 3137 995 3215 tempore
1016 3145 1092 3190 curn
1112 3120 1248 3213 reliquis
1264 3122 1312 3188 ci-

265 3239 425 3309 vitatibus
439 3243 644 3312 continentia
657 3241 743 3311 bella
757 3244 1033 3326 intercesserant3
1053 3240 1109 3310 sed
1127 3255 1243 3310 nostro
1256 3238 1311 3308 ad·

266 3377 368 3433 ventu
385 3365 530 3458 permoti
548 3364 700 3432 Britanni
715 3365 805 3434 hunc
824 3365 883 3432 toti
902 3360 990 3431 bello
1008 3361 1214 3455 imperioque
1235 3384 1314 3453 pras·

266 3482 423 3555 fecerant.

313 3603 390 3676 ΧΠ.
418 3606 598 3676 Britannia
622 3628 698 3698 pars
727 3605 866 3673 interior
891 3604 933 3672 ab
962 3605 1002 3672 iis
1027 3599 1201 3688 incolitur,
1231 3625 1314 3693 quos

265 3742 363 3799 natos
379 3729 414 3797 in
428 3727 537 3797 insula
547 3729 616 3822 ipsa
634 3728 794 3794 memoria
808 3725 979 3819 proditum
995 3723 1132 3791 dicunt:
1149 3721 1314 3790 maritima

270 3876 347 3946 pars
363 3849 405 3918 ab
422 3850 477 3936 iis,
492 3850 550 3942 qui
568 3847 684 3942 prasdae
700 3871 738 3914 ac
755 3844 834 3913 belli
851 3843 1014 3913 inferendi
1030 3867 1129 3912 causa
1148 3867 1188 3910 ex
1205 3839 1315 3935 Belgis

269 3973 470 4044 transierant
489 3997 495 4038 :
515 3971 571 4063 qui
588 3994 704 4038 omncs
722 3966 790 4035 fere
805 3967 843 4034 iis
860 3964 1052 4034 nominibus
1069 3965 1241 4033 civitatum
1258 3985 1316 4054 ap-
