3026 4768
475 403 529 462 na
547 403 669 459 auno
691 402 853 458 eurico
874 401 943 457 em.
961 401 1012 455 nr.
1228 398 1267 468 69

223 527 346 626 oppida
365 527 597 617 defenderent,
616 529 793 598 habebant.
817 531 937 620 Itaque
954 550 989 595 se
1008 549 1131 618 suaque
1154 525 1267 592 omnia

224 648 344 720 Caesari
365 645 574 717 dediderunt.
595 650 635 716 In
655 671 738 741 quos
755 655 797 716 'eo
813 647 947 742 gravius
965 642 1267 714 Caesarvindican-

225 769 305 836 dum
322 768 453 856 statuit,
474 792 541 860 quo
559 765 748 863 diligentius
769 769 804 835 in
824 764 991 859 reliquum
1010 775 1177 859 tempusa
1193 763 1268 831 bar·

226 887 316 954 baris
331 886 385 980 jus
405 884 591 981 legatorum
608 901 871 956 conservaretur.
888 888 1020 978 Itaque,
1040 885 1133 952 omni
1151 895 1268 954 senatu

227 1021 360 1094 necato,
379 989 607 1099 reliquos'sub
626 1031 749 1077 corona
766 1005 926 1076 vendidit.

274 1127 382 1194 xvll.
411 1129 502 1196 Dum
514 1125 585 1196 haec
600 1128 636 1194 in
649 1129 785 1196 Venetis
796 1141 975 1222 geruntur,
992 1129 1034 1216 Q.
1049 1127 1198 1196 Titurius
1211 1127 1269 1194 Sa-

225 1247 322 1315 binus
339 1271 416 1316 curn
440 1248 479 1316 iis
503 1247 608 1342 copiis
629 1272 749 1341 quasa
769 1251 898 1319 Caesare
920 1262 1108 1343 acceperat,
1130 1249 1164 1315 in
1187 1247 1269 1314 lines

226 1364 426 1436 Unellorum
441 1367 603 1460 pervenit.
621 1369 681 1437 His
694 1383 833 1461 praeerat
845 1367 1037 1456 Viridovix,
1053 1392 1091 1436 ac
1104 1391 1268 1436 summam

227 1486 358 1580 imperii
379 1487 513 1556 tenebat
532 1511 645 1556 earum
665 1490 817 1557 omnium
837 1488 1027 1576 civitatum,
1044 1512 1122 1582 quae
1140 1485 1269 1556 defece·

227 1619 320 1694 rant3
345 1631 387 1675 ex
408 1606 530 1701 quibus
551 1608 731 1676 exercitum
751 1630 953 1702 magnasque
974 1609 1085 1702 copias
1105 1621 1267 1700 coegerat.

226 1730 336 1821 Atque
358 1728 411 1822 bis
433 1729 548 1823 paucis
571 1725 688 1796 diebus
714 1726 868 1814 Aulerci,
890 1727 1094 1796 Eburovices
1116 1727 1269 1794 Lexovii·

227 1871 292 1940 que
301 1900 311 1936 ,
330 1863 524 1917 senatusue
543 1847 732 1936 interfecto,
749 1847 839 1941 quod
855 1861 1006 1916 auctores
1023 1844 1102 1914 belli
1122 1871 1192 1914 esse
1208 1871 1270 1914 no-

228 1965 362 2056 lebant,
384 1983 497 2062 portas
521 1966 730 2054 clauserunt,
752 1994 852 2062 seque
879 1993 956 2038 cum
978 1966 1169 2036 Viridovice
1192 1991 1268 2036 con·

225 2090 428 2181 junxerunt3
455 2113 640 2183 magnaque
663 2104 821 2184 praeterea
845 2087 1026 2159 multitudo
1056 2086 1203 2181 undique
1231 2113 1269 2156 ex

230 2206 340 2290 Gallia
357 2207 566 2303 perditorum
582 2209 757 2286 hominmn
777 2207 1010 2302 latronumque
1029 2223 1270 2292 convenerant,

228 2353 313 2421 quos
328 2353 402 2424 spes
420 2327 591 2425 predandi
607 2314 824 2421 stridiumque
840 2326 987 2398 bellandi
1005 2327 1047 2396 ab
1068 2325 1270 2422 agricultura

229 2463 262 2516 ct
275 2450 471 2543 quotidiano
489 2448 603 2519 labore
618 2449 804 2521 revocabat.
823 2449 963 2518 Sabinus
978 2447 1106 2518 idoneo.
1116 2447 1271 2516 omnibus

228 2569 329 2638 rebus
346 2569 419 2645 loco
441 2571 559 2644 castris
580 2594 649 2639 sese
670 2569 819 2655 tenebat,
837 2592 940 2662 quum
959 2567 1270 2637 Viridovix'contra

229 2713 308 2757 eum
325 2689 429 2758 duum
445 2688 587 2758 millium
603 2690 710 2784 spatio
730 2687 946 2776 consedisset,
961 2687 1175 2781 quotidieque
1193 2711 1270 2780 pro·

230 2807 340 2877 ductis
362 2809 466 2901 copiis
487 2808 658 2904 pugnandi
682 2820 878 2901 potestatem
900 2806 1038 2891 faceret,
1055 2819 1092 2874 ut
1111 2806 1181 2899 jam
1203 2829 1269 2875 non

230 2925 338 2997 solum
361 2927 513 2998 hostibus
534 2929 571 2995 iu
589 2928 875 3022 contemptionem
892 2926 1033 2994 Sabinus
1051 2927 1194 3014 veniret,
1214 2926 1271 2996 sed

230 3049 331 3117 etiam
346 3063 539 3119 nostrorum
556 3047 698 3118 militum
716 3047 853 3116 vocibus
870 3071 937 3116 non
959 3030 1042 3116 nillil
1059 3061 1270 3142 carperetur3

230 3181 424 3262 tantamque
447 3170 639 3263 opinionem
664 3163 790 3236 tim'oris
813 3139 1030 3259 praebuit,⁶ut
1049 3169 1118 3261 jam
1141 3169 1183 3237 ad
1201 3167 1271 3239 val-

232 3285 300 3355 lum
317 3303 502 3362 castrorum
519 3288 630 3358 hostes
646 3285 802 3357 accedere
817 3285 986 3354 auderent.
1003 3286 1042 3356 Id
1060 3311 1098 3356 ea
1114 3289 1155 3357 de
1172 3313 1270 3359 causa

231 3407 387 3495 faciebat,
401 3409 492 3503 quod
509 3434 586 3479 cum
605 3422 698 3476 tanta
714 3403 930 3476 multitudine
949 3407 1114 3495 hostium,
1133 3417 1270 3502 praeser-

229 3529 290 3596 tim
309 3553 348 3598 eo
368 3530 503 3598 absente
522 3531 581 3622 qui
601 3551 763 3597 summam
785 3527 916 3622 imperii
936 3543 1081 3614 teneret,
1098 3531 1160 3597 nisi
1175 3554 1269 3623 aequo

230 3646 318 3736 loco,
334 3664 393 3719 aut
409 3649 661 3744 opportunitate
672 3645 790 3740 'aliqua
810 3647 901 3734 data,
919 3645 1027 3744 legato
1045 3646 1270 3718 dimicandum

230 3793 298 3838 non
316 3769 533 3838 existimabat.

277 3889 402 3956 xvtlt.
431 3893 502 3958 Hac
530 3890 726 3960 confirmata
751 3892 909 3983 opinione
941 3893 1082 3979 timoris,
1112 3891 1269 3960 idoneum

229 4007 409 4101 quemdam
431 4009 600 4077 hominem
619 4027 651 4079 ct
674 4008 830 4080 callidum
852 4008 973 4106 delegit
991 4011 1143 4098 Gallum,
1161 4037 1199 4080 ex
1220 4013 1270 4081 bis
