3096 4762
479 397 532 451 DE
552 395 673 451 BELLO
693 394 858 451 GALLICO
878 395 945 450 LIB.
963 395 984 448 1.
1235 410 1253 463 9

213 525 296 592 rime
319 523 549 608 confecerant,
570 535 608 589 ut
625 519 750 589 flumen
776 520 972 606 transirent,
996 542 1063 586 uno
1086 515 1181 586 illum
1201 517 1254 585 die

213 641 329 712 fecisse
349 638 589 734 intelligerent,
607 639 731 736 legatos
748 637 791 708 ad
808 663 884 706 eum
903 640 1068 706 mittunt:
1091 639 1187 731 cujus
1206 636 1253 705 le-

214 762 359 857 gationis
382 759 501 830 Divico
526 760 679 853 princeps
706 759 789 846 fuit,
811 761 871 852 qui
895 755 983 826 bello
1003 759 1162 828 Cassiano
1187 757 1254 825 dux

215 879 444 950 Helvetiorum
460 878 579 947 fuerat.
597 881 629 946 Is
644 881 689 948 ita
705 905 782 949 cum
798 882 926 949 Caesare
941 879 1010 972 agit
1027 901 1035 944 ε
1054 905 1070 941 α
1087 877 1123 946 Si
1139 901 1253 971 pacem

219 999 359 1095 populus
374 1023 531 1068 romanus
550 1023 631 1068 cum
651 998 809 1069 Helvetiis
828 992 964 1087 faceret,
982 999 1016 1066 in
1034 1019 1107 1064 eam
1128 1007 1255 1090 partem

217 1123 320 1188 ituros
339 1134 440 1212 atque
461 1119 508 1187 ibi
531 1117 664 1189 futuros
687 1117 867 1203 Helvetios,
887 1119 946 1187 ubi
968 1141 1024 1186 eos
1046 1121 1156 1187 Caesar
1178 1140 1255 1184 cou-

215 1241 373 1310 stituisset
393 1253 493 1334 atque
515 1265 585 1310 esse
606 1239 791 1312 voluisset:
814 1242 865 1309 sin
886 1238 974 1308 bello
998 1240 1152 1333 persequi
1177 1263 1254 1332 per·

215 1374 397 1448 seversret,
417 1361 688 1430 reminisceretur
711 1376 745 1430 et
767 1362 889 1430 veteris
913 1359 1114 1462 incommodi
1139 1355 1255 1452 populi

215 1480 358 1568 romani,
376 1493 410 1547 et
429 1481 578 1573 pristinae
593 1481 729 1550 virtutis
752 1478 989 1550 Helvetiorum.
1009 1479 1111 1566 Quod
1130 1480 1255 1572 impro-

216 1600 287 1668 viso
311 1623 416 1668 unum
436 1623 559 1694 pagum
581 1599 719 1670 adortus
742 1615 843 1686 esset,
868 1624 971 1692 quum
991 1599 1033 1686 ii,
1054 1601 1111 1690 qui
1131 1597 1256 1666 flumen

218 1719 422 1804 transissent,
438 1721 506 1788 suis
522 1719 683 1790 auxilium
701 1719 789 1788 ferre
807 1743 875 1786 non
893 1733 1042 1812 possent,
1061 1743 1102 1785 ne
1123 1717 1256 1786 obeam

217 1864 286 1908 rem
305 1853 364 1908 aut
381 1863 448 1907 suae
464 1863 667 1934 magnopere
684 1840 802 1908 virtuti
819 1839 1000 1927 tribueret,
1018 1853 1075 1906 aut
1093 1839 1181 1931 ipsos
1199 1836 1257 1905 de-

217 1959 359 2052 spiceret
378 1985 386 2027 :
404 1981 438 2028 se
456 1960 503 2026 ita
518 1959 669 2052 patribus
685 1959 934 2053 majoribusque
949 1959 1016 2026 suis
1031 1957 1200 2044 didicisse,
1219 1972 1257 2026 ut

218 2079 321 2173 magis
336 2079 474 2166 virtute,
491 2103 592 2172 quam
612 2077 691 2147 dolo
710 2078 965 2165 contenderent,
984 2093 1043 2147 aut
1061 2076 1189 2148 insidiis
1206 2079 1257 2145 ni-

218 2211 376 2266 terentur.
388 2201 517 2288 Quare,
535 2224 577 2266 ne
593 2200 832 2286 committeret,
843 2213 885 2287 ¹ut
898 2199 925 2267 is
940 2198 1046 2282 locus,
1061 2198 1119 2266 ubi
1136 2199 1258 2267 consti-

217 2318 349 2405 tissent,
360 2341 399 2386 ex
410 2316 598 2388 calamitate
607 2316 724 2412 populi
738 2319 867 2388 romani
881 2333 915 2387 et
926 2319 1154 2387 internecione
1165 2341 1257 2386 exer·

217 2439 302 2506 citus
322 2461 443 2506 nomen
462 2451 611 2530 caperet,
629 2452 689 2506 aut
703 2441 899 2507 memoriam
915 2438 1112 2532 proderet.»

264 2559 356 2626 XIV.
381 2558 442 2627 His
454 2561 563 2626 Caesar
579 2559 625 2626 ita
641 2558 814 2652 respondit
830 2584 838 2627 ε
857 2587 873 2623 a
885 2563 934 2627 Eo
951 2559 1014 2627 sibi
1033 2559 1143 2626 minus
1160 2555 1257 2625 dubi-

218 2677 352 2744 tationis
368 2677 455 2762 dari,
474 2677 564 2770 quod
581 2703 635 2747 eas
652 2703 721 2762 res,
738 2702 819 2771 quas
837 2677 934 2772 legati
952 2677 1096 2747 Helvetii
1115 2701 1259 2744 comme

218 2810 419 2881 morassent,
445 2800 604 2865 memoria
628 2813 771 2885 teneret3
799 2795 909 2890 atipue'
926 2821 966 2864 eo
997 2797 1128 2891 gratim
1148 2795 1257 2885 ferre,

217 2940 285 3007 quo
310 2916 419 2984 minus
447 2917 566 2984 merito
591 2917 706 3011 populi
735 2919 867 2986 romani
895 2917 1090 2986 accidissent
1121 2919 1204 3011 :qui
1231 2919 1258 2986 si

218 3033 362 3128 alicujus
379 3036 507 3129 injuriae
526 3036 588 3104 sibi
604 3039 756 3106 conscius
775 3037 904 3124 fuisset,
925 3061 991 3106 non
1008 3037 1106 3106 fuisse
1123 3035 1258 3106 difficile

218 3179 349 3242 cavere3
366 3155 423 3224 sed
444 3180 485 3226 eo
500 3156 694 3250 deceptum,
718 3156 808 3250 quod
827 3181 934 3252 neque
951 3159 1162 3226 commissum
1183 3182 1203 3226 a
1224 3183 1258 3225 se

219 3273 419 3370 intelligeret
440 3301 543 3370 quare
568 3278 716 3363 timeret,
735 3301 841 3370 neque
863 3278 934 3346 sine
953 3303 1051 3347 causa
1073 3277 1257 3346 timendum

219 3407 360 3487 putaret.
374 3395 475 3483 Quod
491 3397 519 3464 si
531 3396 651 3464 veteris
665 3394 873 3466 contumeliae
888 3397 1036 3466 oblivisci
1048 3394 1162 3483 vellet,
1176 3421 1258 3464 num

219 3515 324 3584 etiam.
338 3516 523 3582 recentium
544 3515 760 3607 injuriarum,
779 3516 885 3608 qnod,
910 3541 950 3584 eo
973 3518 1093 3602 invito,
1115 3519 1180 3584 iter
1199 3541 1259 3609 per

218 3634 428 3702 Provinciam
442 3658 502 3726 per
516 3634 584 3702 vim
601 3647 796 3724 tentassent,
814 3634 904 3728 quod
919 3635 1058 3722 AEduos,
1072 3633 1162 3726 quod
1179 3627 1259 3704 ilm-

219 3751 349 3839 barros,
366 3752 457 3846 quod
472 3751 668 3848 Allobrogas
687 3769 873 3839 vexassent,
884 3755 1077 3823 memoriam
1094 3753 1259 3846 deponere

220 3870 337 3962 posse?
361 3871 463 3959 Quod
488 3897 545 3940 sua
565 3874 704 3941 victoria
732 3889 799 3941 tam
825 3873 1003 3943 insolenter
1023 3872 1258 3966 gloriarentur,

220 3991 375 4082 quodque
386 4005 451 4059 tam
462 3992 518 4060 diu
530 4017 563 4059 se
578 3994 715 4086 impune
727 3992 838 4062 tulisse
851 3994 989 4086 injurias
1003 3993 1259 4076 admirarentur,
