3026 4768
320 353 355 425 78
404 327 410 340 '
475 357 505 412 c.
529 357 627 412 sunu
648 328 810 416 casinis
833 361 1197 422 counaurantonuu

317 482 433 576 Neque
454 481 596 551 multum
624 484 813 569 frumento,
838 486 893 555 scd
920 491 1098 558 maximam
1122 503 1250 582 partem
1274 484 1354 555 lacto

316 617 416 696 atque
431 627 551 696 pecore
570 603 707 692 vivunt,
726 604 936 698 multumque
956 622 1032 676 sunt
1054 611 1087 676 in
1103 607 1354 677 venationibus:

318 747 388 816 quae
407 745 459 790 res
485 737 517 790 et
537 723 603 790 cibi
624 748 760 818 genere,
781 741 813 793 ot
834 725 1027 820 quotidiana
1049 728 1302 810 exercitatione,
1322 743 1353 796 et

316 842 467 911 libertate
481 845 556 911 virae
570 843 693 937 (quod,
710 869 730 914 a
747 847 858 939 pueris
872 844 965 916 nullo
979 847 1090 917 officio
1106 863 1166 917 aut
1181 845 1352 940 disciplina

191 976 196 986 “
314 962 505 1048 assuefacti,
521 962 605 1032 nihil
623 965 764 1044 omnino
788 980 907 1036 contra
927 966 1130 1036 voluntatem
1146 965 1302 1057 faciant),
1320 982 1353 1035 et

316 1084 399 1167 sires
424 1081 503 1170 alit,
526 1099 560 1152 et
584 1083 721 1153 immani
746 1111 924 1180 corporum
949 1085 1179 1181 magnitudine
1202 1087 1352 1161 homines

313 1202 423 1272 efficit.
441 1208 551 1298 Atque
572 1207 607 1272 in
626 1229 699 1273 eam
716 1227 750 1273 se
766 1205 1043 1274 consuetudinem
1063 1205 1293 1295 adduxerunt,
1315 1225 1352 1279 ut

313 1319 394 1390 locis
406 1323 641 1417 frigidissimis,
656 1348 765 1417 neque
778 1323 930 1412 vestitus,
944 1337 1064 1418 praeter
1075 1322 1191 1418 pelles,
1207 1325 1352 1398 habeant

311 1442 494 1536 quidquam
511 1443 670 1536 (quarum
687 1455 824 1535 propter
844 1441 1058 1537 exiguitatem
1073 1468 1192 1539 magna
1210 1459 1260 1514 est
1276 1471 1350 1516 cor-

313 1563 401 1655 poris
417 1587 494 1656 pars
513 1562 662 1658 aperta),
680 1577 714 1629 et
733 1560 885 1629 laventur
902 1563 936 1628 in
954 1563 1157 1632 fluminibus.

360 1686 402 1752 ll.
421 1683 663 1752 Mercatoribus
679 1682 786 1750 estad
801 1707 857 1750 eos
874 1681 997 1766 aditus,
1014 1683 1117 1778 magis
1135 1708 1191 1770 eo,
1208 1698 1260 1772 ut,
1278 1710 1351 1778 quae

312 1801 398 1872 bello
418 1803 587 1896 ceperint,
607 1799 727 1896 quibus
743 1802 908 1888 vendant,
926 1803 1085 1890 habeant,
1101 1829 1199 1897 quarn
1218 1829 1285 1897 quo
1302 1805 1352 1874 ul-

312 1923 377 1990 lam
393 1945 463 1990 rem
484 1922 526 1990 ad
541 1947 575 1989 se
592 1923 766 2016 importari
781 1921 980 1992 desiderent.
995 1926 1088 2012 Quin
1105 1925 1206 1992 etiam
1219 1926 1350 2017 jumen·

311 2042 372 2126 tis,
389 2041 508 2131 quibus
528 2043 669 2110 maxime
686 2040 797 2110 Gallia
821 2040 1018 2130 delectatur,
1037 2067 1175 2136 quaeque
1200 2045 1350 2139 impenso

310 2173 429 2254 parant
458 2162 585 2253 pretio,
610 2163 770 2231 Germani
796 2162 982 2254 importatis
1005 2187 1073 2229 non
1099 2177 1271 2232 utuntur:
1294 2166 1350 2233 scd

284 2304 382 2375 quae
407 2295 486 2350 sunt
510 2280 601 2374 apud
628 2305 684 2350 eos
708 2295 804 2366 nata,
827 2291 932 2373 'prava
955 2294 1054 2373 atque
1078 2280 1258 2368 deformia,
1279 2283 1350 2352 haec
1376 2370 1379 2376 Ι

309 2401 504 2495 quotidiana
514 2401 766 2486 exercitatione,
778 2401 900 2469 summi
911 2414 949 2468 ut
963 2401 1029 2468 sint
1040 2397 1347 2487 laboris,efficiunt.

309 2522 525 2614 Equestribus
543 2517 667 2613 procliis
684 2543 768 2616 saepe
788 2543 828 2588 ex
849 2521 942 2612 equis
958 2518 1135 2608 desiliunt,
1156 2547 1194 2590 ac
1210 2523 1351 2615 pedibas
1399 2561 1402 2571 Α

309 2640 524 2736 proeliantur;
542 2663 711 2734 equosque
726 2640 841 2709 codem
862 2664 1034 2710 remanere
1050 2642 1192 2736 vestigio
1207 2645 1350 2714 assuefa-

308 2763 423 2850 ciunt3
443 2761 485 2832 ad
505 2786 589 2855 quos
609 2787 644 2830 se
663 2760 828 2850 celeriter,
844 2785 946 2855 quum
970 2785 1049 2832 usus
1073 2776 1143 2851 est,
1159 2765 1348 2857 recipiunt:

309 2905 417 2974 neque
430 2907 546 2953 eorum
560 2884 708 2952 moribus
721 2884 853 2977 turpius
865 2883 1050 2979 quidquam
1067 2899 1125 2953 aut
1137 2886 1277 2953 inertius
1292 2887 1350 2954 ha-

307 2999 420 3089 hetur,
438 3027 538 3094 quam
555 3003 720 3097 ephippiis
737 3006 795 3072 uti.
815 3007 933 3098 Itaque
947 3006 990 3075 ad
1007 3006 1156 3099 quemvis
1171 3029 1348 3074 numerum

307 3120 577 3213 ephippiatorum
600 3124 771 3215 equitum,
793 3127 943 3218 quamvis
964 3127 1080 3218 pauci,
1102 3125 1194 3194 adire
1215 3125 1348 3196 audent.

307 3240 433 3310 Vinum
451 3241 491 3309 ad
512 3267 546 3310 se
564 3245 701 3311 omnino
719 3244 890 3338 importari
912 3269 980 3312 non
1001 3245 1130 3331 sinunt,
1147 3247 1238 3338 quod
1254 3271 1292 3315 ea
1312 3274 1349 3316 re

306 3359 349 3428 ad
367 3359 513 3429 laborem
534 3361 706 3430 ferendum
727 3362 955 3433 remollescere
974 3364 1125 3434 homines
1146 3379 1246 3458 atque
1268 3367 1343 3435 effc-

306 3482 426 3549 minari
441 3479 655 3549 arbitrantur.

294 3625 296 3628 ·
354 3604 413 3670 111.
429 3598 565 3670 Publice
583 3602 759 3673 maximam
783 3619 903 3696 putant
919 3629 990 3675 esse
1011 3605 1156 3694 laudem,
1178 3631 1278 3700 quarn
1301 3607 1348 3676 la-

250 3749 254 3762 *
306 3721 429 3788 tissime
454 3743 473 3788 a
492 3721 558 3788 suis
578 3719 701 3789 finibus
721 3745 838 3790 vacare
859 3747 956 3817 agros
979 3751 986 3792 :
1011 3723 1073 3794 hac
1094 3751 1131 3794 re
1153 3725 1348 3820 significari,

305 3859 463 3932 magnum
490 3817 666 3908 numerum
691 3841 862 3908 civitatum
886 3867 978 3912 suam
1000 3846 1068 3912 vim
1093 3845 1253 3914 sustinere
1279 3869 1346 3912 non

304 3982 408 4051 posse.
432 3962 545 4054 ltaque
563 3984 630 4030 una
650 3987 689 4029 ex
710 3975 802 4054 parte
821 3987 838 4030 a
859 3966 975 4034 Suevis
994 3967 1127 4034 circiter
1146 3964 1249 4034 millia
1273 3989 1348 4059 pas·
