3062 4766
469 337 519 392 DE
540 336 663 393 BELLO
686 338 854 394 GALLICO
876 341 945 396 Lm.
965 341 1040 400 vlll„
1223 343 1279 412 245

231 458 413 530 multorum
434 461 509 530 fidei
534 487 568 531 se
590 465 839 554 committebat,
859 466 951 560 quod
968 491 1132 560 nusquam
1152 467 1278 540 diutius

230 581 301 649 sine
322 580 472 676 periculo
492 598 756 654 commoraturus
773 584 965 675 videbatur,
991 611 1096 680 quum
1116 587 1179 656 sibi
1197 613 1278 658 con·

231 703 315 770 scius
338 721 424 770 esset
446 727 546 795 quam
568 705 743 773 inimicum
761 705 899 776 deberet
927 710 1092 785 Caesarem
1116 707 1277 805 habere),

142 849 145 858 ’
229 820 318 890 huuc
332 826 537 916 Epasnactus
547 826 732 923 Aruernus„
748 827 968 907 amicissimus
982 825 1096 922 populi
1128 829 1276 917 romam,

229 941 300 1010 siue
318 942 524 1014 dubitatione
544 943 613 1014 ulla
629 947 780 1018 vinctum
797 945 1021 1027 adCaesarem
1038 946 1185 1032 deduxit.

234 1081 239 1095 ·
276 1066 381 1133 XLV.
398 1063 564 1134 Labienus
580 1066 715 1139 interim
734 1069 767 1142 in
784 1069 931 1150 Treviris
948 1082 1102 1161 equestre
1119 1067 1275 1162 proelium

228 1182 411 1251 secundum
431 1183 535 1282 lacitq
547 1183 843 1282 compluribusque
858 1188 1003 1256 Treviris
1023 1188 1223 1277 intersectis,
1243 1204 1277 1257 et

231 1305 423 1392 Germanis,
440 1306 497 1398 qui
516 1303 600 1373 nulli
624 1304 782 1376 adversus
797 1309 968 1376 Romanos
989 1305 1112 1376 auxilia
1131 1307 1275 1404 denega·

228 1423 326 1508 bant,
341 1425 508 1518 principes
522 1449 639 1494 eorum
655 1427 748 1494 vivos
761 1428 797 1493 in
810 1450 905 1496 suam
919 1425 1050 1520 redegit
1061 1441 1275 1522 potestatem,

227 1557 327 1636 atque
352 1546 394 1618 in¹
412 1545 452 1620 iis
477 1548 599 1620 Surum
631 1545 789 1633 AEduum,
809 1548 866 1639 qui
893 1559 925 1614 et
949 1547 1082 1614 virtutis
1099 1562 1132 1615 et
1147 1549 1275 1640 generis

228 1687 391 1737 summam
413 1663 621 1742 nobilitatem
638 1665 796 1760 habebat,
818 1662 973 1756 solusque
992 1689 1032 1734 ex
1052 1664 1169 1734 AEduis
1184 1663 1275 1732 adid

228 1797 359 1877 tempus
370 1800 598 1878 permanserat
617 1786 775 1857 inarmis.

131 1973 135 1980 ,
250 1889 252 1894 ’
275 1907 397 1974 XLVI.
414 1908 462 1974 Ea
476 1929 512 1974 re
525 1897 678 2000 cognita,
693 1909 820 2000 Caesar,
829 1931 934 2000 quum
950 1910 984 1975 in
997 1907 1154 1976 omnibus
1170 1909 1273 2001 parti-

227 2025 289 2094 bus
303 2022 421 2093 Galliae
432 2025 517 2095 bene
537 2050 588 2094 res
608 2025 870 2121 gestasvideret,
881 2026 1112 2120 judicaretque
1130 2027 1275 2120 superio

228 2146 320 2215 ribus
336 2147 456 2216 aestivis
472 2145 617 2248 Galliam
630 2147 793 2228 deuictam
807 2163 839 2217 et
851 2149 1021 2218 subactam
1036 2173 1123 2234 esse,
1137 2149 1274 2240 Aquita-

228 2268 316 2337 niam
333 2292 506 2362 nunquam
521 2271 591 2362 ipse
606 2267 743 2351 adisset,
756 2268 813 2337 sed
828 2292 887 2362 per
903 2273 940 2338 P.
955 2259 1112 2338 Crassum
1128 2267 1272 2361 quadam

229 2414 268 2456 ex
281 2389 582 2483 partedevicisset,
597 2414 674 2459 cum
690 2413 717 2456 11
733 2386 919 2482 legionibus
934 2391 969 2457 iu
987 2413 1060 2458 eam
1077 2404 1205 2482 partem
1223 2402 1274 2458 est

228 2508 410 2602 profectus,
432 2511 537 2608 ”ilbi
558 2525 742 2580 extremum
764 2523 895 2602 tempus
916 2523 1127 2577 consumeret
1145 2509 1272 2577 aestivo-

227 2651 312 2700 rum.
330 2629 442 2718 Quam
456 2653 544 2714 rem,
560 2630 645 2698 sicut
658 2644 783 2715 cetera,
802 2627 956 2696 celeriter
968 2625 1174 2720 feliciterque
1191 2651 1271 2695 con·

226 2746 314 2816 fecit.
330 2749 486 2840 Namque
499 2773 613 2816 omnes
628 2749 813 2842 Aquitania
830 2748 979 2816 civitates
993 2744 1119 2841 legatos
1135 2746 1271 2814 adeum
1291 2817 1292 2822 ,

227 2868 406 2954 miserunt,
428 2866 624 2960 obsidesque
642 2869 674 2936 ei
692 2867 867 2938 dederunt.
887 2867 1019 2956 Quibus
1038 2867 1135 2946 rebus
1155 2868 1269 2962 gestis,

227 2988 296 3080 ipse
322 3011 400 3062 cum
428 2987 576 3081 equitum
605 2986 758 3081 praesidio
786 2987 978 3060 Narbonem
1010 2986 1177 3080 profectus
1205 3002 1270 3073 est;

228 3109 412 3176 exercitum
425 3132 484 3201 per
501 3105 626 3204 legatos
641 3110 676 3181 in
691 3106 999 3194 hibernadeduxit3
1018 3129 1053 3175 1v
1069 3104 1215 3201 legiones
1234 3109 1268 3176 in

226 3225 341 3321 Belgio
365 3225 542 3298 collocavit
564 3253 640 3297 cum
660 3229 707 3295 Μ.
730 3227 894 3311 Antonio,
919 3241 952 3295 et
972 3230 1011 3298 C.
1032 3227 1215 3314 Trebonio,
1236 3242 1269 3296 et

226 3347 261 3414 P.
280 3348 435 3437 Vatinio,
452 3349 543 3436 etQ.
566 3345 694 3432 Tullio,
715 3344 847 3440 legatis3
864 3347 945 3416 duas
965 3347 1000 3415 in
1020 3346 1144 3430 AEduos
1162 3347 1267 3428 misit,

226 3489 369 3558 quorum
404 3470 439 3536 in
470 3469 561 3536 omni
594 3464 702 3534 Gallia
741 3490 905 3552 summam
937 3492 1006 3537 esse
1037 3469 1266 3539 auctoritatem

226 3586 364 3674 sciebat3
381 3586 463 3664 duas
479 3587 514 3656 in
530 3588 679 3654 Turones
696 3584 737 3652 ad
753 3583 834 3654 fines
850 3589 1035 3656 Carnutum
1053 3588 1178 3677 posuit,
1194 3607 1267 3676 quae

225 3730 357 3776 omnem
376 3709 545 3802 regionem
562 3707 775 3800 conjunctam
790 3711 925 3776 Oceano
936 3706 1170 3792 'continerent3
1185 3703 1265 3773 duas

225 3823 370 3920 reliquas
397 3828 431 3895 in
453 3829 669 3896 Lemovicum
697 3825 794 3912 fines,
815 3851 883 3893 uon
907 3824 1005 3919 louge
1029 3826 1070 3894 ab
1093 3825 1264 3907 Arvernis,

225 3967 267 4012 ne
287 3969 351 4037 qua
366 3971 442 4039 pars
459 3945 577 4014 Gallim
593 3970 693 4014 vacua
716 3945 756 4014 ab
776 3948 923 4014 exercitu
940 3961 1033 4014 esset.
1050 3948 1176 4016 Parmos
1196 3944 1264 4012 dies
