3068 4772
478 385 530 442 DE
550 385 675 442 BELLO
696 386 812 442 ctvtla
832 386 902 441 Lus.
922 386 974 442 lll.
1193 407 1244 446 tar

216 537 333 609 magna
349 536 389 582 cx
399 525 498 606 parte
511 524 738 580 conservatum
758 533 827 580 esse
844 510 1015 583 constabat
1035 535 1043 578 :
1060 512 1246 584 cohortetu-

214 659 279 725 que
292 645 407 728 postea
425 628 550 724 duplici
575 628 757 723 stipendio,
784 629 970 717 frumento,
990 642 1098 720 veste,
1121 633 1245 725 specia-

213 755 272 821 riis
288 749 548 843 militaribusque
568 746 664 818 donis
680 747 877 842 amplissime
892 748 1038 818 donavit.

261 874 348 941 Ltv.
370 870 563 964 Pompeius,
584 881 685 938 noctu
704 869 832 963 magnis
852 867 972 938 additis
991 871 1246 960 munitionibus,

213 991 347 1084 reliquis
374 986 488 1058 diebus
515 1002 623 1058 turres
646 989 823 1075 exstruxit,
845 1003 879 1058 et
906 989 940 1057 in
959 987 1166 1060 altitudinem
1189 1016 1247 1086 pe·

213 1111 294 1180 dum
315 1107 500 1203 quindecim
517 1107 642 1179 effectis
656 1108 828 1202 operibus,
843 1110 947 1180 uineis
962 1133 1034 1178 eam
1049 1125 1176 1204 partem
1189 1135 1246 1181 ca·

212 1243 356 1298 strorum
375 1228 519 1314 obtexit;
544 1241 576 1296 ct
595 1251 617 1294 r
636 1227 828 1296 intermissis
852 1227 984 1316 diebus,
1008 1227 1145 1300 alteram
1165 1255 1245 1300 noc·

212 1366 279 1416 tem
298 1345 507 1417 subnubilam
533 1361 667 1434 nactus,
690 1347 866 1416 obstructis
884 1348 1037 1418 omnibus
1062 1365 1246 1420 castrorum

213 1471 335 1562 portis,
354 1467 442 1538 etad
462 1465 706 1561 impediendum
724 1465 877 1558 objectis,
898 1469 992 1536 tertia
1012 1469 1094 1538 inita
1113 1470 1246 1563 vigilia,

214 1586 343 1657 silentio
363 1589 542 1658 exercitum
561 1586 692 1673 eduxit,
711 1601 744 1656 et
766 1609 799 1654 se
819 1586 854 1653 in
876 1589 1029 1680 antiquas
1046 1591 1246 1660 munitiones

211 1709 347 1801 recepit.

261 1830 333 1898 LV.
358 1825 493 1910 AEtolia,
524 1825 721 1911 Acarnania,
747 1823 993 1920 Amphilochis,
1010 1850 1070 1920 per
1097 1829 1246 1898 Cassium

213 1949 402 2040 Longinum
421 1961 455 2016 et
474 1944 654 2016 Calvisium
673 1946 850 2033 Sabinum,
870 1962 907 2014 ut
934 1945 1245 2036 demonstravimus,

212 2068 369 2159 receptis,
406 2063 595 2136 tentandam
627 2067 689 2135 sibi
721 2065 895 2155 Achaiam,
921 2090 959 2135 ac
976 2065 1076 2162 paulo
1115 2066 1247 2163 longius

188 2180 513 2279 progrediendum,
537 2185 742 2256 existimabat
769 2188 886 2255 Caesar.
913 2187 1027 2277 ltaque
1048 2209 1088 2256 ec
1115 2186 1245 2256 Fufium

213 2303 375 2374 Calenum
395 2305 499 2393 misit,
517 2319 550 2374 et
570 2307 608 2375 C.
636 2305 792 2373 Sabinum
809 2318 842 2373 et
860 2304 1008 2374 Cassium
1026 2329 1100 2373 cum
1125 2306 1245 2374 cohor·

213 2423 302 2492 tibus
322 2423 481 2519 adjungit.
500 2425 655 2513 Quorum
682 2424 817 2517 cognito
834 2420 995 2514 adventu,
1013 2423 1159 2492 Rutilius
1180 2427 1246 2492 Lu·

213 2567 291 2636 pus,
325 2544 382 2635 qui
419 2543 590 2630 Achaiam,
629 2545 746 2610 missus
782 2565 801 2608 a
838 2543 1014 2634 Pompeio,
1056 2541 1245 2630 obtinebat,

213 2663 371 2730 isthmum
391 2662 585 2753 prmmunire
609 2662 765 2746 instituit,
785 2674 822 2727 ut
841 2659 964 2729 Achaia
982 2659 1113 2728 Fufium
1133 2663 1245 2753 prohi-

213 2781 315 2852 beret
336 2779 478 2850 Calenus
494 2778 658 2872 Delphos,
675 2778 823 2866 Thebas,
844 2778 1107 2867 Orchomenum,
1128 2763 1245 2849 volun·

213 2915 280 2970 tate
294 2903 440 2994 ipsarum
452 2899 622 2968 civitatum
638 2898 778 2990 recepit;
798 2869 973 2966 nonnullas
989 2897 1086 2966 urbes
1101 2922 1162 2992 per
1179 2899 1246 2966 vim

86 3051 94 3058 ·
213 3017 431 3111 expugnavit3
463 3015 605 3110 reliquas
627 3017 793 3102 civitates,
824 3017 1054 3085 circummissis
1077 3015 1247 3111 legationi·

212 3137 293 3225 bus,
317 3137 461 3206 amicitia
484 3137 604 3206 Caesari
630 3134 805 3205 conciliare
824 3132 984 3205 studebat
1008 3139 1046 3204 ln
1072 3136 1124 3205 his
1148 3137 1246 3206 rebus

213 3256 282 3326 sere
301 3270 371 3326 erat
391 3255 504 3326 Fufius
520 3273 707 3352 occupatus.

259 3379 348 3446 LVI.
374 3378 538 3446 Omnibus
557 3376 718 3472 deinceps·
738 3376 852 3448 diebus
878 3381 987 3448 Caesar
1010 3377 1191 3448 exercitum
1210 3378 1243 3446 in

213 3497 315 3566 aciem
337 3519 467 3592 aequum
494 3497 529 3566 in
554 3493 663 3566 locurn
687 3497 858 3591 produxit,
883 3499 910 3567 si
935 3499 1111 3593 Pompeius
1129 3495 1246 3590 praelio

213 3613 380 3684 decertare
403 3614 521 3703 vellet,
546 3629 584 3683 ut
597 3641 682 3710 pene
699 3619 814 3688 castris
832 3620 978 3712 Pompeii
998 3618 1142 3711 legiones
1169 3614 1245 3686 sub·

211 3731 342 3820 jiceret3
363 3747 556 3827 tantumque
576 3759 595 3802 a
619 3734 708 3804 vallo
729 3737 800 3831 ejus
817 3739 924 3830 prima
947 3739 1031 3806 acies
1048 3736 1176 3820 aberat,
1198 3735 1245 3802 uti

214 3871 255 3916 ue
280 3849 314 3916 in
340 3875 411 3919 eam
433 3851 533 3921 telum
557 3868 801 3926 tormentumve
824 3857 910 3952 adigi
932 3870 1050 3950 posset.
1071 3855 1247 3949 Pompeius

214 3981 340 4053 autem,
367 3983 403 4038 ut
422 3971 543 4040 lamam
569 3988 603 4042 ct
622 3976 812 4067 opinionem
838 3978 1009 4046 hominum
1042 3990 1184 4062 teneret,
1201 3974 1248 4042 sic
