3014 4780
312 397 368 466 27⁶
485 396 515 451 C.
536 397 634 452 JULlI
656 397 818 452 cAEsauls
839 396 1034 452 COMMENT.
1055 397 1184 452 LIBER

358 521 401 588 ll.
422 521 460 588 C.
479 522 590 589 Caesar
607 519 747 587 dictator
762 543 822 600 ni,
841 519 1028 614 designatus
1045 543 1100 602 w,
1125 516 1253 586 multis
1271 519 1358 584 itine-

309 640 401 709 ribus
422 655 499 708 ante
516 639 688 722 confectis,
703 665 806 732 quum
826 639 921 708 celeri
938 639 1157 707 festinatione
1175 635 1224 705 ad
1242 635 1360 704 bellum

310 759 552 842 conficiendum
577 763 610 828 in
633 761 826 854 Hispaniam
847 763 1002 846 venisset,
1030 757 1135 852 legati
1168 757 1362 825 corduben-

309 905 375 966 ses,
393 883 483 974 quie
500 884 561 949 Cn.
575 882 736 973 'Pompeio
752 879 984 966 discesserant,
1003 879 1130 946 Caesari
1150 879 1300 945 obviarn
1317 899 1364 942 ve

310 1001 408 1069 niunt
427 1025 435 1066 ε
451 1025 469 1066 a
484 1000 606 1092 quibus
620 999 852 1082 nuntiabatur,
869 1013 1249 1090 anoeturnotempore
1267 995 1363 1088 oppi-

310 1119 389 1188 dum
410 1118 599 1189 Cordubam
619 1119 699 1211 capi*
713 1141 827 1210 posse,
852 1115 940 1209 quod
970 1116 1289 1212 necopinantibus
1311 1111 1365 1181 ad·
1456 1139 1457 1148 ¹

309 1238 460 1306 versariis
470 1239 540 1329 ejus
554 1239 730 1330 prouinciae
740 1239 865 1330 potitus
885 1250 985 1321 esset,
999 1235 1173 1328 simulque
1195 1232 1363 1304 tabellarii

310 1358 397 1450 capti
414 1371 536 1440 essent,
555 1358 612 1448 qui
631 1381 649 1423 a
667 1359 728 1424 Cn.
749 1355 904 1448 Pompeio
924 1354 1073 1448 dispositi
1092 1355 1268 1422 omnibus
1284 1350 1362 1420 locis

309 1490 419 1562 erant,
434 1500 500 1568 quo
516 1476 689 1543 certiorem
706 1478 769 1543 Cn.
781 1475 974 1568 Pompeium
992 1474 1033 1543 de
1046 1476 1196 1544 Caesaris
1213 1474 1363 1543 adventu

218 1609 220 1614 '
310 1597 464 1665 facerent.
480 1595 614 1666 »Multa
627 1609 779 1690 praeterea
797 1593 984 1664 verisimilia
999 1594 1258 1688 proponebant.
1277 1590 1360 1679 Qui·

310 1719 371 1786 bus
389 1719 488 1788 rebus
508 1717 687 1802 adductus,
708 1741 790 1811 qnos
809 1715 934 1810 legatos
953 1730 1029 1784 ante
1046 1717 1215 1784 exercitui
1238 1709 1331 1808 praef
1344 1747 1360 1762 ·

310 1853 416 1922 cerat,
431 1839 473 1925 Q.
493 1836 629 1906 Pedium
648 1851 680 1904 et
700 1838 743 1924 Q.
768 1835 905 1903 Fabium
921 1836 1122 1918 Maximum,
1140 1833 1188 1902 de
1209 1857 1279 1901 suo
1300 1827 1358 1898 ad·

310 1970 410 2021 ventu
429 1955 505 2022 lacit
523 1957 697 2034 certiores,
723 1968 777 2039 ut,
799 1978 896 2046 quem
918 1954 978 2020 sibi
999 1953 1188 2044 equitatum
1219 1977 1263 2019 ex
1283 1971 1358 2042 pro·

309 2074 415 2140 vincia
436 2072 602 2154 fecissent,
629 2073 779 2166 praesidio
805 2075 983 2141 mitterent.
1008 2071 1060 2140 Ad
1078 2095 1162 2164 quos
1189 2070 1357 2146 celerius,

308 2216 408 2283 quam
428 2192 487 2284 ipsi
506 2193 631 2284 opinati
650 2204 747 2276 sunt,
764 2192 1060 2284 appropinquavit,
1078 2215 1207 2283 neque,
1228 2205 1271 2258 ut
1285 2189 1355 2280 ipse

309 2309 434 2398 voluit,
452 2311 631 2402 equitatum
652 2311 714 2378 sibi
736 2309 886 2402 praesidio
899 2310 1025 2379 habuit.

356 2432 417 2499 IlI.
439 2433 517 2528 Erat
540 2428 626 2498 idem
658 2431 816 2526 temporis
835 2432 923 2497 Sext.
940 2433 1116 2524 Pompeius
1136 2430 1263 2514 frater,
1292 2425 1351 2519 qui

308 2576 384 2619 cum
409 2549 558 2645 praesidio
584 2551 773 2620 Cordubam
791 2550 942 2634 tenebat,
957 2548 1046 2642 quod
1067 2551 1137 2641 ejus
1163 2548 1350 2645 provinciae

309 2685 487 2765 caputesse
503 2657 749 2738 existimabatur
767 2695 775 2736 τ
796 2671 865 2762 ipse
882 2684 990 2738 autem
1001 2671 1063 2736 Cn.
1076 2671 1253 2762 Pompeius
1269 2665 1349 2736 ado·

309 2788 432 2858 lescens
453 2788 564 2858 Uliam
585 2789 743 2882 oppidum
759 2789 987 2881 oppugnabat,
1002 2802 1035 2854 et
1048 2787 1115 2855 sere
1128 2789 1202 2882 jam
1213 2788 1347 2880 aliquot

308 2909 472 2976 mensibus
491 2909 538 3002 ibi
553 2908 771 2974 detinebatur.
795 2909 872 2994 Quo
895 2932 935 2974 ex
952 2905 1091 3000 oppido,
1115 2907 1249 3002 cognito
1269 2910 1344 2976 Cae·

307 3028 388 3095 saris
411 3026 572 3110 adventu,
594 3025 707 3118 legati,
726 3022 810 3093 clam
830 3025 981 3118 praesidia
1000 3029 1062 3095 Cn.
1077 3029 1247 3120 Pompeii,
1269 3029 1343 3096 Cae·

307 3167 412 3212 sarem
432 3169 535 3236 quum
554 3145 714 3231 adissent,
737 3161 848 3238 petere
869 3159 1055 3238 coeperunt,
1081 3161 1118 3214 ut
1145 3148 1205 3215 sibi
1230 3148 1342 3240 primo
1461 3223 1462 3226 Ἴ

306 3287 438 3356 quoque
460 3278 608 3357 tempore
624 3264 807 3332 subsidium
829 3267 983 3333 mitteret.
1005 3267 1114 3334 Caesar
1131 3290 1203 3333 eam
1223 3267 1343 3334 civita·

306 3397 373 3451 tem
390 3383 479 3450 omni
502 3396 650 3475 tempore
675 3384 798 3476 optime
815 3383 855 3450 de
879 3383 1003 3476 populo
1023 3407 1161 3451 romano
1187 3386 1341 3452 meritam

244 3511 248 3517 “
306 3525 374 3570 esse
393 3502 517 3589 sciens,
535 3501 687 3571 celeriter
705 3527 740 3571 v1
760 3503 910 3571 cohortes
925 3499 1084 3569 'secunda
1106 3487 1217 3592 vigilia
1240 3500 1340 3592 jubet

306 3621 489 3715 proficisci,
503 3625 639 3718 purique
656 3625 780 3716 equites
795 3643 932 3690 numero
952 3644 961 3685 ε
979 3617 1096 3710 quibus
1112 3617 1259 3713 praefecit
1277 3619 1341 3688 bo-

306 3743 429 3812 minem
446 3745 516 3837 ejus
537 3744 715 3836 provinciae
732 3756 864 3822 notum,
883 3750 916 3804 et
932 3761 998 3804 nou
1015 3761 1132 3830 parurn
1157 3740 1336 3826 scientem,

306 3863 345 3930 L.
361 3865 495 3932 lunium
508 3866 691 3934 Paciecum.
712 3861 780 3950 Qui
797 3881 899 3952 qunm
918 3857 960 3928 ad
979 3861 1041 3930 Gn.
1060 3861 1210 3954 Pompeii
1230 3862 1338 3957 praesi-

307 3981 361 4048 dia
389 3986 543 4079 venisset,
565 3983 680 4054 incidit
699 3981 785 4051 idem
811 3980 984 4074 temporis,
1007 3992 1045 4048 ut
1068 3995 1261 4075 tempestate
1279 3979 1336 4050 ad·
