3086 4766
257 327 311 384 ηδ
413 327 443 381 C.
468 327 563 384 JULlI
585 327 748 384 CAESARIS
770 321 1137 384 communetotum

254 480 299 524 eae
319 467 414 523 erant
428 468 632 522 armatorum
653 453 786 522 circiter
802 451 905 522 millia
923 477 976 522 nx.
998 453 1136 538 Cicero,
1157 452 1233 521 data
1250 453 1298 522 fa-

237 575 398 658 cultate,-
416 571 551 644 Gallum
570 572 612 642 ab
639 572 755 641 eodem
774 574 973 659 Verticone,
994 597 1095 666 quem
1117 596 1217 668 supra
1240 571 1298 641 de·

254 694 528 780 monstravimus,
546 692 686 786 repetit,
699 693 757 786 qui
773 691 900 761 litteras
915 691 958 761 ad
974 694 1138 762 Cesarem
1153 691 1296 762 referat:

254 813 534 898 buncadmonet,
550 813 614 880 iter
632 826 729 880 caute
749 811 991 908 diligenterque
1006 812 1128 881 saciat:
1151 813 1298 906 praescri·

253 935 304 1003 bit
318 936 353 1003 in
365 933 498 1020 litteris,
511 933 624 1001 hostes
640 932 681 1000 ab
696 957 730 1001 se
741 931 942 1018 discessisse,
955 955 1154 1025 omnemque
1166 931 1209 1000 ad
1220 955 1297 1000 eum

255 1053 502 1122 multitudinem
519 1053 738 1120 convertisse·
751 1052 883 1140 Quibus
902 1051 1020 1120 litteris
1040 1051 1172 1119 circiter
1189 1048 1297 1119 media

255 1189 352 1243 nocte
370 1171 495 1260 allatis,
511 1176 619 1243 Caesar
634 1197 714 1240 suos
724 1171 801 1241 lacit
819 1163 992 1254 certiores,
1009 1168 1189 1262 eosquead
1204 1166 1298 1237 dimi·

255 1293 398 1362 candum
415 1294 526 1361 animo
539 1291 715 1361 confirmat
733 1317 741 1360 ε
758 1305 892 1386 postero
908 1290 980 1376 die,
994 1288 1068 1358 luce
1084 1291 1212 1382 prima,
1228 1311 1297 1358 mo-

256 1428 311 1482 vet
324 1426 447 1498 castra,
459 1426 490 1481 et
505 1412 637 1480 circiter
649 1410 752 1480 millia
765 1434 921 1504 passuum
935 1434 971 1479 1v
982 1433 1191 1504 progressus,
1204 1424 1296 1478 trans

232 1589 235 1596 .
255 1530 374 1601 vallem
391 1555 546 1625 magnam
561 1547 595 1599 ct
605 1533 730 1618 rivum,
747 1522 996 1599 multitudinem
1008 1531 1154 1599 hostium
1168 1531 1298 1624 conspi-

257 1667 363 1721 catur.
385 1655 466 1721 Erat
483 1652 595 1744 magni
612 1649 750 1744 periculi
770 1675 836 1736 res,
852 1675 936 1718 cum·
946 1651 1046 1719 tantis
1060 1651 1163 1743 copiis
1182 1652 1297 1744 iniquo

258 1771 332 1841 loco
344 1771 517 1840 dimicare.
529 1772 634 1859 Tum,
651 1770 810 1862 quoniam
829 1767 1005 1838 liberatum
1019 1769 1192 1839 obsidione
1208 1771 1298 1839 Cice·

257 1917 373 1960 ronem
390 1890 529 1976 sciebat,
543 1913 648 1982 eoque
661 1891 804 1958 »omnino
820 1889 1056 1958 remittendum
1073 1889 1114 1958 de
1129 1887 1297 1959 celeritate

257 2010 480 2094 existimabat,
497 2008 661 2095 consedit,
684 2023 732 2095 et,
752 2031 852 2101 quam
872 2010 1057 2102 equissimo
1076 2023 1184 2102 potest
1203 2007 1296 2096 loco,

257 2141 364 2196 castra
383 2129 581 2196 communit·
595 2130 705 2220 Atque
724 2127 809 2214 haec,
829 2129 891 2196 etsi
910 2143 1005 2195 erant
1025 2113 1225 2222 exiguaper
1246 2153 1296 2215 se,

257 2248 311 2314 vix
331 2247 506 2316 hominum
522 2244 664 2314 millium
685 2270 754 2331 vu,
778 2247 959 2339 praesertim
981 2245 1081 2314 nullis
1097 2259 1178 2315 'cum
1194 2249 1296 2341 impe·

257 2365 427 2453 dimentis,
439 2380 550 2435 tamen
566 2365 724 2458 angustiis
738 2367 883 2452 viarum,
900 2390 1001 2458 quam
1017 2367 1160 2440 maxime
1172 2380 1295 2460 potest,

257 2485 444 2571 contrahit,
459 2510 510 2553 ,eo
531 2483 684 2570 consilio,
706 2499 744 2551 ut
766 2486 801 2551 in
826 2510 989 2554 summam
1015 2487 1296 2579 contemptionem

256 2604 407 2676 hostibus
422 2606 541 2673 veniat.
559 2604 713 2690 Interim,
730 2601 988 2697 speculatoribus
1004 2607 1038 2673 in
1056 2629 1171 2675 omnes
1187 2619 1297 2699 partes

257 2725 415 2814 dimissis,
445 2723 611 2818 explorat,
643 2748 710 2817 quo
738 2725 1006 2794 commodissimo
1034 2727 1152 2795 itinere
1179 2724 1295 2795 vallem

257 2849 400 2916 transire
415 2847 528 2940 possit.
599 2898 601 2902 -

254 3027 257 3032 .
308 2968 347 3032 L.
374 2969 424 3034 Eo
449 2965 522 3052 die,
548 2964 695 3061 parvulis
722 2968 929 3060 equestribus
960 2968 1083 3062 procliis
1107 2967 1150 3037 ad
1179 2993 1298 3062 aquam

258 3084 370 3170 factis,
395 3086 526 3178 utrique
555 3109 625 3154 sese
650 3110 709 3153 suo
734 3083 809 3155 loco
840 3089 1014 3156 continent
1043 3115 1050 3155 :
1078 3087 1185 3176 Galli,
1209 3087 1299 3182 quod

259 3202 435 3298 ampliores
461 3206 588 3298 copias,
614 3230 687 3299 quae
716 3206 865 3277 nondum
895 3223 1138 3292 convenerant,
1166 3233 1300 3302 exspec-

184 3403 187 3410 .
235 3326 397 3414 ,tubant3
422 3325 545 3411 Caesar,
571 3323 598 3391 si
622 3323 707 3393 forte
737 3329 864 3396 timoris
890 3326 1100 3396 simulatione
1128 3327 1240 3396 hostes
1264 3328 1299 3394 in

260 3469 371 3514 suum·
386 3443 494 3512 locum
520 3429 638 3512 elicere
664 3461 794 3538 posset,
823 3442 862 3517 ut
887 3445 1115 3517 citravallem
1128 3471 1203 3542 pro
1230 3469 1301 3515 cas·

260 3564 320 3634 tris
335 3561 452 3658 proelio
471 3561 702 3652 contenderet3
716 3566 744 3634 si
757 3566 792 3634 id
804 3567 933 3636 efficere
948 3592 1016 3636 non
1028 3579 1155 3660 posset,
1172 3580 1230 3654 ut,
1247 3591 1301 3634 er-

259 3682 397 3778 ploratis
416 3681 604 3768 itineribus,
624 3685 754 3754 minore
772 3707 849 3754 cum
868 3685 1018 3778 periculo
1036 3684 1158 3754 vallem
1176 3687 1301 3754 rivum-

260 3827 325 3896 que
344 3803 508 3871 transiret
530 3801 642 3871 Prima
666 3801 755 3892 luce,
775 3803 1106 3898 bostiumequitatus
1129 3804 1173 3874 ad
1195 3820 1302 3877 castra

260 3923 402 4010 accedit,
428 3920 647 4016 proeliumque
675 3947 749 3992 cum
776 3925 898 3995 nostris
921 3925 1087 4019 equitibus
1112 3917 1301 3996 committit.
