3068 4772
476 369 528 424 nn
548 367 670 424 nunno
692 367 807 422 csvinr
826 365 895 420 us.
917 363 970 420 111.
1086 325 1089 334 ’
1183 364 1234 436 157

212 511 367 579 tronum,
385 517 484 585 quam
505 492 596 586 regio
621 486 776 586 consilio,
799 503 985 582 susceptum
1008 487 1127 557 bellum
1149 491 1237 560 vide-

213 629 314 683 retur.

260 737 332 803 CX.
355 737 461 803 Erant
482 756 558 802 cum
576 729 705 801 Achilla
727 733 847 824 copiae,
874 743 912 799 ut
944 753 1051 824 neque
1080 753 1237 815 numero,

214 877 321 946 neque
335 876 455 946 genere
466 852 655 936 hominum,
667 873 775 942 neque
791 875 852 919 usu
868 851 915 918 rei
932 849 1080 924 militaris
1097 865 1239 919 contem·

214 970 330 1040 nendae
342 971 530 1041 viderentur
547 996 555 1038 ε
576 969 678 1039 millia
694 971 781 1038 enim
795 993 840 1048 xx
852 971 886 1038 in
901 969 1001 1038 armis
1016 969 1167 1038 habebat.
1180 973 1238 1038 11ae

215 1091 410 1159 constabant
423 1115 463 1158 ex
481 1089 677 1158 Gabinianis
696 1087 873 1174 militibus,
892 1088 948 1181 qui
962 1088 1029 1181 jam
1049 1088 1083 1155 in
1103 1112 1240 1157 consue-

218 1209 365 1278 tudinem
387 1207 604 1278 alerandrinm
624 1209 698 1276 vitae
720 1231 758 1276 ac
776 1206 914 1276 licentias
930 1221 1107 1295 venerant,
1124 1221 1158 1276 et
1178 1233 1239 1276 no·
1260 1285 1263 1292 ‚

215 1353 292 1397 men
313 1327 584 1422 disciplinamque
608 1323 724 1422 populi
746 1327 873 1394 romani
891 1324 1132 1413 dedidicerant,
1159 1351 1240 1395 nro·

216 1472 334 1541 resque
356 1447 539 1532 duxerant,
556 1469 596 1514 ex
619 1444 739 1538 quibus
757 1443 904 1538 plerique
924 1444 1045 1514 liberos
1065 1445 1240 1516 habebant.

217 1570 290 1635 Huc
306 1565 512 1635 ,accedebant
539 1561 667 1632 collecti
693 1587 733 1632 ex
761 1562 969 1657 pradonibus
995 1563 1242 1657 latronibusque

190 1693 193 1700 '
220 1687 319 1778 Syriae
339 1681 527 1776 Ciliciaeque
543 1681 737 1775 provinciae,
758 1679 1037 1775 finitimarumque
1059 1683 1241 1776 regionum.

219 1802 319 1873 Multi
335 1816 491 1897 praeterea
509 1800 625 1893 capitis
636 1798 781 1868 damnati
797 1797 987 1892 casulasque
1000 1815 1243 1871 convenerant:

217 1922 427 2015 fugitivisque
443 1919 595 1989 omnibus
615 1920 733 1988 nostris
752 1933 860 1988 certus
878 1933 950 1988 erat
971 1917 1177 1988 Alexandria
1195 1943 1245 1988 re·

218 2055 346 2133 ceptus,
364 2053 518 2132 certaque
542 2039 617 2106 vita
638 2037 799 2125 conditio,
819 2053 873 2125 ut,
891 2036 970 2106 dato
991 2039 1138 2123 nomine,
1155 2038 1244 2107 mili-

218 2173 290 2226 tum
307 2171 413 2228 essent
437 2181 576 2226 numero
593 2182 603 2226 :
621 2181 763 2250 quorum
780 2158 806 2226 si
827 2159 936 2250 quise
953 2157 1087 2228 domino
1102 2151 1245 2251 preben-

219 2277 365 2363 deretur,
384 2301 544 2348 concursu
558 2275 700 2347 militum
714 2277 926 2372 eripiebatur,
943 2279 998 2371 qui
1013 2280 1079 2346 vim
1094 2301 1246 2362 suorum,

218 2395 308 2490 quod
325 2398 358 2466 in
376 2394 474 2466 simili
501 2394 598 2490 culpa
617 2396 846 2483 versabantur,
864 2397 926 2490 ipsi
944 2421 1006 2490 pro
1022 2421 1083 2466 suo
1101 2396 1248 2491 periculo

219 2515 446 2587 defendebant.
466 2519 509 2586 Hi
531 2517 617 2610 regis
643 2516 764 2584 amicos
783 2513 826 2582 ad
844 2529 983 2584 mortem
1000 2513 1197 2608 deposcere,
1212 2515 1248 2584 hi

218 2637 306 2706 bons
320 2635 521 2730 locupletum
531 2633 682 2727 ¹diripere
695 2631 850 2726 stipendii
874 2633 1016 2728 augendi
1032 2657 1146 2718 causa,
1164 2635 1249 2728 regis

219 2753 353 2823 domum
371 2752 539 2838 obsidere,
567 2775 669 2844 regno
686 2749 866 2843 expellere,
885 2749 966 2820 alios
995 2775 1173 2839 arcessere,
1193 2778 1250 2821 ve·

221 2889 288 2942 tere
306 2871 450 2965 quodam
474 2868 674 2938 alexandrini
699 2871 861 2940 exercitus
882 2871 1052 2957 instituto,
1072 2894 1249 2940 consueve-

221 3006 304 3061 rant
319 2995 422 3060 Erant
433 3003 589 3084 praterea
605 2989 753 3082 equitum
771 2987 872 3058 millia
891 2988 967 3058 duo.
985 2991 1251 3059 Inveteraverant

220 3111 255 3180 bi
286 3133 400 3178 omnes
427 3105 651 3202 compluribus
678 3105 884 3177 Alexandria
908 3106 1022 3197 bellis,
1041 3107 1250 3178 Ptolemenoi

220 3244 346 3326 patrem
366 3230 400 3298 in
417 3251 557 3323 regnum
576 3227 791 3314 reduxerant,
817 3226 927 3296 Bibuli
943 3227 1027 3296 filios
1045 3227 1130 3300 duos
1147 3229 1250 3298 inter·

221 3349 386 3435 fecerant,
400 3345 487 3417 bella
505 3371 581 3416 cum
599 3346 759 3441 AEgyptiis
776 3360 952 3439 gesserant.
972 3351 1067 3418 Hunc
1088 3371 1184 3418 usum
1203 3350 1252 3417 rei

203 3527 207 3550 ὅ
220 3470 371 3541 militaris
385 3469 560 3540 habebant

207 3602 209 3608 ’
268 3593 355 3661 cxl.
374 3591 434 3660 His
451 3591 555 3683 copiis
577 3587 681 3658 fidens
699 3587 859 3678 Achillas,
883 3591 1148 3684 paucitatemque
1165 3587 1252 3657 mili·

221 3723 291 3777 turn
315 3709 452 3780 Caesaris
475 3707 675 3802 despiciens,
698 3710 882 3802 occupabat
899 3706 1145 3794 Alexandriam,
1170 3731 1252 3805 prae·

222 3840 272 3892 ter
282 3850 354 3896 eam
366 3826 479 3920 oppidi
494 3841 639 3920 partem,
653 3851 751 3919 quam
765 3829 874 3897 Casas
891 3851 966 3898 cum
987 3824 1145 3896 militibus
1161 3840 1251 3894 tene·

222 3944 297 4030 bat,
331 3946 438 4035 primo
464 3947 586 4038 impetn
616 3945 751 4015 domum
780 3949 852 4042 ejus
877 3950 1059 4041 irrumpere
1084 3959 1250 4016 conatus:
