3014 4780
302 401 358 464 aid
479 397 510 452 C.
530 389 628 454 sumt
649 393 814 470 causatus
835 395 1033 453 COMMENT.
1055 397 1167 454 LIBER

299 522 457 610 ravisset,
475 522 649 618 delataque
670 539 754 593 esset
775 539 876 593 vento
896 521 938 593 ad
955 523 1140 618 Thapsum,
1160 546 1180 590 a
1198 520 1352 615 Virgilio

300 644 429 738 scaphis
446 643 670 737 naviculisque
686 647 843 714 actuariis
862 658 997 737 excepta
1013 657 1082 730 est,
1100 657 1132 712 et
1149 641 1191 710 ad
1210 642 1348 736 Scipio·

299 788 375 832 nem
395 762 547 833 deducta.
566 767 650 832 Item
666 763 770 834 altera
788 765 879 833 navis
900 765 1006 832 trieris
1023 787 1063 831 ex
1083 760 1197 830 eadem
1217 759 1348 847 classe,

299 883 504 972 errabunda,
519 909 557 952 ac
575 897 770 980 tempestate
785 882 827 952 ad
841 885 1048 978 AEgimurum
1064 881 1190 969 delata,
1207 880 1350 950 aclasse

299 1003 380 1072 Vari
391 1018 424 1072 et
440 1005 487 1072 M.
502 1005 634 1073 Octavii
650 1018 700 1072 est
714 1015 829 1096 capta,
844 1003 878 1074 in
893 1027 959 1096 qua
969 1001 1090 1071 milites
1106 1003 1253 1070 veterani
1265 1026 1348 1070 cum

300 1149 368 1194 uno
386 1125 599 1211 centurione,
615 1139 649 1192 et
665 1122 816 1192 nonnulii
834 1124 957 1193 tirones
978 1123 1113 1192 suerunt
1134 1147 1142 1191 τ
1162 1147 1245 1216 quos
1271 1126 1347 1191 Va-

300 1268 377 1330 rus,
397 1259 580 1312 asservatos
600 1245 670 1313 sine
686 1229 902 1332 contumelia,
922 1242 1132 1312 deducendos
1151 1241 1280 1312 curavit
1297 1242 1346 1312 ad

299 1363 497 1455 Scipionem.
518 1364 586 1450 Qui
604 1378 777 1457 postquam
797 1362 840 1432 ad
859 1388 936 1431 eum
956 1377 1193 1458 pervenerunt,
1212 1378 1244 1432 et
1262 1378 1345 1432 ante

300 1496 489 1577 suggestum
500 1483 570 1575 ejus
580 1486 819 1553 constiterunt:
833 1486 938 1554 «Nou
954 1497 1077 1571 vestra,
1088 1483 1211 1576 inquit,
1222 1497 1346 1576 sponte

300 1627 377 1690 voa,
393 1619 485 1672 certo
501 1604 588 1691 scio,
604 1603 661 1672 sed
679 1602 765 1672 iilius
781 1602 930 1673 scelerati
947 1604 1045 1672 vestri
1063 1603 1270 1696 imperatoris
1284 1603 1345 1670 im·

300 1722 397 1818 pulsu
416 1738 448 1793 ct
466 1723 604 1818 imperio
625 1737 772 1811 coactos,
801 1724 888 1792 cives
913 1738 946 1792 et
978 1724 1142 1818 optimum
1173 1747 1342 1816 quemque

300 1843 423 1914 nefarie
440 1845 634 1914 consectari.
649 1844 743 1933 Quos
756 1844 914 1937 quoniam
928 1843 1062 1911 fortuna
1073 1844 1108 1910 in
1122 1856 1267 1911 nostram
1282 1842 1342 1909 de-

300 1963 377 2033 tulit
396 1979 612 2057 potestatem,
632 1966 679 2053 si,
699 1962 732 2031 id
752 1962 842 2056 quod
863 1962 970 2032 facere
989 1961 1137 2047 debetis,
1157 1961 1342 2056 rempubli-

299 2108 371 2153 cam
389 2109 464 2152 cum
483 2087 611 2178 optimo
629 2107 762 2178 quoque
780 2082 981 2171 defendetis,
1009 2097 1136 2151 certum
1156 2097 1223 2169 est,
1243 2083 1340 2151 vobis

299 2204 453 2272 vitamet
473 2205 647 2298 pecuniam
663 2203 797 2272 donare.
816 2204 1049 2299 Quapropter,
1071 2201 1151 2296 quid
1169 2204 1338 2292 sentiatis,

298 2322 545 2416 proloquimini.
568 2355 585 2389 a

346 2447 450 2514 XLV.
472 2447 543 2514 Hac
563 2444 674 2514 habita
693 2446 863 2533 oratione,
882 2446 1013 2540 Scipio,
1032 2470 1135 2539 quum
1155 2446 1339 2514 existimas·

298 2579 364 2649 set,
383 2589 444 2659 pro
462 2591 523 2634 suo
542 2565 700 2636 beneficio
719 2568 789 2635 sinc
809 2565 911 2635 dubio
929 2565 970 2635 ab
996 2568 1036 2634 iis
1056 2567 1178 2661 gratias
1204 2566 1265 2633 sibi
1283 2589 1338 2634 ac·

299 2699 371 2754 tum
392 2687 450 2774 iri,
469 2700 665 2781 potestatem
681 2688 720 2756 iis
740 2686 872 2756 dicendi
890 2685 977 2756 fecit.
994 2689 1045 2756 Ex
1060 2689 1106 2755 eis
1121 2688 1272 2756 centurio
1290 2683 1337 2754 le·

298 2806 404 2898 gionis
421 2831 482 2876 xiv
499 2832 507 2874 ε
526 2810 620 2876 «Pro
637 2821 714 2894 tuo,
731 2809 995 2901 inquit,summo
1012 2806 1191 2895 beneficio,
1206 2807 1336 2899 Scipio,

299 2926 357 2994 tibi
370 2929 492 3021 gratias
509 2952 572 3022 ago
585 2927 767 3022 (nonenim
780 2929 1011 3021 imperatorem
1029 2942 1062 2996 te
1080 2925 1336 3022 appello),quod

300 3044 382 3113 mihi
403 3048 504 3114 vitam
523 3045 865 3142 incoiumitatemque,
889 3045 965 3116 belli
980 3047 1056 3140 jure
1073 3061 1189 3140 capto,
1207 3043 1337 3141 pollice·

296 3165 343 3234 ris
361 3189 370 3230 ε
390 3178 423 3231 et
438 3164 549 3232 forsan
568 3168 632 3234 isto
650 3180 760 3235 uterer
781 3165 957 3250 beneficio,
979 3167 1006 3234 si
1028 3190 1095 3234 non
1118 3168 1148 3236 ei
1169 3189 1334 3236 summum

296 3283 400 3353 scelus
420 3283 667 3380 adjungeretur.
689 3291 805 3382 Egone
823 3303 938 3357 contra
958 3291 1138 3376 Caesarem,
1157 3289 1335 3382 imperato-

296 3430 366 3474 rem
387 3431 519 3491 meum,
538 3406 627 3504 apud
646 3433 744 3502 quem
764 3408 916 3478 ordinem
937 3405 1035 3494 duxi,
1055 3409 1191 3500 ejusque
1209 3405 1335 3472 exerci-

297 3539 385 3612 tum,
406 3551 468 3620 pro
485 3528 580 3621 cujus
597 3527 758 3621 dignitate
783 3528 985 3618 victoriaque
1001 3523 1143 3616 amplius
1160 3545 1262 3591 xxxvi
1280 3545 1334 3589 an·

296 3649 347 3717 nis
369 3647 574 3742 depugnavi,
595 3646 752 3717 adversus
773 3659 984 3737 armatusque
1002 3641 1198 3711 consistam?
1216 3643 1332 3736 Neque

295 3793 356 3862 ego
371 3768 459 3837 istud
475 3767 622 3837 facturus
637 3793 732 3853 sum,
752 3780 784 3834 et
800 3779 832 3832 te
847 3749 1069 3856 inagnoperc,
1085 3777 1123 3832 ut
1140 3761 1182 3832 de
1200 3765 1332 3858 negotio

296 3887 449 3976 desistas,
465 3887 635 3958 adhortor.
652 3891 775 3956 Contra
791 3883 885 3976 cujus
901 3883 990 3950 enim
1004 3883 1115 3978 copias
1135 3885 1332 3970 contendas,

296 4010 321 4076 si
344 4010 452 4078 minus
472 4023 568 4077 antea
588 4021 739 4100 expertus
757 4027 811 4091 es,
829 4001 905 4072 licet
924 4027 1014 4072 nuuc
1033 4029 1223 4099 cognoscas.
1243 4004 1332 4099 Elige
