3042 4772
312 387 365 446 192
482 370 512 426 C
530 369 627 426 tum
646 367 807 424 CAESARIS
829 365 1025 424 COMHBN'I'.
1047 367 1156 424 LOEER

308 494 387 562 tavii
400 494 561 589 impetum
581 493 666 562 fecit.
685 490 865 562 Celerrime
882 490 1123 585 fortissimeque
1142 502 1257 560 contra
1274 489 1336 560 illo

307 612 507 706 remigante,
523 635 619 680 naves
629 609 773 679 adversas
787 611 902 680 rostris
917 623 1120 698 concinnunt
1137 607 1220 678 adeo
1232 605 1335 678 rehe-

306 746 451 818 menter,
470 743 507 800 ut
521 730 612 798 naris
628 729 833 816 Octauiana,
850 743 958 798 rostro
972 727 1133 815 discusso,
1150 725 1240 823 ligno
1255 752 1335 798 con·

307 848 712 921 sinereturcommittitur
723 844 983 940 aeriterreliquis
995 843 1335 940 locisproelium,oou·

305 967 515 1060 curriturque
534 963 577 1035 ad
597 964 695 1036 duces
710 966 873 1034 maxime:
892 989 969 1036 nam
985 988 1089 1059 quum
1114 989 1174 1034 suo
1193 967 1333 1059 quisque

305 1085 463 1156 auxilium
479 1085 762 1180 ferret‚magnum
777 1086 927 1154 cominus
940 1087 974 1153 in
994 1099 1132 1178 angusto
1150 1085 1233 1155 mari
1250 1109 1333 1180 pros-

305 1203 384 1272 lium
407 1203 529 1272 factum
547 1219 595 1272 est
621 1217 840 1297 :quantoque
862 1203 1046 1296 conjunctis
1070 1205 1173 1298 magis
1192 1205 1331 1275 naribus

226 1347 228 1354 ⁴
304 1321 500 1415 confligendi
514 1336 659 1416 potestas
674 1321 828 1405 dabatur,
846 1335 939 1390 tanto
958 1321 1142 1415 superiores
1159 1337 1254 1392 erant
1266 1325 1331 1392 Va·

214 1417 218 1426 .
304 1441 436 1525 tiniani3
464 1441 522 1532 qui
553 1439 744 1510 admiranda
774 1441 896 1508 virtute
908 1463 948 1508 en
967 1441 1035 1508 suis
1053 1441 1191 1512 navibus
1209 1443 1243 1509 in
1258 1441 1349 1540 hos·¹

303 1559 386 1627 tium
411 1581 510 1627 naves
537 1557 698 1628 transilire
716 1581 783 1626 non
807 1555 1020 1644 dubitabant,
1043 1571 1094 1647 et,
1119 1558 1328 1630 dimicatione

255 1759 258 1764 ¹
303 1693 444 1771 aquata,
456 1673 554 1772 longe
565 1678 748 1771 superiores
763 1675 906 1762 virtute,
920 1699 990 1745 rem
1010 1674 1144 1780 feliciter
1158 1679 1326 1772 gerebant.

302 1798 507 1890 Deprimitur
521 1797 623 1890 ipsius
638 1796 766 1865 Octavii
785 1796 1023 1888 quadriremis:
1044 1794 1154 1866 multa
1172 1811 1328 1890 praeterea

301 1918 496 2007 capiuntur,
515 1929 574 1984 aut
589 1915 702 1984 rostris
717 1913 889 2007 perforate
910 1928 1123 2008 merguntur:
1143 1939 1328 2011 propugna-

303 2045 390 2101 tores
407 2033 580 2102 Oetaviani
598 2033 718 2127 partim
737 2033 772 2100 in
790 2034 927 2102 navibus
935 2030 1145 2126 jugulantur,
1160 2035 1279 2127 partim
1290 2036 1325 2105 in

300 2175 390 2220 mare
418 2151 671 2245 precipitantur.
692 2153 768 2244 Ipse
793 2152 949 2220 Octavius
969 2175 1004 2220 se
1024 2153 1059 2220 in
1081 2153 1235 2248 scapham
1251 2155 1326 2224 conl

300 2267 390 2337 fert:
411 2268 446 2336 in
464 2292 562 2362 quam
580 2267 690 2361 plures
713 2292 815 2360 quum
842 2267 1071 2364 confugerent,
1093 2269 1244 2364 depressa
1260 2296 1326 2340 sca·

299 2387 382 2480 pha,
400 2385 590 2456 vulneratus
610 2401 719 2456 tamen
740 2386 875 2457 adnatat
892 2388 935 2457 ad
962 2411 1057 2458 suum
1078 2413 1323 2483 myoparonem.

298 2508 348 2574 Eo
367 2519 532 2600 receptus,
552 2530 655 2598 quum
671 2503 825 2599 proelium
846 2531 911 2575 nox
930 2506 1112 2593 dirimeret,
1132 2522 1325 2602 tempestate

185 2608 191 2622 ⁸
298 2647 417 2716 magna
433 2621 513 2692 velis
531 2623 686 2719 profugit.
705 2627 897 2718 Sequuntur
916 2624 1005 2696 hunc
1029 2651 1096 2696 suae
1120 2651 1219 2697 naves
1241 2652 1324 2696 non·
1373 2621 1376 2624 ’

299 2740 413 2829 nulla,
426 2768 507 2836 quas
522 2767 615 2812 casus
634 2743 676 2811 ab
694 2741 751 2812 illo
763 2742 909 2838 periculo
926 2745 1117 2815 vindicarat.

345 2865 480 2932 XLVII.
495 2867 539 2932 At
555 2864 724 2947 Vatinius,
740 2887 777 2932 re
795 2864 878 2934 bene
895 2881 1004 2958 gesta,
1023 2870 1169 2961 receptui
1187 2868 1323 2954 cecinit3

297 2985 429 3076 suisque
443 2982 597 3052 omnibus
619 2981 860 3073 incolumibus,
875 2985 910 3055 in
930 3010 1005 3056 eum
1021 3011 1056 3056 se
1070 3003 1203 3081 portum
1220 2990 1324 3058 victor

297 3101 435 3194 recepit,
452 3124 518 3193 quo
535 3125 572 3170 ex
593 3116 693 3194 portu
712 3099 822 3171 classis
842 3105 1025 3174 Octauiana
1040 3105 1080 3174 ad
1102 3105 1323 3176 dimicandum

296 3233 507 3311 processerat.
535 3221 634 3314 Capit
650 3244 690 3289 ex
708 3245 748 3289 eo
769 3219 886 3316 proelio
907 3239 1076 3316 penterem
1095 3249 1214 3314 unam,
1232 3226 1324 3294 trire-

296 3361 364 3407 mes
376 3361 419 3424 u,
435 3337 575 3408 dicrotas
590 3362 671 3425 rur,
688 3339 938 3435 compluresque
952 3344 1088 3437 remiges
1103 3345 1320 3446 Octaviapos:

295 3471 493 3551 posteroque
513 3457 559 3524 ibi
576 3455 648 3542 die,
667 3457 746 3526 dum
764 3483 838 3528 suas
859 3459 1069 3552 captivasque
1089 3483 1189 3528 naves
1214 3456 1320 3525 refice·

294 3589 360 3662 ret,
371 3590 583 3668 consumpto,
594 3576 763 3669 postdiem
779 3600 818 3646 111
828 3576 995 3645 contendit
1004 3578 1037 3644 in
1047 3573 1186 3644 insulam
1198 3577 1320 3660 Issam,

294 3693 384 3790 quod
400 3713 440 3764 eo
455 3719 490 3764 se
508 3694 668 3788 recepisse
682 3719 721 3762 ex
735 3693 813 3787 fuga
824 3691 978 3761 credebat
990 3693 1174 3763 Octavium.
1189 3696 1270 3762 Erat
1286 3693 1321 3761 in

294 3813 581 3884 canobilissimum
593 3837 707 3884 earum
725 3812 898 3906 regionum
917 3809 1095 3905 oppidum,
1116 3813 1320 3906 conjunctis-

287 3929 480 4029 'simumque
499 3934 648 4004 Octavio.
663 3933 741 4021 Quo
755 3943 793 4000 ut
805 3932 974 4024 pervenit,
985 3929 1143 4025 oppidani
1158 3927 1319 4026 supplices
