3062 4766
499 336 550 390 DE
571 335 692 394 BELLO
712 335 873 396 GALLICO
894 337 964 392 LIB.
983 339 1043 393 VII.
1239 359 1293 399 211

250 473 339 530 runt.
357 458 460 548 Quod
478 459 561 528 sica
577 483 651 552 quae
667 461 702 528 in
721 459 913 556 longinquis
930 463 1121 532 nationibus
1135 479 1297 559 geruntur

250 581 427 674 ignoratis,
450 580 608 674 respicite
627 579 802 653 finitimam
816 581 988 671 Galliam,
1010 608 1083 676 quae
1103 585 1137 652 iu
1162 589 1297 679 provin·

249 701 334 768 ciam
346 700 495 788 redacta,
509 701 586 792 jure
599 714 633 769 et
647 698 775 796 legibus
788 705 1020 790 commutatis,
1035 704 1207 781 securibus
1222 707 1298 775 sub-

247 819 349 913 jecta,
369 835 529 915 perpetua
549 822 713 916 premitur
728 823 898 892 servitute.
920 853 937 889 a

298 943 487 1014 LXXVIII.
518 943 697 1013 Sententiis
723 942 820 1012 dictis
849 946 1060 1015 constituunt
1089 960 1126 1015 ut
1155 947 1215 1040 qui
1241 972 1298 1016 va·

251 1061 399 1132 lctudine
424 1059 481 1133 aut
500 1077 597 1133 aetate
619 1063 753 1134 inutiles
777 1065 844 1134 sint
862 1063 951 1134 bello
973 1066 1099 1160 oppido
1119 1066 1297 1156 excedant,

249 1197 349 1277 atque
365 1185 479 1253 omnia
498 1185 591 1279 prius
608 1186 824 1279 experiantur
840 1210 942 1280 quam
959 1185 1001 1254 ad
1018 1187 1211 1283 Critognati
1224 1213 1299 1258 sen·

250 1305 388 1375 tentiam
409 1303 633 1392 descendant;
659 1302 716 1374 illo
743 1319 853 1374 tamen
875 1307 985 1399 potius
1004 1305 1167 1378 utendum
1186 1309 1297 1378 consi·

251 1422 312 1510 lio,
334 1427 361 1494 si
381 1449 433 1494 res
459 1441 557 1521 cogat
573 1441 673 1520 atque
695 1422 817 1495 auxilia
835 1441 1024 1510 morentur,
1041 1451 1145 1520 ¹quam
1162 1441 1220 1498 aut
1239 1427 1298 1502 de·

250 1544 386 1615 ditionis
410 1562 469 1616 aut
492 1548 582 1640 pacis
608 1546 814 1619 subeundam
842 1547 1079 1617 conditionem.
1104 1549 1298 1638 Mandubii,

250 1667 308 1758 qui
327 1691 384 1736 eos
406 1666 531 1761 oppido
554 1683 763 1761 receperant,
783 1691 860 1736 cum
883 1665 996 1757 liberis
1019 1683 1119 1761 atque
1139 1671 1298 1738 uxoribus

251 1786 340 1856 exire
365 1801 539 1880 coguntur.
565 1789 624 1872 Hi,
649 1809 753 1880 quum
774 1785 816 1854 ad
839 1788 1041 1855 munitiones
1067 1790 1296 1858 Romanorum

250 1907 479 1992 accessissent,
509 1905 625 1976 flentes
652 1906 807 1974 omnibus
833 1907 987 2000 precibus
1012 1905 1155 1976 orabant
1183 1923 1220 1976 ut
1246 1933 1295 2000 se,

251 2027 285 2094 in
306 2028 500 2096 servitutem
519 2039 683 2120 receptos,
703 2025 778 2094 cibo
790 2026 957 2119 jurarent.
979 2029 1025 2096 At
1040 2027 1164 2116 Caesar,
1187 2028 1297 2124 dispo-

249 2147 321 2216 sitis
336 2149 372 2215 in
390 2144 478 2216 vallo
495 2145 700 2232 custodibus,
716 2146 820 2238 recipi
838 2146 1045 2240 prohibebat.

299 2268 453 2336 LXXIX.
484 2271 617 2336 Interea
647 2267 820 2335 Commius
846 2279 879 2333 et
902 2263 1021 2358 reliqui
1046 2265 1146 2336 duces
1174 2270 1295 2362 quibus

250 2410 379 2456 summa
404 2388 534 2481 imperii
563 2387 723 2480 permissa
747 2399 817 2453 erut
848 2408 923 2452 cum
949 2385 1104 2456 omnibus
1124 2389 1229 2482 copiis
1252 2390 1293 2459 ad

252 2505 395 2575 Alesiam
420 2507 636 2600 perveniunt,
662 2519 711 2591 et,
732 2503 817 2573 colle
840 2507 1003 2574 exteriore
1021 2521 1200 2601 occupato,
1225 2533 1292 2576 non

250 2622 382 2718 lougius
410 2649 438 2694 m
462 2626 611 2716 passibus
633 2624 674 2691 ab
695 2624 817 2691 nostris
838 2624 1081 2693 munitionibus
1102 2625 1291 2696 considunt.

250 2746 387 2812 Postero
400 2743 468 2829 die,
485 2745 634 2836 equitatu
650 2768 689 2811 ex
704 2743 819 2812 castris
834 2741 970 2825 educto,
984 2766 1120 2812 omnem
1134 2769 1207 2814 eam
1224 2745 1293 2838 pla·

250 2865 384 2947 nitiem,
400 2887 500 2956 quam
515 2862 550 2930 in
566 2860 808 2956 longitudinem
827 2885 866 2930 111
887 2858 989 2930 millia
1005 2885 1160 2954 passuum
1179 2879 1292 2957 patere

249 2982 564 3070 demonstravimus,
581 2979 763 3075 complent,
780 2979 1011 3075 pedestresque
1028 2982 1139 3076 copias
1153 2983 1290 3078 paulum

249 3103 290 3172 ab
306 3127 347 3170 eo
364 3101 438 3172 loeo
454 3101 581 3171 abditas
596 3103 631 3170 in
645 3099 725 3170 locis
741 3097 964 3195 superioribus
977 3102 1196 3172 constituunt.
1210 3107 1288 3180 Erat

249 3247 289 3292 ex
315 3221 439 3317 oppido
464 3219 573 3291 Alesia
598 3221 772 3315 despectus
803 3221 837 3290 in
863 3243 1027 3312 campum.
1054 3223 1289 3312 Concurritur,

248 3343 299 3412 his
319 3341 448 3412 auxiliis
464 3343 561 3426 visis3
580 3340 617 3408 lit
634 3341 806 3435 gratulatio
827 3336 1004 3422 luterem,
1021 3353 1119 3433 atque
1137 3344 1288 3412 omnium

248 3464 349 3532 animi
375 3461 417 3530 ad
439 3458 585 3528 laetitiam
612 3459 804 3532 excitantur.
825 3465 958 3554 Itaque,
978 3459 1148 3552 productis
1169 3461 1289 3553 copiis,

248 3597 325 3652 ante
345 3579 507 3677 oppidum
528 3573 730 3662 considunt,
748 3589 782 3642 et
798 3578 984 3669 proximam
1002 3577 1123 3648 fossam
1144 3580 1289 3648 cratibus

249 3705 402 3798 integunt
417 3715 515 3794 atque
530 3721 650 3793 aggere
665 3696 815 3790 explent,
831 3719 930 3790 seque
951 3697 993 3766 ad
1008 3699 1217 3792 eruptionem
1236 3712 1288 3769 at·

248 3849 313 3918 que
331 3847 446 3892 omnes
466 3843 561 3890 casus
578 3829 782 3910 comparant.

295 3945 432 4014 LXXII.
459 3943 580 4023 Caesar,
603 3937 694 4004 omni
717 3935 862 4004 exercitu
890 3934 933 4004 ad
960 3949 1135 4030 utramque
1160 3951 1289 4030 partem

1091 4057 1141 4138 14.
