3086 4766
248 348 1292 392 mmmmm

462 661 520 766 C.
545 661 734 770 JULII
762 663 1074 776 CAESAR'IS

308 1005 1222 1154 COMMENTARIORUM

477 1365 552 1452 Dll
580 1365 762 1454 BELLO
784 1368 1028 1458 GALLICO

572 1672 708 1742 LIBER
735 1671 914 1744 SEXTUS.

654 2003 875 2030 *⁸*-

225 2311 256 2375 1.
275 2247 444 2376 Munus
467 2303 508 2373 de
533 2304 641 2372 causis
662 2304 796 2391 Ceasar,
817 2301 977 2396 majorem
997 2302 1117 2404 Gallie
1147 2321 1277 2378 motum

228 2438 439 2519 exspectans,
468 2448 528 2517 per
553 2425 602 2492 M.
628 2420 796 2510 Silanum,
820 2425 859 2502 C.
885 2425 1068 2494 Antistium
1093 2427 1277 2520 Reginum,

226 2545 264 2611 T.
292 2545 463 2630 Sextium,
490 2541 638 2638 legatos,
657 2542 818 2612 dilectum
841 2542 964 2613 habere
980 2546 1127 2614 instituit
1149 2547 1277 2616 :simul

224 2662 268 2730 ab
288 2664 351 2733 Cn.
378 2663 539 2756 Pompeio
559 2661 760 2756 proconsule
775 2663 877 2757 petit,
894 2665 1054 2756 quoniam
1072 2666 1141 2758 ipse
1158 2663 1201 2733 ad
1219 2689 1276 2734 ur·

225 2783 300 2853 bem
326 2807 404 2852 cum
433 2783 575 2877 imperio
593 2780 784 2877 reipublice
807 2807 907 2852 causa
932 2798 1097 2870 maneret,
1127 2807 1210 2876 quos
1235 2809 1276 2854 ex

224 2902 396 2998 Cisalpina
435 2899 545 2973 Gallia
576 2900 721 2972 consulis
760 2915 968 2973 sacramento
1002 2901 1199 2997 rogavisset,
1232 2906 1275 2976 ad

222 3027 317 3127 signa
338 3025 537 3113 convenire,
557 3038 591 3094 et
609 3023 652 3094 ad
670 3047 705 3092 se
726 3023 893 3116 proficisci
910 3021 1069 3116 juberet:
1091 3025 1203 3118 magni
1223 3026 1274 3094 in·

222 3163 344 3216 teresse
363 3146 464 3216 etiam
488 3146 524 3214 in
544 3142 710 3238 reliquum
735 3156 866 3236 tempus
886 3141 929 3211 ad
945 3142 1139 3236 opinionem
1155 3144 1273 3214 Gallias

227 3268 429 3354 existimans,
450 3279 559 3334 tantos
588 3264 693 3333 videri
714 3261 818 3332 Italiae
842 3261 1030 3350 facultates,
1053 3279 1112 3348 ut,
1135 3265 1164 3331 si
1191 3264 1273 3357 quid

221 3401 306 3458 esset
322 3390 358 3456 in
375 3383 464 3458 bello
484 3385 678 3455 detrimenti
700 3397 890 3477 occeptum,
913 3409 981 3454 non
1001 3384 1102 3454 modo
1123 3384 1157 3452 id
1177 3384 1271 3453 brevi

220 3519 372 3603 temporo
400 3505 531 3592 sarciri,
560 3502 745 3572 sedetiam
772 3503 953 3597 majoribus
983 3503 1140 3598 adaugeri
1167 3501 1270 3597 copiis

221 3642 340 3719 posset.
361 3625 464 3717 Quod
481 3647 586 3720 quum
605 3623 786 3718 Pompeius
805 3637 839 3692 et
854 3621 1045 3718 reipublice
1065 3637 1098 3692 et
1114 3601 1270 3692 amicitiae

219 3749 403 3837 tribuisset,
419 3745 571 3817 celeriter
585 3745 738 3815 consecto
751 3768 810 3839 per
822 3767 899 3815 suos
910 3741 1055 3831 delectu,
1071 3741 1178 3812 tribus
1191 3757 1269 3812 ante

217 3883 369 3939 exactem
394 3867 538 3938 hiemem
559 3881 594 3935 et
619 3865 809 3935 constitutis
833 3879 866 3933 et
891 3862 1044 3934 adductis
1067 3861 1269 3962 legionibus,

217 3988 453 4084 duplicatoque
467 4011 583 4058 earum
598 3985 787 4054 cohortium
802 4009 958 4074 numero,
972 4009 1141 4080 quoscum
1157 3987 1201 4076 Q.
1214 3985 1268 4054 Ti·
