3086 4766
470 379 520 432 DE
538 377 662 436 'BELLO
682 380 844 438 (sslnlco
864 377 933 436 ΗΒ.
952 377 984 433 V.
1196 381 1249 434 123

206 529 288 574 rone
307 498 489 592 habebant,
514 501 662 597 colloqui
681 527 751 574 sese
771 502 855 573 velle
871 501 998 572 dicunt.
1019 505 1119 570 Facta
1140 517 1250 596 potes-

207 639 293 710 tete,
308 623 441 712 eedem,
453 647 526 718 ques
537 623 710 693 Ambiorix
724 645 802 692 cum
814 624 943 694 Titurio
956 635 1085 717 egerat,
1103 646 1250 691 comme-

206 757 340 811 morent
360 769 368 810 :
390 770 407 806 e
430 744 576 812 Omnem
604 767 675 812 esse
699 743 734 811 in
756 743 858 812 armis
879 740 1042 822 Gelliam
1064 742 1251 812 Germanos

205 861 362 930 Rhenum
385 861 555 948 transisse3
576 863 714 933 Caeseris
733 860 1006 956 reliquorumque
1029 859 1168 930 hiberna
1190 885 1252 954 op·

139 1030 143 1036 -
206 981 360 1074 pugnari.
379 1009 396 1044 s
413 979 553 1050 Addunt
570 981 671 1049 etiem
688 981 729 1050 de
748 982 862 1051 Sabini
883 994 1001 1052 morte.
1019 979 1248 1074 Ambiorigem

205 1113 374 1172 ostentant
392 1099 470 1169 fidei
490 1099 652 1170 saciundae
669 1125 768 1170 causa
785 1128 793 1170 :
812 1129 829 1165 e
846 1125 957 1171 errare
976 1125 1047 1191 eos,
1065 1100 1198 1188 dicunt,
1220 1103 1247 1168 si

205 1219 388 1313 quidquam
406 1220 448 1288 ab
469 1220 522 1288 his
540 1219 687 1314 presidii
709 1235 860 1315 sperent,
878 1221 936 1316 qui
955 1221 1023 1292 suis
1042 1220 1141 1289 rebus
1161 1217 1249 1288 diffi-

207 1338 303 1426 dent3
317 1364 387 1409 sese
403 1353 513 1410 tamen
525 1339 590 1408 hoc
602 1365 673 1410 esse
689 1341 724 1408 in
741 1341 937 1412 Ciceronem
955 1339 1184 1436 populumque
1200 1363 1250 1408 ro-

207 1483 343 1530 monum
367 1461 496 1547 auimo,
528 1472 565 1528 ut
590 1458 674 1528 nihil
695 1461 758 1529 nisi
783 1460 922 1530 hiberna
952 1474 1119 1546 recusent,
1147 1474 1258 1552 etque¹

207 1577 294 1651 hanc
311 1579 551 1649 inveterascere
567 1580 841 1650 consuetudinem
857 1579 987 1648 nolint:
1006 1579 1106 1649 licere
1118 1577 1182 1648 illis
1199 1580 1249 1647 in·

208 1695 391 1766 columibus
408 1721 467 1791 per
486 1721 520 1767 se
537 1723 577 1768 ex
596 1699 744 1768 hibernis
764 1696 944 1787 discedere,
963 1712 1011 1784 et,
1031 1721 1248 1791 quascunque

208 1817 364 1910 inpertes
375 1815 1050 1911 velint,sinemetuprolicisci.rCicerocd
1060 1817 1247 1884 haeounum

208 1937 308 2006 modo
325 1937 496 2031 respondit
518 1963 526 2005 ε
545 1967 562 2002 c
581 1938 658 2007 Non
675 1963 745 2006 esse
763 1935 1038 2006 consuetudinem
1055 1934 1172 2030 populi
1191 1959 1247 2004 ro·

212 2059 320 2146 mani,
343 2057 444 2136 ullam
471 2058 622 2152 accipere
652 2056 693 2125 ab
725 2057 820 2126 hoste
848 2070 976 2140 armato
1006 2054 1246 2142 conditionem3

208 2175 237 2242 si
254 2174 295 2242 eb
314 2178 415 2276 ermis
433 2175 601 2246 discedere
619 2174 739 2265 velint,
759 2201 793 2245 se
813 2176 964 2270 adjutore
982 2192 1138 2264 utantur,
1159 2174 1248 2271 lege·

210 2281 327 2389 torque
346 2297 388 2366 ed
408 2298 572 2376 Caessrem
597 2297 748 2384 mittant;
768 2321 915 2391 sperare,
935 2321 997 2392 pro
1016 2299 1087 2392 ejus
1103 2297 1249 2404 justitia,

207 2437 279 2506 que·
296 2417 467 2510 petierint,
488 2416 765 2510 impetraturos.»

255 2537 361 2604 XLII.
384 2536 437 2604 Ab
456 2536 519 2604 hec
538 2560 596 2629 spe
616 2533 740 2630 repulsi
761 2536 893 2622 Nervii,
912 2532 1003 2606 vello
1021 2534 1141 2629 pedum
1163 2557 1197 2604 ru
1215 2549 1249 2603 et

206 2653 295 2721 fossa
309 2652 432 2746 pedum
448 2677 492 2721 xv
507 2653 647 2723 hiberna
661 2631 810 2748 cingunt
825 2657 903 2726 Haec
919 2669 953 2724 et
967 2656 1178 2745 superiorum
1194 2677 1249 2721 en·

208 2795 328 2842 norum
346 2771 585 2841 consuetudine
600 2797 620 2840 a
636 2775 756 2842 nostris
771 2786 1010 2868 cognoverant3
1026 2787 1075 2860 ct,
1088 2772 1247 2867 quosdam

207 2890 249 2960 de
262 2891 410 2960 exercitu
426 2892 516 2959 necti
525 2893 689 2986 neptium,
702 2891 745 2961 ad
757 2893 809 2962 his
820 2892 1027 2962 docebuntur
1045 2917 1053 2958 ε
1069 2892 1141 2979 sed,
1156 2890 1247 2963 nulla

207 3010 484 3082 ferramentorum
503 3011 615 3105 eopia,
632 3035 706 3105 quae
727 3025 805 3082 sunt
826 3011 867 3080 ed
888 3012 978 3082 hunc
997 3035 1094 3081 usum
1114 3012 1246 3101 idonee,

208 3129 324 3226 gladiis
344 3132 502 3226 cespitem
527 3131 780 3218 circumcidere,
801 3131 952 3207 manibus
971 3131 1159 3227 sagulisque
1180 3147 1246 3202 ter·

207 3275 278 3320 ram
294 3251 470 3322 exhaurire
486 3253 701 3346 cogebantur.
718 3254 796 3342 Qua
812 3251 946 3345 quidem
962 3277 1002 3322 ex
1020 3277 1058 3322 re
1072 3254 1247 3322 hominum

208 3369 386 3441 multitudo
404 3373 559 3466 cognosci
575 3373 684 3466 potuit
698 3393 707 3438 t
725 3395 804 3440 nem
820 3373 929 3446 minus
945 3372 1036 3442 horis
1052 3374 1159 3443 tribus
1175 3372 1247 3441 mil-

207 3489 288 3560 lium
301 3515 458 3586 passuum
470 3491 661 3585 quindecim
676 3492 710 3561 in
723 3491 897 3560 circuitum
911 3494 1130 3567 munitionem
1144 3492 1247 3586 perfe-

207 3626 323 3680 cerunt
345 3637 354 3680 ε
374 3607 577 3705 reliquisque
596 3609 713 3678 diebus
733 3625 840 3680 turres
859 3611 902 3681 ed
920 3611 1129 3680 altitudinem
1147 3610 1246 3696 valli,

207 3729 321 3820 falces,
337 3731 599 3826 testudinesque,
617 3755 698 3826 quas
719 3731 819 3800 iidem
837 3733 960 3826 captivi
978 3732 1175 3817 docuerant,
1193 3753 1248 3824 pe·

209 3875 281 3921 rarc
295 3877 334 3922 ac
351 3853 458 3922 lacere
471 3839 653 3948 coeperunt.

255 3973 377 4042 XLIII.
403 3973 552 4065 Septimo
577 3973 837 4068 oppugnationis
861 3971 931 4060 die,
958 3974 1101 4042 maximo
1130 3986 1245 4042 coorto
