3050 4772
236 317 291 384 284
392 319 424 373 C.
445 316 543 372 suun
564 315 727 372 obsutus
749 310 1111 370 communetotum

232 456 341 536 gerat,
358 443 465 536 prima
484 439 557 510 luce
573 439 721 533 quotidie
736 439 780 507 ad
795 463 830 506 se
843 436 982 531 jubebat
1000 435 1194 520 convenire,
1215 460 1273 504 seu

232 556 313 654 quid
334 559 663 644 communicandum,
684 583 741 628 seu
761 557 843 651 quid
862 553 1160 626 administrandum
1184 555 1273 624 vide·

233 695 347 748 retur:
362 705 470 774 neque
484 677 587 749 ullam
602 679 671 748 fere
687 677 775 746 diem
790 677 1043 763 intermittebat,
1059 675 1141 767 quin
1155 699 1272 766 eques-

233 800 277 868 tri
301 798 434 893 proelio,
455 799 636 893 interjectis
661 798 858 892 sagittariis,
882 795 961 890 quid
976 798 1009 862 in
1033 817 1166 887 quoque
1187 809 1273 862 esset

232 921 390 990 animine
408 920 541 990 virtutis
558 943 708 1006 suorum,
729 917 982 1013 periclitaretur.
1004 918 1085 984 Erat
1101 938 1120 982 e
1138 913 1272 1008 regione

233 1038 350 1133 oppidi
361 1035 454 1108 collis
466 1040 527 1108 sub
537 1039 616 1133 ipsis
629 1038 796 1108 radicibus
810 1037 944 1118 montis,
965 1034 1096 1130 egregie
1107 1033 1271 1120 munitus,

234 1175 334 1252 atque
351 1161 496 1228 exomni
512 1173 607 1253 parte
623 1159 836 1228 circumcisus
853 1157 967 1252 (quem
983 1155 1011 1224 si
1027 1167 1185 1223 tenerent*
1198 1177 1273 1221 nos·

234 1279 294 1364 tri,
313 1293 346 1346 et
362 1303 455 1372 aquae
470 1304 592 1374 magna
610 1293 704 1373 parte
724 1293 757 1346 et
777 1276 989 1372 pabulatione
1004 1272 1107 1364 libera
1123 1273 1272 1367 prohibi·

234 1397 302 1466 turi
322 1397 433 1468 hostes
451 1398 665 1486 videbantur;
684 1398 741 1468 sed
758 1400 785 1467 is
802 1397 894 1466 locus
915 1395 1065 1490 prasidio
1083 1396 1125 1463 ab
1146 1393 1185 1462 iis
1204 1397 1271 1460 n'on

123 1546 128 1555 “
236 1519 334 1586 nimis
352 1518 449 1588 firmo
464 1518 655 1614 tenebatur)
673 1546 680 1587 :
696 1535 805 1590 tamen
820 1517 951 1588 silentio
968 1518 1213 1601 noctisCaesar‚
1232 1539 1273 1582 ex

234 1638 351 1708 castris
374 1662 538 1732 egressus,
562 1641 652 1733 prius
667 1663 767 1732 quam
793 1637 938 1706 subsidio
958 1662 997 1706 ex
1020 1634 1143 1729 oppido
1165 1634 1272 1703 veniri

237 1770 361 1849 posset,
379 1756 508 1850 dejecto
528 1757 693 1851 praesidio,
708 1759 832 1851 potitus
850 1756 940 1845 loco,
958 1757 1039 1826 duas
1058 1757 1103 1824 ibi
1126 1753 1272 1850 legiones

235 1873 427 1964 collocavit,
445 1876 631 1970 fossamque
645 1876 810 1973 duplicem
825 1877 1015 1947 duodenum
1032 1875 1155 1970 pedum
1170 1899 1273 1944 ama·

231 1995 361 2086 joribus
376 1996 492 2064 cestris
508 1995 550 2064 ad
565 1997 695 2064 minora
712 1997 883 2089 perduxit,
900 2011 938 2066 ut
954 2011 1026 2064 tuto
1037 1997 1079 2064 ab
1098 1996 1272 2088 repentino

234 2113 382 2182 hostium
398 2115 531 2183 incursu
548 2116 646 2183 etiam
662 2115 783 2208 singuli
793 2140 978 2186 commeare
994 2129 1140 2209 possent.

282 2235 457 2304 XXXVII.
485 2237 577 2304 Dum
600 2235 670 2304 haec
694 2234 737 2304 ad
761 2235 963 2330 Gergoviam
988 2250 1164 2329 geruntur,
1188 2240 1275 2306 Con·

234 2350 435 2420 vietolitanis
452 2352 593 2438 AEtluus,
611 2355 665 2423 cui
683 2356 911 2450 magistratum
927 2354 1150 2448 adjudicatum
1167 2381 1186 2424 a
1205 2358 1273 2424 Cae·

235 2494 312 2539 sare.
330 2471 642 2560 demonstravimus,
662 2471 855 2543 sollicitatus
875 2475 916 2544 eb
940 2477 1100 2546 Arvernis
1117 2477 1272 2569 pecunia,

235 2614 311 2658 curn
326 2590 522 2683 quibusdam
540 2590 804 2662 adolescentibus
820 2593 1034 2688 colloquitur,
1047 2620 1190 2689 quorum
1204 2611 1275 2666 erat

236 2709 391 2803 princeps
407 2711 590 2799 Litavicus,
608 2727 708 2804 atque
724 2713 794 2805 ejus
813 2713 944 2803 fratres,
960 2714 1162 2808 amplissima
1182 2715 1274 2784 fami-

236 2828 279 2896 lia
303 2831 372 2898 nati
400 2829 632 2906 adolescentes.
659 2835 744 2902 Cum
768 2833 807 2901 iis
837 2835 1009 2927 praemium
1034 2835 1272 2922 communicat,

235 2947 452 3044 hortaturque
466 2975 536 3036 eos,
551 2981 567 3015 a
582 2965 618 3020 ut
630 2976 664 3020 se
678 2949 798 3020 liberos
810 2967 843 3021 et
856 2954 995 3048 imperio
1005 2969 1101 3024 natos
1115 2956 1273 3024 memine-

235 3066 327 3136 rint:
350 3094 452 3138 unam
473 3095 542 3140 esse
561 3071 744 3140 AEduorum
765 3073 948 3160 civitatem,
967 3099 1040 3166 quae
1059 3075 1274 3145 certissimam

236 3186 352 3258 Galliae
368 3191 541 3259 victoriam
555 3191 730 3280 distineat;
744 3194 814 3287 ejus
832 3195 1028 3263 auctoritate
1041 3194 1186 3288 reliquas
1201 3223 1276 3266 eon·

235 3309 348 3394 tineri;
364 3332 430 3402 qua
444 3309 609 3396 traducta,
626 3310 735 3382 locum
751 3313 949 3384 consistendi
966 3315 1126 3384 Romanis
1144 3318 1178 3384 in
1195 3316 1275 3386 Gal-

235 3426 279 3496 lia
295 3451 362 3496 non
378 3428 467 3497 fore:
480 3453 549 3498 esse
561 3429 724 3500 nonnullo
734 3457 769 3500 se
781 3433 918 3503 Cessatis
930 3433 1091 3503 beneficio
1103 3434 1275 3521 allectum,

236 3547 283 3615 sie
299 3562 425 3632 tamen,
445 3561 483 3616 ut
497 3550 712 3641 justissimam
728 3551 816 3644 apud
834 3577 910 3620 eum
926 3577 1060 3622 causam
1079 3556 1275 3640 obtinuerit;

238 3666 295 3735 sed
324 3665 398 3763 plus
419 3669 589 3736 communi
609 3668 754 3739 libertati
776 3671 921 3739 tribuere
944 3696 951 3739 :
972 3697 1033 3740 cur
1054 3674 1143 3748 enim
1165 3675 1275 3768 potius

235 3785 333 3854 AEdui
345 3784 387 3852 de
397 3809 457 3852 suo
462 3787 539 3878 jure
548 3804 582 3856 et
591 3788 632 3857 de
646 3787 772 3884 legibus
781 3789 823 3858 ad
834 3795 997 3861 Caesarem
1005 3791 1273 3888 disceptatorem,

234 3927 334 3994 quam
350 3902 490 3973 Romani
505 3907 548 3974 ad
563 3908 701 3996 AEduos‚
719 3910 872 3978 veniant?
884 3939 900 3974 s
917 3910 1077 3980 Celeriter
1089 3911 1277 3982 adolescen-
