3038 4766
381 474 385 487 ,
459 406 509 478 nt
529 417 654 477 nunno
675 419 792 476 erum
813 419 885 474 mn.
907 419 958 476 1n.
1053 435 1056 464 1
1176 419 1229 475 105

82 616 91 636 ,
199 552 305 622 noctis
322 566 489 644 tempore,
508 547 763 644 gubernatorem
781 547 815 614 in
834 561 957 616 terram
975 569 1093 614 navem
1113 546 1232 640 ejicere

199 685 337 768 cogunt3
353 670 431 766 ipsi,
446 667 602 738 idoneum
617 665 726 736 locum
743 667 847 752 necti,
861 661 1023 759 reliquam
1039 665 1144 734 noctis
1154 691 1233 760 per·
1303 694 1315 715 ν

200 807 266 862 tem
284 792 330 860 ibi
346 789 575 877 coniecerunt,
589 803 622 859 et
633 786 708 858 luce
719 787 841 880 prima,
851 785 957 856 missis
969 785 1012 854 ad
1027 809 1082 854 eos
1095 785 1137 854 ab
1152 791 1232 856 Ota·

199 911 275 982 cilio
296 911 477 1005 equitibus,
497 911 554 1004 qui
576 933 648 980 eam
667 922 796 1004 partem
816 933 884 978 orae
902 907 1074 978 maritima
1092 931 1233 978 asserva-

198 1033 294 1121 bant,
311 1033 443 1104 circiter
459 1053 520 1118 ou,
539 1021 663 1126 quique
683 1055 741 1100 eos
757 1031 876 1101 amati
895 1053 935 1098 ex
950 1028 1102 1124 presidio
1127 1030 1231 1100 secuti

198 1169 291 1242 suut,
316 1178 351 1222 se
375 1151 612 1237 defenderunt,
637 1165 672 1220 et
697 1149 866 1222 nonnullis
887 1165 1003 1220 eorum
1030 1149 1237 1256 interfectis,

198 1271 381 1350 incolumes
401 1297 436 1342 se
455 1271 498 1341 ad
519 1285 648 1341 nostros
666 1285 872 1364 receperunt.

244 1393 370 1462 xxtx.
397 1393 475 1481 Quo
501 1391 604 1479 laeto,
632 1401 814 1460 conventus
848 1390 970 1462 civium
998 1413 1231 1477 romanorum,

197 1511 254 1605 qui
276 1513 406 1582 Lissum
427 1511 640 1597 obtinebant,
660 1509 751 1604 quod
770 1508 930 1604 oppidum
950 1511 990 1578 iis
1009 1523 1107 1581 autea
1124 1510 1233 1580 Cesar

199 1627 1234 1724 attribuerat,muniendumqueeuraverat,Antoniumrecepit,

198 1751 417 1844 omnibusque
426 1749 525 1820 rebus
531 1749 628 1843 juvit.
641 1746 819 1837 Otacilius,
829 1748 892 1818 sibi
902 1749 1021 1817 timens
1029 1799 1039 1836 ,
1048 1747 1174 1842 oppido
1185 1747 1234 1817 fu·

197 1870 310 1963 git,et
322 1869 365 1937 ad
373 1867 567 1961 Pompeium
578 1867 741 1974 pervenit.
767 1868 933 1962 Expositis
943 1867 1098 1936 omnibus
1111 1867 1231 1961 copiis,

197 1989 380 2076 Antonius,
394 2007 534 2081 quarum
549 2001 621 2056 crat
634 2010 762 2056 summa
773 2001 1006 2058 veteranarum
1018 1987 1118 2055 trium
1133 1985 1232 2082 legio·
1255 1983 1256 1986 ’

197 2131 294 2190 num,
309 2108 474 2201 uniusque
486 2107 653 2193 tironum,
666 2122 701 2177 et
713 2109 863 2202 equitum
876 2129 981 2194 neoc,
994 2105 1167 2202 ¹plerasque
1179 2131 1234 2178 na·

195 2251 254 2294 res
279 2227 314 2296 in
339 2225 470 2296 Italiam
494 2229 633 2296 remittit
660 2227 703 2296 ad
726 2227 871 2321 reliquos
895 2225 1017 2296 milites
1040 2229 1234 2322 equitesque

196 2346 471 2442 transportandas
489 2373 497 2415 ε
514 2363 700 2441 pontones,
717 2347 808 2441 quod
825 2362 876 2417 est
895 2371 998 2442 genus
1015 2347 1150 2416 navium
1167 2345 1232 2442 gal·

195 2464 349 2554 licarum,
366 2467 452 2537 Lissi
472 2463 644 2561 relinquit,
665 2465 729 2536 hoe
747 2465 902 2553 consilio,
922 2480 960 2535 ut
978 2467 1005 2535 si
1025 2466 1112 2535 forte
1130 2469 1231 2534 Pom·

163 2657 165 2660 ,
195 2587 306 2680 peius,
327 2609 464 2656 vacuam
490 2586 678 2654 existimans
691 2583 842 2669 ltaliam,
860 2608 900 2652 eo
911 2584 1129 2677 transjeoisset
1145 2608 1234 2653 exer

195 2704 315 2792 citum,
335 2729 407 2796 quae
425 2705 540 2798 opinio
558 2718 630 2771 erut
647 2702 733 2772 edita
753 2704 787 2770 in
805 2701 942 2796 vulgus,
959 2699 1103 2795 aliquam
1121 2706 1233 2774 'Geor

195 2822 237 2892 ad
253 2821 491 2916 insequendum
509 2819 696 2890 facultatem
710 2821 846 2892 haberet
863 2847 871 2888 :
887 2821 1087 2914 nuntiosque
1101 2820 1143 2889 ed
1155 2845 1230 2890 eum

195 2939 344 3011 celeriter
355 2940 600 3034 mittit,quibus
612 2941 802 3036 regionibus
818 2941 999 3012 exereitum
1013 2941 1231 3034 exposuisset,

195 3059 322 3154 etquid
341 3058 482 3128 militum
498 3061 739 3130 transvenisset.

242 3183 351 3250 XXX,
378 3183 462 3249 Huc
482 3179 599 3250 eodem
621 3180 695 3250 iere>
711 3195 860 3280 tempore
880 3185 989 3252 Cesar
1010 3197 1110 3277 atquc
1131 3185 1230 3252 Porn-

193 3301 288 3394 peius
308 3315 512 3395 cognoscunt
532 3327 541 3368 ι
561 3323 638 3370 nam
659 3316 889 3397 praetervectas
907 3301 1121 3398 Apolloniam
1141 3305 1230 3397 Dyr·

193 3419 410 3513 rachiumque
425 3443 525 3489 neves
544 3419 711 3508 viderant;
729 3422 790 3515 ipsi
809 3421 873 3495 iter
879 3421 1059 3492 secundum
1073 3447 1128 3492 eas
1145 3437 1232 3491 terra

193 3537 397 3626 direxerant3
410 3537 467 3608 sed
479 3563 546 3632 quo
558 3553 666 3608 essent
677 3563 723 3609 ere
735 3537 868 3630 delatre,
882 3539 998 3636 primis
1011 3540 1127 3610 diebus
1142 3542 1233 3634 igno-

193 3657 311 3727 rabant
332 3685 340 3726 :
361 3659 560 3754 cognitaque
579 3683 632 3746 re,
655 3658 784 3729 diversa
809 3661 872 3730 sibi
895 3660 992 3730 ambo
1015 3657 1153 3730 consilia
1176 3683 1232 3727 ca·

192 3777 310 3869 piunt:
326 3779 454 3867 Caeser,
468 3793 507 3847 ut
519 3802 618 3872 quam
630 3779 774 3872 primum
787 3803 822 3849 se
834 3801 911 3849 cum
925 3777 1072 3852 Antonio
1088 3777 1232 3872 conjun-

194 3910 301 3986 geret3
317 3899 506 3992 Pompeius,
522 3913 560 3968 ut
575 3901 783 3969 venientibus
797 3901 831 3968 in
847 3901 964 3968 itinere
979 3915 1019 3968 se
1031 3913 1232 3992 opponeret,

193 4015 219 4081 si
238 4014 460 4108 imprudentes
476 4043 514 4087 ex
534 4017 659 4088 insidiis
681 4019 803 4090 adoriri
819 4034 929 4114 posset
953 4041 962 4087 τ
981 4019 1162 4112 eodemque
1180 4017 1252 4111 die⁶
