3050 4772
438 392 513 448 -oe
531 391 654 448 annno
674 391 840 448 cunco
860 393 929 446 nin.
946 391 1011 446 vu.
1203 389 1258 466 169

210 529 276 582 tur.
294 513 355 584 Ille
371 515 534 610 oppidum
552 516 756 612 Biturigum,
773 519 920 611 positum
940 519 974 584 in
996 517 1069 604 via,
1086 517 1258 584 Noviodu-

210 657 293 703 num
311 659 507 729 oppugnare
523 636 721 707 instituerat.
739 641 819 728 Quo
836 663 877 706 ex
894 636 1019 731 oppido
1037 660 1140 730 quum
1159 632 1258 730 legati

211 754 254 822 ad
279 779 356 824 eum
379 757 564 844 venissent,
590 772 722 826 oratum
749 773 788 828 ut
809 759 872 830 sibi
894 759 1100 852 ignosceret,
1128 781 1259 850 suasque

211 875 288 942 vitre
305 873 510 964 consuleret,
525 891 570 944 ut
580 875 748 946 celeritate
762 876 909 972 reliquas
926 902 978 946 res
995 876 1175 946 conficeret
1193 899 1258 969 qua

210 989 370 1088 pleraque
386 1009 458 1062 erat
474 1011 687 1082 consecutus,
702 1022 795 1066 arma
804 997 969 1092 proferri,
984 1020 1086 1090 equos
1102 995 1257 1090 produci,

210 1111 340 1181 obsides
360 1113 432 1182 dari
451 1115 557 1208 jubet.
576 1117 674 1184 Parte
691 1117 761 1208 jam
781 1117 934 1184 obsidum
954 1115 1132 1201 transdita,
1153 1141 1257 1209 quum

210 1229 338 1326 reliqua
360 1233 689 1323 administrarentur,
713 1235 963 1306 centurionibus
985 1251 1019 1304 et
1037 1239 1151 1330 paucis
1170 1236 1257 1305 mili-

211 1353 300 1422 tibus
327 1355 540 1445 intromissis,
565 1356 623 1448 qui
645 1379 737 1424 arma
760 1357 978 1450 jumentaque
1003 1358 1256 1450 conquirerent,

210 1474 376 1566 equitatus
398 1475 544 1545 hostium
565 1473 684 1570 procul
704 1478 794 1544 visus
812 1489 878 1564 est,
902 1477 959 1570 qui
975 1501 1093 1572 agmen
1115 1481 1257 1547 Vercin-

210 1595 369 1690 getorigis
389 1610 617 1664 antecesserat.
634 1598 747 1686 Quem
763 1593 861 1664 simul
882 1610 981 1688 atque
998 1597 1157 1690 oppidani
1177 1622 1253 1664 con·

209 1688 410 1808 spexertint,
429 1730 529 1809 atque
548 1717 583 1784 iu
601 1737 695 1808 spem
717 1713 831 1784 auxilii
849 1729 1027 1804 venerunt,
1044 1715 1190 1784 clamore
1204 1739 1258 1784 su·

209 1832 317 1922 blato,
337 1859 430 1904 arma
454 1859 586 1929 capere,
609 1850 723 1929 portas
742 1833 910 1923 claudere,
928 1859 1062 1902 murum
1088 1833 1256 1929 complere

209 1968 391 2048 caeperunt.
404 1957 624 2024 Centuriones
636 1957 671 2022 in
685 1955 827 2050 oppido,
845 1979 948 2048 quum
962 1979 1003 2022 ex
1014 1953 1256 2049 significatione

208 2071 384 2142 Gallorum
399 2075 478 2144 novi
493 2073 671 2168 aliquidab
688 2075 739 2143 his
757 2076 835 2144 iniri
851 2072 981 2143 consilii
997 2071 1254 2161 intellexissent,

207 2192 325 2290 gladiis
351 2194 510 2264 districtis
535 2211 649 2290 portas
678 2210 938 2290 occupaverunt,
969 2219 1111 2288 suosque
1138 2221 1254 2266 omnes

206 2312 391 2383 incolumes
407 2331 616 2410 receperunt
1101 2331 1103 2336 ’

255 2437 349 2505 Xlll.
372 2438 483 2506 Caesar
502 2462 543 2505 ex
571 2438 686 2507 castris
709 2437 893 2530 equitatum
918 2437 1015 2506 educi
1035 2437 1145 2532 jubet,
1171 2461 1256 2529 proe-

207 2551 355 2649 liumque
371 2572 525 2650 equestre
540 2558 729 2626 committit.
746 2557 991 2628 Laborantibus
1005 2560 1076 2651 jam
1091 2559 1159 2624 suis
1172 2561 1255 2626 Ger·

206 2699 323 2745 manos
344 2679 472 2769 equites
498 2679 696 2748 circiter‘co
715 2677 897 2762 submittit,
915 2701 999 2770 quos
1023 2679 1064 2746 ab
1084 2678 1182 2744 initio
1207 2701 1256 2744 se-

206 2819 283 2864 cum
299 2795 421 2864 habere
442 2797 639 2865 instituerat.
657 2801 782 2866 Eorum
805 2798 968 2890 impetum
987 2795 1077 2866 Galli
1093 2797 1256 2866 sustinere

206 2937 274 2984 non
295 2929 499 3009 potuerunt,
519 2930 618 3011 atque
642 2918 678 2984 in
697 2917 809 3010 lugam
835 2917 992 3010 conjecti,
1016 2915 1131 2984 multis
1156 2917 1256 2985 amis-

205 3039 264 3125 sis,
282 3060 352 3106 sese
371 3037 414 3106 ad
433 3061 553 3134 agmen
574 3051 770 3133 receperunt
790 3065 799 3106 ε
821 3038 943 3134 quibus
964 3036 1164 3132 profligatis,
1182 3062 1255 3107 rur·

204 3181 260 3226 sus
277 3158 436 3252 oppidani
453 3161 636 3254 perterriti,
649 3159 905 3253 comprehensos
919 3183 975 3228 eos
991 3182 1133 3252 quorum
1151 3184 1253 3254 opera

205 3276 336 3371 plebem
358 3283 559 3350 concitatam
578 3281 824 3368 existimabant,
846 3279 890 3348 ad
907 3283 1071 3351 Cesaram
1092 3281 1255 3375 perduxe-

205 3414 301 3489 runt,
315 3425 451 3495 seseque
465 3403 495 3470 ei
509 3400 719 3471 dediderunt.
731 3401 865 3491 Quibus
879 3401 979 3470 rebus
994 3401 1173 3490 conlectis,
1187 3405 1255 3470 Cae·

203 3523 317 3592 sarad
339 3523 500 3618 oppidum
520 3523 717 3610 Araricum,
739 3522 830 3617 quod
846 3539 918 3592 erat
934 3527 1116 3592 maximum
1136 3522 1254 3594 muni·

206 3644 434 3738 tissimumque
462 3645 496 3713 in
522 3643 645 3714 finibus
670 3645 874 3740 Biturigum,
900 3661 999 3738 atque
1022 3648 1094 3740 agri
1118 3643 1254 3713 fertilis·

206 3764 287 3834 sima
306 3768 454 3862 regione,
472 3766 641 3862 profectus
663 3781 728 3876 est3
755 3765 861 3860 quod,
888 3791 929 3835 eo
954 3765 1078 3860 oppido
1102 3779 1252 3860 recepto,

205 3882 374 3956 civitatem
390 3890 580 3982 Biturigum
599 3913 633 3956 se
653 3890 687 3956 in
704 3901 900 3982 potestatem
924 3887 1136 3958 redacturum
1152 3885 1252 3956 confi·

205 4005 316 4078 debat.
