3088 4766
488 351 537 406 DE
559 350 678 405 nmo
698 347 814 408 ClvlLl
836 351 906 406 LIB.
927 353 948 406 1.
1200 349 1236 408 33

210 473 304 567 pauci
331 473 532 558 sustinuere;
559 470 630 558 sed,
656 473 711 540 ubi
745 475 839 566 signa
865 471 1032 566 legionum
1057 474 1238 567 appropin-

209 615 311 681 quare
325 604 512 684 coeperunt,
527 592 640 683 paucis
659 591 801 672 amissis,
825 615 894 658 sese
921 591 955 658 in
975 605 1102 658 montes
1126 593 1237 684 proxi·

208 732 280 776 mos
294 699 477 777 conferunt.
496 711 568 776 Hoc
582 733 700 802 pugnae
713 724 843 802 tempus
859 732 1015 802 magnum
1034 706 1146 777 attulit
1160 733 1238 776 nos·

208 829 268 896 tris
289 826 488 896 adsalutem
506 841 734 895 momentum:
755 829 842 896 nacti
865 829 953 895 enim
972 828 1132 920 spatium,
1151 851 1185 895 sc
1202 829 1236 895 in

209 946 279 1015 ioca
297 949 467 1040 superiora
484 961 688 1041 receperunt.
709 945 892 1016 Desiderati
917 960 994 1015 sunt
1009 971 1049 1015 eo
1067 946 1120 1015 die
1139 948 1237 1041 sagit·

209 1066 283 1133 tarii
299 1066 428 1135 circiter
449 1088 506 1153 cc,
526 1067 649 1158 equites
666 1066 778 1159 pauci,
797 1063 949 1134 calonum
972 1079 1071 1158 atque
1094 1064 1235 1158 impedi·

209 1199 394 1254 mentorum
414 1208 480 1253 non
498 1209 636 1278 magnus
654 1207 819 1252 numerus.

257 1307 328 1374 LII.
341 1306 400 1375 His
417 1320 525 1374 tamen
544 1304 697 1372 omnibus
712 1326 843 1372 annona
860 1305 988 1373 crevit:
1010 1329 1084 1397 quae
1103 1304 1171 1374 fere
1185 1329 1236 1374 res

210 1449 277 1491 non
302 1422 408 1493 solum
429 1423 539 1516 inopia
561 1423 744 1515 presentis,
761 1421 817 1490 sed
834 1424 934 1492 etiam
954 1421 1057 1493 futuri
1080 1427 1237 1516 temporis

210 1544 327 1612 timore
345 1543 568 1635 ingravescere
586 1542 766 1609 consuerit.
787 1543 925 1634 Jamque
937 1537 981 1609 'ad
1001 1541 1153 1611 denarios
1169 1545 1236 1610 nin

209 1661 355 1755 singulos
382 1660 511 1729 modios
539 1683 670 1728 annona
695 1673 908 1753 pervenerat,
929 1674 963 1728 ct
989 1660 1131 1728 miiitum
1151 1662 1237 1728 vires

209 1783 319 1875 inopia
339 1780 494 1850 frumenti
515 1777 736 1865 deminuerat3
765 1792 862 1871 atquc
883 1777 1092 1847 incommoda
1109 1779 1148 1846 'in
1168 1778 1236 1848 dies
1275 1777 1278 1782 ’

209 1900 430 1994 augebantur3
456 1911 490 1965 et
519 1911 585 1965 tarn
608 1898 721 1990 paucis
749 1895 863 1965 diebus
890 1919 1010 1990 magna
1034 1910 1104 1964 erat
1126 1921 1237 1968 rerum

208 2017 295 2086 facta
308 2017 540 2103 commutatio,
561 2039 599 2083 ac
617 2039 651 2084 sc
670 2013 804 2084 fortuna
828 2014 1057 2098 inclinaverat,
1078 2030 1115 2084 ut
1133 2021 1237 2085 nostri

209 2158 330 2230 magna
348 2137 458 2230 inopia
477 2135 732 2205 necessariarum
755 2159 866 2204 rerum
890 2135 1173 2225 conflictarentur3
1189 2134 1238 2204 illi

208 2255 362 2324 omnibus
384 2253 592 2324 abundarent
613 2254 728 2336 rebus,
749 2255 997 2348 superioresque
1023 2255 1234 2324 haberentur.

208 2377 317 2444 Cesar
331 2375 370 2442 iis
382 2373 585 2458 civitatibus,
596 2397 669 2466 quae
683 2371 725 2441 ad
733 2373 803 2465 ejus
819 2373 995 2442 amicitiam
1013 2388 1235 2462 accesserant,

209 2518 274 2586 quo
293 2495 403 2561 minor
417 2506 488 2561 erat
505 2490 660 2560 frumenti
681 2493 795 2583 copia,
815 2515 915 2586 pecus
932 2492 1132 2586 imperabat;
1149 2491 1236 2560 celo·

209 2639 267 2682 nes
290 2613 331 2682 ad
350 2611 597 2706 longinquiores
616 2613 763 2678 civitates
784 2610 984 2697 dimittebam
1005 2611 1074 2703 ipse
1093 2633 1236 2703 praesen·

208 2747 274 2802 tem
291 2732 452 2825 inopiam,
478 2729 597 2821 quibus
612 2741 741 2821 poterat
764 2728 936 2814 subsidiis,
961 2729 1140 2797 tutabatur.

255 2853 345 2920 Lm.
372 2852 448 2918 Haec
468 2847 621 2916 Afranius
644 2847 856 2938 Petreiusque
875 2861 1034 2916 eteorum
1055 2847 1153 2916 amici
1170 2846 1238 2941 ple·

209 2969 302 3037 niora
322 2970 421 3037 etiam
444 2980 543 3059 atque
562 2964 716 3036 uberiora
739 2969 881 3034 Romam
898 2964 938 3035 ad
960 2989 1036 3034 suos
1059 2967 1238 3059 perscribe-

208 3087 299 3155 hant.
314 3083 421 3156 Multa
438 3109 553 3156 rumor
569 3085 728 3179 fingebat,
746 3101 783 3154 ut
801 3109 894 3178 pene
908 3082 1030 3153 bellum
1049 3086 1235 3156 confectum

207 3204 384 3274 videretur.
409 3203 539 3294 Quibus
564 3202 679 3274 litteris
707 3205 896 3296 nuntiisque
921 3207 1061 3272 Romam
1087 3204 1236 3299 perlatis,

207 3325 319 3418 magni
334 3323 469 3392 domum
486 3348 666 3394 concursus
683 3323 724 3392 ad
736 3323 927 3410 Afranium,
945 3347 1071 3418 magnae
1089 3322 1235 3418 gratula-

208 3444 313 3512 tiones
332 3443 477 3512 fiebant:
494 3442 588 3512 multi
606 3465 645 3510 ex
664 3441 759 3511 Italia
782 3441 825 3510 ad
844 3447 906 3511 Gn.
922 3444 1115 3546 Pompeium
1135 3442 1236 3535 profi·

208 3564 437 3632 cisoehantur:
458 3561 529 3650 alii,
549 3577 586 3630 ut
604 3563 767 3656 principes
790 3558 884 3630 talem
902 3561 1057 3628 nuntium
1076 3559 1236 3646 attulisse;

208 3680 281 3768 aiii,
295 3697 502 3752 neerenanm
520 3680 598 3750 belli
622 3695 838 3776 expectasse,
859 3694 918 3747 aut
935 3703 974 3746 en
997 3679 1151 3751 omuibus
1174 3703 1235 3746 no·

209 3803 329 3872 vissimi
344 3805 471 3872 venisse
486 3801 685 3871 viderentur.

256 3921 342 3989 LIV.
355 3923 469 4010 Qurnn
488 3922 522 3990 in
542 3921 593 3990 his
616 3922 777 4015 angustiis
802 3943 853 3990 res
880 3933 982 4005 esset,
1003 3930 1102 4012 atque
1124 3939 1237 3985 omnes

352 4063 387 4107 rr.
1081 4033 1102 4106 3
