3048 4770
301 351 338 407 30
469 355 499 410 C.
522 356 618 410 JULII
639 355 799 414 CAESARIS
819 359 1176 417 COMMENTARIORUM

301 473 489 570 postulatis,
508 479 595 565 lore,
614 482 663 547 uti
680 483 863 574 pertinacia
877 481 1059 551 desisteret.
1075 485 1153 552 Dies
1170 481 1332 576 colloquio

300 594 409 665 dictus
421 612 485 680 est,
506 623 599 666 exeo
617 598 670 666 ‹lie
687 601 832 692 quintus.
850 603 1006 688 Interim,
1026 625 1131 694 quum
1147 627 1229 696 saepe
1247 603 1332 672 ultro

299 714 449 807 citroque
463 714 560 811 legati
576 719 731 787 intereos
748 721 972 806 mitterentur,
990 722 1176 791 Ariovistus
1191 721 1333 815 postula·

299 833 361 918 vit,
378 859 533 928 nequem
554 836 696 929 peditem
715 838 756 906 ad
777 837 979 932 colloquium
999 841 1109 908 Caesar
1129 840 1305 911 adduceret
1325 870 1331 910 :

300 955 405 1022 vereri
421 979 474 1040 se,
494 981 536 1024 ne
559 981 617 1049 per
637 956 770 1025 insidias
786 959 827 1026 ab
848 983 887 1026 eo
907 958 1227 1027 circumveniretur:
1245 976 1332 1030 uter·

304 1098 369 1165 que
385 1099 461 1145 cum
474 1078 622 1172 equitatu
637 1077 765 1144 veniret
783 1103 790 1144 :
809 1075 873 1146 alia
890 1079 1018 1146 ratione
1037 1101 1071 1146 se
1087 1102 1155 1145 non
1170 1103 1239 1146 esse
1254 1105 1334 1147 ven-

301 1208 424 1263 turum.
439 1198 565 1282 Caesar,
582 1195 672 1289 quod
684 1220 791 1289 neque
805 1195 1008 1290 colloquium
1025 1198 1217 1287 interposita
1234 1221 1331 1266 causa

302 1313 374 1383 tolli
396 1311 543 1398 uolebat,
570 1340 677 1408 neque
702 1315 840 1384 salutem
867 1340 959 1384 suam
984 1313 1158 1386 Gallorum
1183 1318 1331 1408 equitatu

299 1437 506 1504 committere
524 1435 681 1520 audebat,
703 1435 1007 1504 commodissimum
1021 1459 1089 1504 esse
1105 1436 1236 1519 statuit,
1257 1461 1330 1504 om·

299 1553 398 1622 nibus
410 1555 502 1646 equis
511 1552 616 1622 Gallis
632 1554 796 1646 equitibus
811 1553 981 1636 detractis,
1000 1579 1039 1622 eo
1057 1553 1252 1647 legionarios
1269 1557 1333 1624 mi·

298 1672 372 1741 lites
391 1661 530 1766 legionis
547 1672 700 1757 decimae,
714 1675 767 1741 cui
783 1697 883 1765 quam
897 1675 1040 1742 maxime
1053 1674 1256 1760 confidebat,
1271 1676 1333 1744 im·

299 1786 438 1894 ponere,
458 1806 496 1861 ut
516 1791 705 1885 praesidium
720 1816 821 1884 quam
838 1793 1087 1878 amicissimum,
1108 1794 1134 1861 si
1153 1793 1233 1886 quid
1249 1818 1333 1887 opus

298 1911 384 1980 sacto
405 1925 504 1993 esset,
523 1910 670 1978 baberet.
691 1910 792 1999 Quod
811 1935 914 2004 quum
935 1911 1043 1999 fieret,
1067 1937 1134 1980 non
1163 1912 1333 1981 inridicule

298 2029 432 2121 quidam
449 2053 490 2096 ex
501 2027 663 2096 militibus
672 2027 804 2096 decimae
817 2027 955 2121 legionis
971 2029 1054 2097 dixit
1071 2055 1078 2097 :
1093 2060 1109 2094 c
1123 2028 1218 2117 Plus,
1232 2056 1334 2122 quam

299 2147 466 2242 pollicitus
486 2163 585 2232 esset,
601 2150 760 2216 Caesarem
779 2148 808 2214 ei
825 2146 931 2215 secere
949 2173 956 2213 :
973 2145 1222 2240 pollicitum„se
1232 2151 1266 2215 in
1280 2173 1334 2215 cn-

297 2268 401 2336 hortis
415 2267 575 2360 proetoriae
584 2264 658 2334 loco
668 2265 828 2335 decimam
841 2264 1004 2360 legionem
1014 2265 1225 2350 habiturum3
1241 2291 1334 2335 nune

297 2386 340 2453 ad
357 2411 480 2480 equum
498 2386 721 2454 rescribere.»

344 2508 463 2574 XLIII.
489 2505 645 2573 Planities
673 2519 743 2573 erat
768 2529 904 2599 magna,
925 2519 958 2572 et
977 2507 1010 2572 in
1032 2529 1069 2572 ea
1094 2503 1239 2573 tumulus
1264 2521 1333 2573 ter·

296 2651 395 2695 renus
409 2627 486 2694 satis
498 2623 642 2718 grandis.
658 2625 720 2692 Hic
736 2621 827 2693 locus
843 2648 937 2717 aequo
955 2623 1021 2692 fere
1038 2626 1144 2718 spatio
1158 2625 1198 2692 ab
1216 2627 1334 2694 castris

296 2746 445 2839 utrisque
462 2744 585 2812 aberat.
606 2747 669 2828 Eo,
688 2757 726 2811 ut
743 2743 813 2811 era't
832 2744 972 2832 dictum,
994 2743 1036 2811 ad
1052 2743 1254 2837 colloquium
1275 2771 1337 2813 ve·

298 2878 428 2932 nerunt.
451 2864 632 2957 Legionem
655 2865 779 2949 Caesar,
801 2887 901 2955 quam
927 2865 1019 2955 equis
1043 2863 1234 2947 devexerat,
1255 2887 1337 2955 pas-

297 2983 386 3051 sibus
411 2980 560 3049 ducentis
589 2981 629 3049 ab
657 2981 850 3060 eotumulo
879 2982 1059 3049 constituit.
1091 2985 1174 3049 ltcm
1203 2984 1335 3074 equites

297 3101 456 3171 Ariovisti
485 3102 555 3191 pari
589 3098 761 3168 intervallo
792 3102 1022 3168 constiterunt.
1057 3103 1255 3187 Ariovistus,
1291 3129 1332 3173 er:

295 3222 387 3314 equis
405 3233 443 3287 ut
463 3217 747 3312 colloquerentur,
764 3233 811 3306 et,
828 3232 946 3310 praeter
964 3242 1012 3304 se,
1032 3217 1134 3285 denos
1151 3233 1187 3286 ut
1203 3219 1244 3286 ad
1262 3221 1333 3289 col-

296 3340 444 3433 loquium
461 3338 680 3424 adducerent,
693 3339 880 3433 postulavit.
892 3338 958 3407 Ubi
971 3363 1010 3404 eo
1022 3351 1158 3406 ventum
1176 3352 1241 3424 est,
1257 3341 1332 3407 Cae·

295 3485 348 3528 sar
366 3460 460 3527 initio
473 3459 634 3526 orationis
646 3483 703 3526 sua
720 3473 916 3552 senatusque
933 3459 966 3525 in
981 3482 1058 3525 eum
1071 3458 1229 3526 beneficia
1242 3483 1332 3525 com·

295 3579 505 3663 memoravit,
531 3576 621 3670 quod
646 3603 704 3645 rex
729 3576 912 3672 appellatus
937 3591 1021 3646 esset
1042 3602 1061 3644 a
1084 3592 1213 3663 senatu,
1239 3579 1333 3670 quod

294 3701 435 3784 amicus,
457 3698 546 3792 quod
567 3723 706 3766 munera
726 3697 926 3791 amplissima
950 3701 1065 3783 missa3
1087 3724 1185 3790 quam
1205 3723 1274 3766 rem
1296 3715 1333 3768 et

295 3821 407 3912 paucis
423 3819 612 3911 contigisse,
632 3832 666 3884 et
687 3842 749 3910 pro
775 3821 903 3912 magnis
920 3819 1093 3887 hominum
1115 3818 1229 3886 officiis
1248 3842 1333 3885 con-

293 3963 401 4007 suesse
412 3938 512 4005 tribui
526 3938 665 4006 docebat
683 3963 690 4005 :
710 3937 933 4031 illum‚quum
945 3962 1051 4032 neque
1060 3938 1203 4024 aditum,
1221 3963 1332 4031 neque
