3014 4780
516 405 567 462 DE
588 405 709 463 BELLO
731 407 936 465 nrmcauo.
1185 418 1237 481 atr

201 537 335 626 stieque
353 531 479 600 fueritis
496 531 725 616 studiosiores,
746 531 899 628 indiguos
916 527 1061 604 vos'esse
1078 535 1240 621 arbitror,

201 655 257 747 qui
273 653 307 720 in
324 675 398 720 meo
408 653 553 724 exercitu
573 651 705 720 ordines
715 651 861 738 ducatis,
878 653 1061 746 missosque
1078 653 1239 743 sacio,et,

200 787 362 866 quantum
382 785 506 864 potest,
521 771 634 840 abesse
653 795 694 840 ex
715 771 826 842 Africa
842 772 954 865 jubeo.
971 801 988 840 a
1007 775 1124 868 ltaque
1136 787 1241 845 tram·

202 890 287 958 didit
300 913 356 958 eos
369 890 635 976 centurionibus;
654 905 687 960 et
701 890 848 986 singulos
860 916 928 960 uon
941 890 1084 986 amplius
1101 893 1239 990 singulis

202 1009 323 1081 additis
343 1011 443 1080 serris
461 1012 496 1080 in
515 1013 591 1080 navi
610 1011 828 1106 imponendos
847 1015 1025 1106 separatim
1042 1017 1181 1083 curavit.

250 1135 320 1202 LV.
342 1130 466 1202 Gaetnli
483 1132 617 1200 interim
633 1130 795 1226 perfugae,
814 1156 898 1226 quos
918 1157 994 1202 cum
1016 1132 1132 1204 litteris
1150 1157 1240 1204 man·

200 1254 352 1346 datisque
367 1255 528 1322 aCaesare
544 1253 660 1322 missos
675 1275 775 1344 supra
795 1251 984 1338 docuimus,
1002 1251 1043 1322 ad
1065 1255 1239 1323 suoscives

201 1375 418 1469 perueniunt:
433 1395 576 1466 quomam
593 1373 790 1444 auctoritate
807 1372 901 1442 facile
917 1371 1071 1462 adducti,
1084 1375 1239 1446 Caesaris·

200 1517 264 1586 que
283 1495 416 1562 nomine
432 1495 594 1587 persuasi,
612 1517 632 1561 a
649 1515 725 1587 rege
742 1496 761 1560 J
764 1493 827 1561 uba
852 1493 1052 1577 desciscunt,
1069 1491 1241 1574 celeriter·

200 1636 265 1704 que
284 1613 396 1683 cuncti
416 1635 507 1682 arma
526 1615 681 1706 capiunt,
701 1627 882 1706 contraque
906 1637 1017 1708 regem
1043 1613 1150 1682 lacere
1172 1637 1237 1682 nou
1265 1679 1283 1710 ,Ι

199 1731 364 1804 dubitant.
385 1732 518 1820 Quibus
532 1732 630 1801 rebus
647 1734 807 1826 cognitis,
824 1733 926 1819 iuba,
937 1731 1100 1800 distentus
1117 1730 1238 1826 triplici

199 1850 303 1937 bello,
318 1853 575 1943 necessitateque
596 1865 746 1938 coactus,
768 1849 810 1920 de
825 1853 893 1920 suis
909 1852 1030 1944 copiis,
1052 1875 1134 1944 quas
1159 1873 1239 1919 con·

199 1984 250 2038 tra
267 1973 430 2040 Caesarem
447 1968 647 2059 adduxerat,
666 1993 720 2040 sex
740 1970 891 2046 cohortes
912 1971 946 2038 in
969 1969 1050 2039 fines
1074 1971 1168 2066 regni
1188 1971 1238 2039 sui

200 2091 321 2176 mittit,
338 2115 411 2186 quae
431 2103 537 2160 essent
556 2091 707 2185 praesidio
726 2105 842 2160 contra
862 2087 1018 2160 Gatulos.

207 2249 210 2258 ‚
248 2213 335 2280 LVI.
362 2213 488 2295 Caesar,
516 2211 658 2280 brachiis
683 2210 852 2304 perlectis,
879 2211 1108 2305 promotisque
1136 2234 1238 2304 usque

200 2354 255 2417 eo,
274 2353 342 2424 quo
361 2330 464 2400 telum
482 2355 522 2398 ex
547 2313 671 2428 oppido
689 2329 788 2423 adjici
803 2355 870 2400 non
889 2345 1013 2425 posset,
1034 2344 1141 2399 castra
1166 2353 1238 2399 mu·

199 2450 247 2518 nit
274 2448 431 2520 :balistis
451 2447 747 2544 scorpionibusque
766 2449 891 2518 crebris
915 2465 992 2520 ante
1017 2450 1159 2521 frontem
1186 2473 1239 2520 ca·

199 2585 343 2640 strorum
363 2585 543 2664 contraque
561 2569 721 2663 oppidum
743 2566 927 2652 collocatis,
945 2569 1132 2638 defensores
1150 2571 1238 2638 muri
1306 2627 1313 2641 .

199 2688 367 2758 deterrere
384 2713 451 2757 non
470 2687 681 2756 intermittit:
699 2710 804 2779 eoque
819 2713 840 2754 v
858 2686 1003 2781 legiones
1017 2689 1239 2781 exsuperiori-

199 2808 259 2874 bus
272 2807 387 2875 castris
397 2804 541 2876 deducit.
557 2808 636 2895 Qua
650 2803 804 2875 facultate
818 2804 947 2894 oblata,
963 2805 1156 2878 illustriores
1174 2831 1237 2879 no·

198 2927 381 3018 tissimique
404 2939 617 3019 conspectum
636 2928 818 2997 anticorum
835 2927 1167 3020 propinquorumque
1191 2929 1238 2998 ef-

198 3044 410 3138 flagitabant,
424 3059 524 3138 atque
537 3046 624 3113 inter
642 3069 676 3113 se
693 3043 977 3138 colloquebantur.
987 3047 1072 3134 Quae
1087 3070 1139 3116 res
1156 3047 1235 3142 quid

198 3163 349 3233 utilitatis
366 3164 515 3252 liaberet,
534 3167 697 3236 Caesarem
723 3190 790 3235 non
818 3165 962 3234 fallebat.
988 3167 1142 3262 Namque
1162 3171 1238 3238 Gae-

198 3282 260 3354 tuli
275 3309 315 3354 ex
333 3287 483 3380 equitatu
504 3286 596 3380 regio
619 3285 817 3371 nobiliores,
834 3287 1051 3382 equitumque
1071 3288 1237 3382 praelecti,

197 3427 340 3497 quorum
359 3417 468 3499 patres
485 3429 561 3475 oum
578 3407 687 3475 Mario
706 3419 782 3474 ante
799 3422 1009 3492 meruerant,
1027 3409 1166 3502 ejusque
1181 3409 1237 3476 be-

197 3523 316 3593 nefieio
325 3525 412 3619 agris
427 3524 615 3619 finibusque
630 3523 765 3613 donati,
780 3541 855 3620 post
865 3525 961 3620 Syllae
980 3529 1153 3596 victoriam
1176 3527 1251 3626 sub¹

197 3644 395 3738 Hiempsalis
413 3647 499 3740 regis
516 3657 612 3714 erant
638 3657 798 3740 potestate
825 3645 911 3731 dati,
931 3648 1103 3716 occasione
1123 3659 1237 3740 capta,

198 3778 311 3852 nocte,
325 3766 395 3858 jam
415 3763 597 3835 luminibus
614 3767 775 3854 accensis,
792 3789 869 3836 cum
888 3767 983 3860 equis
1000 3765 1237 3861 calonibusque

198 3882 266 3950 suis
296 3886 428 3953 circiter
457 3884 546 3954 mille
572 3885 765 3981 perfugiunt
792 3888 825 3956 in
856 3887 1237 3980 constructumque

197 4017 291 4068 erant
308 4004 343 4070 in
359 4028 477 4098 campo
494 3991 642 4100 proxime
659 4010 766 4078 Uzitae
782 4005 899 4078 locata.
