3088 4766
518 403 569 457 DE
590 401 712 455 BELLO
734 401 851 455 CIVlLl
871 401 939 454 LlB.
961 401 999 454 ll.
1235 405 1273 480 69
1318 408 1321 418 '

243 531 397 626 pecunias
403 583 413 620 ,
434 551 515 620 quas
529 539 622 594 erant
637 527 672 593 in
693 523 862 619 publicum
878 525 1020 592 Varroni
1042 525 1129 593 cives
1147 534 1273 596 romani

243 649 399 744 polliciti,
418 646 569 730 remittit,
589 644 676 713 bona
696 643 838 712 restituit
854 643 915 730 iis,
935 666 1017 736 quos
1036 641 1171 713 liberius
1186 644 1274 717 locu-

243 787 294 837 tos
314 769 399 836 hanc
419 789 546 860 poenam
565 762 676 832 tulisse
692 777 913 858 cognoverat:
927 762 1058 832 tributis
1077 763 1272 856 quibusdam

243 887 383 983 publicis
398 885 600 979 privatisque
617 884 776 976 premiis,
792 879 935 974 reliquos
951 883 986 950 in
1003 895 1171 974 posterum
1184 884 1272 954 bona

243 1031 300 1101 spe
317 1002 476 1099 complet;
496 1003 700 1096 biduumque
721 1000 884 1070 Cordubae
903 1016 1138 1090 commoratus,
1165 1005 1273 1074 Gades

241 1125 494 1220 proficiscitur:
523 1123 678 1216 pecunias
700 1135 1005 1214 monumentaque,
1027 1144 1101 1214 quae
1127 1147 1167 1190 ex
1195 1123 1273 1192 lano

243 1245 392 1314 Herculis
415 1242 534 1314 collata
563 1257 657 1310 erant
677 1243 711 1309 in
733 1241 894 1334 privatam
915 1239 1065 1326 domum,
1093 1241 1210 1311 referri
1239 1246 1271 1312 in

242 1364 400 1458 templum
411 1364 523 1457 jubet:
536 1361 714 1432 Provinciae
726 1362 768 1448 Q.
781 1357 928 1430 Cassium
939 1360 1088 1454 praeficit3
1098 1362 1176 1431 huic
1188 1389 1270 1458 qua-

242 1499 318 1553 tuor
336 1483 479 1578 legiones
488 1482 640 1550 attribuit
655 1507 663 1547 :
678 1483 746 1572 ipse
764 1481 804 1546 iis
823 1481 976 1569 navibus,
997 1505 1078 1574 quus
1087 1484 1135 1551 M.
1144 1487 1271 1569 Varro,

242 1628 389 1698 quasque
408 1600 563 1672 Gaditani
579 1602 671 1692 jussu
690 1601 849 1667 Varronis
871 1599 1032 1685 fecerant,
1051 1605 1270 1670 Tarraconem

242 1723 353 1817 paucis
370 1721 484 1791 diebus
501 1721 659 1813 pervenit.
680 1719 730 1801 lbi
747 1721 848 1786 totius
867 1719 934 1786 fere
953 1721 1121 1787 Citerioris
1135 1723 1272 1790 Provin-

241 1846 298 1912 ciae
323 1841 501 1936 legationes
518 1839 655 1909 Caesaris
677 1837 856 1907 adventum
882 1839 1124 1933 exspectabant.
1146 1841 1269 1910 Eadem

241 1963 367 2030 ratione
383 1959 536 2053 privatim
560 1982 598 2027 ac
616 1955 744 2051 publice
760 1957 957 2050 quibusdam
974 1960 1161 2028 civitatibus
1179 1960 1271 2030 babi-

241 2081 282 2146 tis
308 2076 509 2164 honoribus,
532 2080 718 2146 Tarracone
744 2076 898 2162 discedit,
918 2076 1122 2171 pedibusque
1140 2081 1270 2150 Narbo·

241 2220 338 2285 nem,
358 2208 455 2287 atque
475 2196 550 2264 inde
571 2193 748 2264 Massiliam
766 2197 915 2290 pervenit
933 2223 941 2263 ε
958 2197 1019 2283 ibi,
1037 2196 1140 2292 legem
1161 2201 1202 2270 de
1221 2203 1270 2270 di·

242 2328 368 2383 ctatore
388 2313 502 2399 latam,
523 2337 656 2407 seseque
675 2312 870 2382 dictatorern
893 2312 1053 2384 dictuma
1075 2321 1122 2386 M.
1141 2321 1267 2414 Lepido

242 2449 396 2528 praetore,
411 2437 586 2528 cognoscit.

287 2557 395 2624 XXII.
418 2553 651 2640 Massilienses,
681 2555 832 2621 omnibus
854 2555 968 2623 defessi
991 2557 1101 2642 malis,
1122 2560 1168 2626 rei
1201 2559 1270 2627 fru-

241 2671 408 2740 mentariae
429 2670 471 2737 ad
485 2693 646 2738 summam
669 2673 814 2763 inopiam
836 2671 988 2760 adducti,
1007 2674 1057 2740 bis
1077 2675 1193 2767 proelio
1213 2701 1270 2746 na·

240 2790 305 2859 vali
338 2789 499 2881 superati,
536 2787 658 2854 crebris
687 2788 914 2880 eruptionibus
939 2789 1018 2872 fusi,
1056 2796 1146 2886 gravi
1170 2797 1268 2864 etiarn

241 2906 425 3001 pestilentia
448 2904 625 2974 conflictati
653 2930 692 2973 ex
719 2906 847 2975 diutina
870 2907 1079 2980 conclusione
1103 2927 1136 2980 et
1166 2928 1271 2984 muta·

241 3029 331 3095 tione
347 3027 453 3092 victus
467 3023 605 3118 (panico
624 3027 711 3092 enirn
729 3040 839 3094 vetere
855 3041 954 3120 atque
970 3027 1095 3098 hordeo
1113 3049 1272 3126 corrupto

240 3169 355 3213 omnes
371 3145 556 3229 alebantur,
578 3144 682 3238 quod,
702 3145 744 3214 ad
768 3145 956 3239 hujusmodi
980 3173 1072 3218 casus
1088 3155 1269 3247 antiquitus

241 3279 410 3358 paratum,
427 3266 461 3333 in
475 3263 640 3357 publicum
658 3262 902 3358 contulerant),
919 3265 1043 3360 dejecta
1061 3274 1162 3358 turri,
1182 3271 1270 3343 labe-

241 3382 326 3452 facta
345 3408 463 3478 magna
481 3398 574 3477 parte
595 3385 698 3468 muri,
718 3382 847 3451 auxiliis
865 3387 1111 3478 provinciarum
1129 3404 1162 3458 et
1179 3417 1268 3461 exer-

239 3503 363 3572 cituum
393 3502 588 3597 desperatis,
607 3527 689 3595 quos
713 3503 746 3570 in
766 3505 902 3572 Caesaris
927 3521 1119 3598 potestatem
1143 3513 1270 3580 venisse

239 3629 572 3716 cognoverant,'sese
590 3619 710 3689 dedere
735 3623 805 3691 sine
823 3621 938 3691 fraude
960 3625 1177 3694 constituunt.
1204 3627 1267 3696 Sed

239 3742 351 3829 paucis
369 3755 445 3808 ante
464 3741 578 3810 diebus
597 3745 635 3811 L.
660 3743 846 3826 Domitius,
866 3743 997 3838 cognita
1014 3742 1266 3814 Massiliensium

240 3853 424 3945 voluntate,
449 3861 587 3929 navibus
607 3859 712 3929 tribus
733 3861 949 3955 comparatis,
970 3885 1010 3929 en
1040 3863 1159 3954 quibus
1185 3863 1267 3933 duas

238 3970 452 4046 familiaribus
481 3983 547 4047 suis
569 3979 782 4068 attribuerat,
803 4005 902 4050 unam
925 3983 993 4075 ipse
1019 3983 1267 4067 conscenderat,
