<?xml version="1.0" encoding="UTF-8"?>
<!DOCTYPE html PUBLIC "-//W3C//DTD XHTML 1.0 Transitional//EN"
    "http://www.w3.org/TR/xhtml1/DTD/xhtml1-transitional.dtd">
<html xmlns="http://www.w3.org/1999/xhtml" xml:lang="en" lang="en">
 <head>
  <title>
</title>
<meta http-equiv="Content-Type" content="text/html;charset=utf-8" />
  <meta name='ocr-system' content='tesseract 3.04.00' />
  <meta name='ocr-capabilities' content='ocr_page ocr_carea ocr_par ocr_line ocrx_word'/>
</head>
<body>
  <div class='ocr_page' id='page_1' title='image "./cjcaesarisopera00caesgoog_0429.png"; bbox 0 0 3038 4766; ppageno 0'>
   <div class='ocr_carea' id='block_1_1' title="bbox 463 389 1228 450">
    <p class='ocr_par' dir='ltr' id='par_1_1' title="bbox 463 389 1228 450">
     <span class='ocr_line' id='line_1_1' title="bbox 463 389 1228 450; baseline 0.003 -4"><span class='ocrx_word' id='word_1_1' title='bbox 463 389 513 446; x_wconf 83' lang='lat' dir='ltr'><strong>tut</strong></span> <span class='ocrx_word' id='word_1_2' title='bbox 537 389 658 447; x_wconf 81' lang='lat' dir='ltr'>BELLO</span> <span class='ocrx_word' id='word_1_3' title='bbox 678 390 793 446; x_wconf 83' lang='lat' dir='ltr'><strong>ClVlLl</strong></span> <span class='ocrx_word' id='word_1_4' title='bbox 812 392 882 450; x_wconf 89' lang='lat' dir='ltr'><strong>LIB.</strong></span> <span class='ocrx_word' id='word_1_5' title='bbox 904 392 955 447; x_wconf 87' lang='lat'>111.</span> <span class='ocrx_word' id='word_1_6' title='bbox 1176 393 1228 448; x_wconf 79' lang='lat'><strong>1²3</strong></span> 
     </span>
    </p>
   </div>
   <div class='ocr_carea' id='block_1_2' title="bbox 198 515 1236 4068">
    <p class='ocr_par' dir='ltr' id='par_1_2' title="bbox 198 515 1233 1924">
     <span class='ocr_line' id='line_1_2' title="bbox 198 515 1231 602; baseline -0.001 -16"><span class='ocrx_word' id='word_1_7' title='bbox 198 519 305 588; x_wconf 92' lang='lat' dir='ltr'><strong>missis</strong></span> <span class='ocrx_word' id='word_1_8' title='bbox 320 517 450 602; x_wconf 88' lang='lat' dir='ltr'><strong>diebus,</strong></span> <span class='ocrx_word' id='word_1_9' title='bbox 465 539 596 583; x_wconf 92' lang='lat' dir='ltr'><strong>rursum</strong></span> <span class='ocrx_word' id='word_1_10' title='bbox 615 539 690 583; x_wconf 92' lang='lat' dir='ltr'><strong>eum</strong></span> <span class='ocrx_word' id='word_1_11' title='bbox 710 515 848 583; x_wconf 84' lang='lat' dir='ltr'><strong>navibus</strong></span> <span class='ocrx_word' id='word_1_12' title='bbox 865 515 906 582; x_wconf 93' lang='lat' dir='ltr'><strong>ad</strong></span> <span class='ocrx_word' id='word_1_13' title='bbox 928 539 961 584; x_wconf 88' lang='lat' dir='ltr'><strong>se</strong></span> <span class='ocrx_word' id='word_1_14' title='bbox 980 517 1066 584; x_wconf 86' lang='lat' dir='ltr'><strong>intra</strong></span> <span class='ocrx_word' id='word_1_15' title='bbox 1079 519 1231 585; x_wconf 89' lang='lat' dir='ltr'><strong>munitio·</strong></span> 
     </span>
     <span class='ocr_line' id='line_1_3' title="bbox 200 632 1230 730; baseline -0.004 -23"><span class='ocrx_word' id='word_1_16' title='bbox 200 663 257 707; x_wconf 89' lang='lat' dir='ltr'><strong>nes</strong></span> <span class='ocrx_word' id='word_1_17' title='bbox 269 637 397 730; x_wconf 89' lang='lat' dir='ltr'><strong>recipit</strong></span> <span class='ocrx_word' id='word_1_18' title='bbox 416 637 495 704; x_wconf 85' lang='lat' dir='ltr'><strong>Erat</strong></span> <span class='ocrx_word' id='word_1_19' title='bbox 515 659 641 703; x_wconf 88' lang='lat' dir='ltr'><strong>summo</strong></span> <span class='ocrx_word' id='word_1_20' title='bbox 666 637 776 727; x_wconf 89' lang='lat' dir='ltr'><strong>inopia</strong></span> <span class='ocrx_word' id='word_1_21' title='bbox 804 632 930 728; x_wconf 84' lang='lat' dir='ltr'>pabuli,</span> <span class='ocrx_word' id='word_1_22' title='bbox 958 633 1061 722; x_wconf 89' lang='lat' dir='ltr'><strong>adeo,</strong></span> <span class='ocrx_word' id='word_1_23' title='bbox 1090 649 1127 704; x_wconf 91' lang='lat' dir='ltr'><strong>ut</strong></span> <span class='ocrx_word' id='word_1_24' title='bbox 1145 634 1230 704; x_wconf 85' lang='lat' dir='ltr'><strong>loliis</strong></span> 
     </span>
     <span class='ocr_line' id='line_1_4' title="bbox 199 753 1231 837; baseline -0.003 -10"><span class='ocrx_word' id='word_1_25' title='bbox 199 783 238 827; x_wconf 85' lang='lat' dir='ltr'><strong>ex</strong></span> <span class='ocrx_word' id='word_1_26' title='bbox 265 757 437 825; x_wconf 82' lang='lat' dir='ltr'>arboribus</span> <span class='ocrx_word' id='word_1_27' title='bbox 461 755 600 837; x_wconf 89' lang='lat' dir='ltr'><strong>strictis,</strong></span> <span class='ocrx_word' id='word_1_28' title='bbox 630 767 663 822; x_wconf 90' lang='lat' dir='ltr'><strong>et</strong></span> <span class='ocrx_word' id='word_1_29' title='bbox 688 755 806 822; x_wconf 88' lang='lat' dir='ltr'><strong>teneris</strong></span> <span class='ocrx_word' id='word_1_30' title='bbox 838 753 1039 823; x_wconf 88' lang='lat' dir='ltr'><strong>arundinum</strong></span> <span class='ocrx_word' id='word_1_31' title='bbox 1065 755 1231 825; x_wconf 79' lang='lat' dir='ltr'><strong>radicibus</strong></span> 
     </span>
     <span class='ocr_line' id='line_1_5' title="bbox 200 872 1232 969; baseline -0.004 -24"><span class='ocrx_word' id='word_1_32' title='bbox 200 878 361 969; x_wconf 87' lang='lat' dir='ltr'><strong>contusis,</strong></span> <span class='ocrx_word' id='word_1_33' title='bbox 374 897 476 968; x_wconf 89' lang='lat' dir='ltr'><strong>equos</strong></span> <span class='ocrx_word' id='word_1_34' title='bbox 493 872 618 942; x_wconf 90' lang='lat' dir='ltr'><strong>alerent</strong></span> <span class='ocrx_word' id='word_1_35' title='bbox 636 899 644 940; x_wconf 75' lang='grc' dir='ltr'><strong><em>ε</em></strong></span> <span class='ocrx_word' id='word_1_36' title='bbox 663 874 824 942; x_wconf 77' lang='lat' dir='ltr'><strong>frumenta</strong></span> <span class='ocrx_word' id='word_1_37' title='bbox 839 875 942 961; x_wconf 90' lang='lat' dir='ltr'><strong>enim,</strong></span> <span class='ocrx_word' id='word_1_38' title='bbox 957 899 1030 967; x_wconf 83' lang='lat' dir='ltr'><strong>quae</strong></span> <span class='ocrx_word' id='word_1_39' title='bbox 1048 873 1176 943; x_wconf 81' lang='lat' dir='ltr'><strong>fuerant</strong></span> <span class='ocrx_word' id='word_1_40' title='bbox 1187 876 1232 942; x_wconf 91' lang='lat' dir='ltr'><strong>in·</strong></span> 
     </span>
     <span class='ocr_line' id='line_1_6' title="bbox 200 995 1232 1088; baseline -0.002 -24"><span class='ocrx_word' id='word_1_41' title='bbox 200 1011 251 1064; x_wconf 88' lang='lat' dir='ltr'><strong>tra</strong></span> <span class='ocrx_word' id='word_1_42' title='bbox 262 996 460 1064; x_wconf 86' lang='lat' dir='ltr'><strong>munitiones</strong></span> <span class='ocrx_word' id='word_1_43' title='bbox 476 1008 561 1079; x_wconf 89' lang='lat' dir='ltr'><strong>sata,</strong></span> <span class='ocrx_word' id='word_1_44' title='bbox 574 1007 901 1088; x_wconf 89' lang='lat' dir='ltr'><strong>consumpserant,et</strong></span> <span class='ocrx_word' id='word_1_45' title='bbox 913 995 1133 1087; x_wconf 80' lang='lat' dir='ltr'>cogebantur,</span> <span class='ocrx_word' id='word_1_46' title='bbox 1149 997 1232 1063; x_wconf 89' lang='lat' dir='ltr'><strong>Cor·</strong></span> 
     </span>
     <span class='ocr_line' id='line_1_7' title="bbox 200 1112 1232 1210; baseline -0.003 -27"><span class='ocrx_word' id='word_1_47' title='bbox 200 1139 276 1210; x_wconf 79' lang='lat' dir='ltr'><strong>cyra</strong></span> <span class='ocrx_word' id='word_1_48' title='bbox 295 1129 393 1207; x_wconf 87' lang='lat' dir='ltr'><strong>atque</strong></span> <span class='ocrx_word' id='word_1_49' title='bbox 406 1114 601 1198; x_wconf 80' lang='lat' dir='ltr'><strong>Acarnania,</strong></span> <span class='ocrx_word' id='word_1_50' title='bbox 620 1112 720 1206; x_wconf 90' lang='lat' dir='ltr'><strong>longo</strong></span> <span class='ocrx_word' id='word_1_51' title='bbox 736 1113 908 1207; x_wconf 87' lang='lat' dir='ltr'><strong>interjecto</strong></span> <span class='ocrx_word' id='word_1_52' title='bbox 925 1114 1143 1205; x_wconf 87' lang='lat' dir='ltr'><strong>navigationis</strong></span> <span class='ocrx_word' id='word_1_53' title='bbox 1160 1136 1232 1206; x_wconf 92' lang='lat' dir='ltr'><strong>spa·</strong></span> 
     </span>
     <span class='ocr_line' id='line_1_8' title="bbox 200 1232 1233 1327; baseline -0.003 -25"><span class='ocrx_word' id='word_1_54' title='bbox 200 1237 262 1320; x_wconf 85' lang='lat' dir='ltr'><strong>tio,</strong></span> <span class='ocrx_word' id='word_1_55' title='bbox 289 1232 448 1327; x_wconf 90' lang='lat' dir='ltr'><strong>pabulum</strong></span> <span class='ocrx_word' id='word_1_56' title='bbox 471 1246 693 1326; x_wconf 90' lang='lat' dir='ltr'><strong>supportare:</strong></span> <span class='ocrx_word' id='word_1_57' title='bbox 715 1255 846 1324; x_wconf 91' lang='lat' dir='ltr'><strong>quoque</strong></span> <span class='ocrx_word' id='word_1_58' title='bbox 868 1246 938 1300; x_wconf 88' lang='lat' dir='ltr'><strong>erat</strong></span> <span class='ocrx_word' id='word_1_59' title='bbox 963 1233 1033 1326; x_wconf 86' lang='lat' dir='ltr'><strong>ejus</strong></span> <span class='ocrx_word' id='word_1_60' title='bbox 1056 1232 1102 1302; x_wconf 89' lang='lat' dir='ltr'><strong>rei</strong></span> <span class='ocrx_word' id='word_1_61' title='bbox 1125 1233 1233 1300; x_wconf 92' lang='lat' dir='ltr'><strong>minor</strong></span> 
     </span>
     <span class='ocr_line' id='line_1_9' title="bbox 200 1325 1232 1448; baseline -0.004 -26"><span class='ocrx_word' id='word_1_62' title='bbox 200 1354 312 1448; x_wconf 90' lang='lat' dir='ltr'><strong>copia,</strong></span> <span class='ocrx_word' id='word_1_63' title='bbox 331 1325 456 1422; x_wconf 83' lang='lat' dir='ltr'><strong>ltordeo</strong></span> <span class='ocrx_word' id='word_1_64' title='bbox 473 1349 650 1446; x_wconf 79' lang='lat' dir='ltr'><strong>adaugere,</strong></span> <span class='ocrx_word' id='word_1_65' title='bbox 666 1363 764 1444; x_wconf 83' lang='lat' dir='ltr'><strong>atque</strong></span> <span class='ocrx_word' id='word_1_66' title='bbox 784 1351 834 1419; x_wconf 88' lang='lat' dir='ltr'><strong>bis</strong></span> <span class='ocrx_word' id='word_1_67' title='bbox 852 1351 1034 1420; x_wconf 87' lang='lat' dir='ltr'><strong>rationibus</strong></span> <span class='ocrx_word' id='word_1_68' title='bbox 1051 1352 1232 1445; x_wconf 90' lang='lat' dir='ltr'><strong>equitatum</strong></span> 
     </span>
     <span class='ocr_line' id='line_1_10' title="bbox 200 1467 1233 1565; baseline -0.002 -25"><span class='ocrx_word' id='word_1_69' title='bbox 200 1471 351 1540; x_wconf 88' lang='lat' dir='ltr'><strong>tolerare.</strong></span> <span class='ocrx_word' id='word_1_70' title='bbox 373 1471 456 1561; x_wconf 87' lang='lat' dir='ltr'>Sed,</span> <span class='ocrx_word' id='word_1_71' title='bbox 479 1485 654 1565; x_wconf 86' lang='lat' dir='ltr'><strong>postquam</strong></span> <span class='ocrx_word' id='word_1_72' title='bbox 675 1495 740 1538; x_wconf 92' lang='lat' dir='ltr'><strong>non</strong></span> <span class='ocrx_word' id='word_1_73' title='bbox 760 1469 857 1537; x_wconf 90' lang='lat' dir='ltr'><strong>modo</strong></span> <span class='ocrx_word' id='word_1_74' title='bbox 879 1469 1038 1539; x_wconf 81' lang='lat' dir='ltr'><strong>hordeum</strong></span> <span class='ocrx_word' id='word_1_75' title='bbox 1058 1467 1233 1563; x_wconf 86' lang='lat' dir='ltr'><strong>pabulum-</strong></span> 
     </span>
     <span class='ocr_line' id='line_1_11' title="bbox 201 1589 1232 1683; baseline -0.005 -22"><span class='ocrx_word' id='word_1_76' title='bbox 201 1615 265 1683; x_wconf 87' lang='lat' dir='ltr'><strong>que</strong></span> <span class='ocrx_word' id='word_1_77' title='bbox 293 1591 448 1660; x_wconf 90' lang='lat' dir='ltr'><strong>omnibus</strong></span> <span class='ocrx_word' id='word_1_78' title='bbox 471 1592 503 1658; x_wconf 92' lang='lat' dir='ltr'><strong>in</strong></span> <span class='ocrx_word' id='word_1_79' title='bbox 530 1589 629 1676; x_wconf 90' lang='lat' dir='ltr'><strong>locis,</strong></span> <span class='ocrx_word' id='word_1_80' title='bbox 656 1589 830 1682; x_wconf 77' lang='lat' dir='ltr'><strong>herbaque</strong></span> <span class='ocrx_word' id='word_1_81' title='bbox 858 1589 1009 1676; x_wconf 77' lang='lat' dir='ltr'><strong>desecta,</strong></span> <span class='ocrx_word' id='word_1_82' title='bbox 1047 1589 1103 1656; x_wconf 87' lang='lat' dir='ltr'><strong>sed</strong></span> <span class='ocrx_word' id='word_1_83' title='bbox 1133 1591 1232 1657; x_wconf 94' lang='lat' dir='ltr'><strong>etiam</strong></span> 
     </span>
     <span class='ocr_line' id='line_1_12' title="bbox 200 1709 1233 1804; baseline -0.005 -23"><span class='ocrx_word' id='word_1_84' title='bbox 200 1712 325 1781; x_wconf 81' lang='lat' dir='ltr'><strong>fructus</strong></span> <span class='ocrx_word' id='word_1_85' title='bbox 341 1735 379 1781; x_wconf 83' lang='lat' dir='ltr'><strong>ex</strong></span> <span class='ocrx_word' id='word_1_86' title='bbox 399 1711 571 1780; x_wconf 80' lang='lat' dir='ltr'><strong>arboribus</strong></span> <span class='ocrx_word' id='word_1_87' title='bbox 590 1709 801 1795; x_wconf 85' lang='lat' dir='ltr'><strong>deficiebant,</strong></span> <span class='ocrx_word' id='word_1_88' title='bbox 820 1711 984 1803; x_wconf 76' lang='lat' dir='ltr'><strong>corruptis</strong></span> <span class='ocrx_word' id='word_1_89' title='bbox 1002 1711 1093 1804; x_wconf 92' lang='lat' dir='ltr'><strong>equis</strong></span> <span class='ocrx_word' id='word_1_90' title='bbox 1112 1713 1233 1796; x_wconf 89' lang='lat' dir='ltr'><strong>macie,</strong></span> 
     </span>
     <span class='ocr_line' id='line_1_13' title="bbox 201 1829 1232 1924; baseline -0.003 -23"><span class='ocrx_word' id='word_1_91' title='bbox 201 1831 387 1901; x_wconf 88' lang='lat' dir='ltr'><strong>conandum</strong></span> <span class='ocrx_word' id='word_1_92' title='bbox 398 1832 459 1900; x_wconf 89' lang='lat' dir='ltr'><strong>sibi</strong></span> <span class='ocrx_word' id='word_1_93' title='bbox 472 1829 596 1924; x_wconf 89' lang='lat' dir='ltr'><strong>aliquid</strong></span> <span class='ocrx_word' id='word_1_94' title='bbox 607 1831 779 1924; x_wconf 87' lang='lat' dir='ltr'><strong>Pompeius</strong></span> <span class='ocrx_word' id='word_1_95' title='bbox 791 1830 832 1899; x_wconf 90' lang='lat' dir='ltr'><strong>de</strong></span> <span class='ocrx_word' id='word_1_96' title='bbox 841 1833 1015 1924; x_wconf 84' lang='lat' dir='ltr'><strong>eruptione</strong></span> <span class='ocrx_word' id='word_1_97' title='bbox 1025 1831 1232 1898; x_wconf 78' lang='lat' dir='ltr'><strong>existimavit.</strong></span> 
     </span>
    </p>

    <p class='ocr_par' dir='ltr' id='par_1_3' title="bbox 200 1947 1236 4068">
     <span class='ocr_line' id='line_1_14' title="bbox 249 1947 1234 2044; baseline -0.003 -25"><span class='ocrx_word' id='word_1_98' title='bbox 249 1953 336 2019; x_wconf 86' lang='lat' dir='ltr'>LIX.</span> <span class='ocrx_word' id='word_1_99' title='bbox 365 1947 568 2043; x_wconf 85' lang='lat' dir='ltr'><strong>Erantapud</strong></span> <span class='ocrx_word' id='word_1_100' title='bbox 589 1954 746 2021; x_wconf 71' lang='lat' dir='ltr'><strong>Caesarem</strong></span> <span class='ocrx_word' id='word_1_101' title='bbox 770 1975 808 2019; x_wconf 87' lang='lat' dir='ltr'><strong>er</strong></span> <span class='ocrx_word' id='word_1_102' title='bbox 837 1951 983 2044; x_wconf 82' lang='lat' dir='ltr'><strong>equitum</strong></span> <span class='ocrx_word' id='word_1_103' title='bbox 1012 1973 1149 2017; x_wconf 88' lang='lat' dir='ltr'><strong>numero</strong></span> <span class='ocrx_word' id='word_1_104' title='bbox 1177 1947 1234 2020; x_wconf 79' lang='lat' dir='ltr'><strong>Al-</strong></span> 
     </span>
     <span class='ocr_line' id='line_1_15' title="bbox 200 2067 1233 2165; baseline -0.002 -27"><span class='ocrx_word' id='word_1_105' title='bbox 200 2069 353 2165; x_wconf 88' lang='lat' dir='ltr'><strong>lobroges</strong></span> <span class='ocrx_word' id='word_1_106' title='bbox 369 2069 436 2139; x_wconf 94' lang='lat' dir='ltr'><strong>duo</strong></span> <span class='ocrx_word' id='word_1_107' title='bbox 448 2070 580 2156; x_wconf 81' lang='lat' dir='ltr'><strong>fratres,</strong></span> <span class='ocrx_word' id='word_1_108' title='bbox 601 2069 764 2139; x_wconf 72' lang='lat' dir='ltr'><strong>Roucillus</strong></span> <span class='ocrx_word' id='word_1_109' title='bbox 781 2083 814 2139; x_wconf 92' lang='lat' dir='ltr'><strong>et</strong></span> <span class='ocrx_word' id='word_1_110' title='bbox 835 2073 953 2164; x_wconf 82' lang='lat' dir='ltr'><strong>AEgus,</strong></span> <span class='ocrx_word' id='word_1_111' title='bbox 971 2067 1137 2140; x_wconf 81' lang='lat' dir='ltr'><strong>Abducilli</strong></span> <span class='ocrx_word' id='word_1_112' title='bbox 1156 2067 1233 2154; x_wconf 87' lang='lat' dir='ltr'><strong>filii,</strong></span> 
     </span>
     <span class='ocr_line' id='line_1_16' title="bbox 201 2189 1236 2285; baseline -0.003 -26"><span class='ocrx_word' id='word_1_113' title='bbox 201 2192 259 2284; x_wconf 93' lang='lat' dir='ltr'><strong>qui</strong></span> <span class='ocrx_word' id='word_1_114' title='bbox 276 2190 497 2285; x_wconf 84' lang='lat' dir='ltr'><strong>principatum</strong></span> <span class='ocrx_word' id='word_1_115' title='bbox 517 2190 551 2258; x_wconf 91' lang='lat' dir='ltr'><strong>in</strong></span> <span class='ocrx_word' id='word_1_116' title='bbox 567 2191 699 2258; x_wconf 84' lang='lat' dir='ltr'><strong>civitate</strong></span> <span class='ocrx_word' id='word_1_117' title='bbox 717 2189 828 2258; x_wconf 87' lang='lat' dir='ltr'><strong>multis</strong></span> <span class='ocrx_word' id='word_1_118' title='bbox 839 2191 933 2258; x_wconf 88' lang='lat' dir='ltr'><strong>annis</strong></span> <span class='ocrx_word' id='word_1_119' title='bbox 952 2190 1154 2272; x_wconf 85' lang='lat' dir='ltr'><strong>obtinuerat,</strong></span> <span class='ocrx_word' id='word_1_120' title='bbox 1173 2191 1236 2256; x_wconf 90' lang='lat' dir='ltr'><strong>sin·</strong></span> 
     </span>
     <span class='ocr_line' id='line_1_17' title="bbox 201 2309 1235 2404; baseline -0.001 -26"><span class='ocrx_word' id='word_1_121' title='bbox 201 2309 307 2404; x_wconf 90' lang='lat' dir='ltr'><strong>gulari</strong></span> <span class='ocrx_word' id='word_1_122' title='bbox 329 2310 450 2378; x_wconf 86' lang='lat' dir='ltr'><strong>virtute</strong></span> <span class='ocrx_word' id='word_1_123' title='bbox 474 2310 638 2393; x_wconf 89' lang='lat' dir='ltr'><strong>homines,</strong></span> <span class='ocrx_word' id='word_1_124' title='bbox 669 2332 810 2403; x_wconf 90' lang='lat' dir='ltr'><strong>quorum</strong></span> <span class='ocrx_word' id='word_1_125' title='bbox 832 2332 932 2404; x_wconf 90' lang='lat' dir='ltr'><strong>opera</strong></span> <span class='ocrx_word' id='word_1_126' title='bbox 953 2313 1063 2378; x_wconf 84' lang='lat' dir='ltr'><strong>Caesar</strong></span> <span class='ocrx_word' id='word_1_127' title='bbox 1082 2309 1235 2377; x_wconf 92' lang='lat' dir='ltr'><strong>omnibus</strong></span> 
     </span>
     <span class='ocr_line' id='line_1_18' title="bbox 204 2427 1234 2523; baseline -0.004 -25"><span class='ocrx_word' id='word_1_128' title='bbox 204 2428 329 2523; x_wconf 89' lang='lat' dir='ltr'><strong>gallicis</strong></span> <span class='ocrx_word' id='word_1_129' title='bbox 349 2428 444 2499; x_wconf 90' lang='lat' dir='ltr'><strong>bellis</strong></span> <span class='ocrx_word' id='word_1_130' title='bbox 460 2430 585 2523; x_wconf 89' lang='lat' dir='ltr'><strong>optima</strong></span> <span class='ocrx_word' id='word_1_131' title='bbox 606 2429 846 2520; x_wconf 85' lang='lat' dir='ltr'><strong>fortissimaque</strong></span> <span class='ocrx_word' id='word_1_132' title='bbox 867 2442 937 2498; x_wconf 85' lang='lat' dir='ltr'><strong>erat</strong></span> <span class='ocrx_word' id='word_1_133' title='bbox 961 2453 1048 2497; x_wconf 91' lang='lat' dir='ltr'><strong>usus.</strong></span> <span class='ocrx_word' id='word_1_134' title='bbox 1068 2429 1127 2497; x_wconf 88' lang='lat' dir='ltr'><strong>His</strong></span> <span class='ocrx_word' id='word_1_135' title='bbox 1145 2427 1234 2496; x_wconf 92' lang='lat' dir='ltr'><strong>domi</strong></span> 
     </span>
     <span class='ocr_line' id='line_1_19' title="bbox 201 2546 1235 2642; baseline -0.002 -26"><span class='ocrx_word' id='word_1_136' title='bbox 201 2549 243 2616; x_wconf 94' lang='lat' dir='ltr'><strong>ob</strong></span> <span class='ocrx_word' id='word_1_137' title='bbox 266 2549 324 2618; x_wconf 89' lang='lat' dir='ltr'><strong>has</strong></span> <span class='ocrx_word' id='word_1_138' title='bbox 342 2573 456 2619; x_wconf 90' lang='lat' dir='ltr'><strong>causas</strong></span> <span class='ocrx_word' id='word_1_139' title='bbox 470 2546 687 2642; x_wconf 89' lang='lat' dir='ltr'><strong>amplissimos</strong></span> <span class='ocrx_word' id='word_1_140' title='bbox 708 2547 916 2640; x_wconf 80' lang='lat' dir='ltr'><strong>magistratus</strong></span> <span class='ocrx_word' id='word_1_141' title='bbox 936 2546 1166 2633; x_wconf 88' lang='lat' dir='ltr'><strong>mandaverat,</strong></span> <span class='ocrx_word' id='word_1_142' title='bbox 1186 2561 1235 2614; x_wconf 88' lang='lat' dir='ltr'><strong>at·</strong></span> 
     </span>
     <span class='ocr_line' id='line_1_20' title="bbox 201 2663 1234 2760; baseline -0.002 -24"><span class='ocrx_word' id='word_1_143' title='bbox 201 2689 266 2759; x_wconf 88' lang='lat' dir='ltr'><strong>que</strong></span> <span class='ocrx_word' id='word_1_144' title='bbox 283 2691 338 2736; x_wconf 90' lang='lat' dir='ltr'><strong>eos</strong></span> <span class='ocrx_word' id='word_1_145' title='bbox 357 2681 448 2735; x_wconf 84' lang='lat' dir='ltr'><strong>extra</strong></span> <span class='ocrx_word' id='word_1_146' title='bbox 470 2665 618 2734; x_wconf 90' lang='lat' dir='ltr'><strong>ordinem</strong></span> <span class='ocrx_word' id='word_1_147' title='bbox 644 2667 679 2733; x_wconf 89' lang='lat' dir='ltr'><strong>in</strong></span> <span class='ocrx_word' id='word_1_148' title='bbox 698 2681 847 2734; x_wconf 89' lang='lat' dir='ltr'><strong>senatum</strong></span> <span class='ocrx_word' id='word_1_149' title='bbox 866 2663 1022 2760; x_wconf 86' lang='lat' dir='ltr'><strong>legendos</strong></span> <span class='ocrx_word' id='word_1_150' title='bbox 1048 2679 1234 2751; x_wconf 87' lang='lat' dir='ltr'><strong>curaverat,</strong></span> 
     </span>
     <span class='ocr_line' id='line_1_21' title="bbox 200 2781 1234 2880; baseline -0.002 -26"><span class='ocrx_word' id='word_1_151' title='bbox 200 2809 362 2880; x_wconf 82' lang='lat' dir='ltr'><strong>agrosque</strong></span> <span class='ocrx_word' id='word_1_152' title='bbox 382 2787 415 2851; x_wconf 91' lang='lat' dir='ltr'><strong>in</strong></span> <span class='ocrx_word' id='word_1_153' title='bbox 436 2781 558 2867; x_wconf 88' lang='lat' dir='ltr'><strong>Gallia,</strong></span> <span class='ocrx_word' id='word_1_154' title='bbox 573 2807 613 2850; x_wconf 86' lang='lat' dir='ltr'><strong>ex</strong></span> <span class='ocrx_word' id='word_1_155' title='bbox 632 2783 780 2852; x_wconf 89' lang='lat' dir='ltr'><strong>hostibus</strong></span> <span class='ocrx_word' id='word_1_156' title='bbox 797 2798 931 2876; x_wconf 89' lang='lat' dir='ltr'><strong>captos,</strong></span> <span class='ocrx_word' id='word_1_157' title='bbox 955 2785 1155 2877; x_wconf 73' lang='lat' dir='ltr'><strong>praemiaque</strong></span> <span class='ocrx_word' id='word_1_158' title='bbox 1185 2786 1234 2852; x_wconf 92' lang='lat' dir='ltr'><strong>rei</strong></span> 
     </span>
     <span class='ocr_line' id='line_1_22' title="bbox 201 2901 1235 2997; baseline 0 -25"><span class='ocrx_word' id='word_1_159' title='bbox 201 2905 394 2996; x_wconf 84' lang='lat' dir='ltr'><strong>pecuniariae</strong></span> <span class='ocrx_word' id='word_1_160' title='bbox 414 2925 532 2995; x_wconf 88' lang='lat' dir='ltr'><strong>magna</strong></span> <span class='ocrx_word' id='word_1_161' title='bbox 545 2901 724 2990; x_wconf 91' lang='lat' dir='ltr'><strong>tribuerat,</strong></span> <span class='ocrx_word' id='word_1_162' title='bbox 744 2901 987 2997; x_wconf 83' lang='lat' dir='ltr'><strong>locupletesque</strong></span> <span class='ocrx_word' id='word_1_163' title='bbox 1004 2927 1043 2972; x_wconf 88' lang='lat' dir='ltr'><strong>ex</strong></span> <span class='ocrx_word' id='word_1_164' title='bbox 1060 2903 1235 2997; x_wconf 88' lang='lat' dir='ltr'><strong>egentibus</strong></span> 
     </span>
     <span class='ocr_line' id='line_1_23' title="bbox 201 3020 1232 3117; baseline 0.001 -28"><span class='ocrx_word' id='word_1_165' title='bbox 201 3021 332 3090; x_wconf 84' lang='lat' dir='ltr'><strong>lecerat.</strong></span> <span class='ocrx_word' id='word_1_166' title='bbox 347 3023 389 3090; x_wconf 87' lang='lat' dir='ltr'><strong>lli</strong></span> <span class='ocrx_word' id='word_1_167' title='bbox 413 3037 549 3117; x_wconf 91' lang='lat' dir='ltr'><strong>propter</strong></span> <span class='ocrx_word' id='word_1_168' title='bbox 567 3021 722 3090; x_wconf 91' lang='lat' dir='ltr'><strong>virtutem</strong></span> <span class='ocrx_word' id='word_1_169' title='bbox 746 3046 813 3089; x_wconf 92' lang='lat' dir='ltr'><strong>non</strong></span> <span class='ocrx_word' id='word_1_170' title='bbox 835 3020 940 3090; x_wconf 90' lang='lat' dir='ltr'><strong>solum</strong></span> <span class='ocrx_word' id='word_1_171' title='bbox 961 3021 1049 3116; x_wconf 92' lang='lat' dir='ltr'><strong>apud</strong></span> <span class='ocrx_word' id='word_1_172' title='bbox 1070 3023 1232 3091; x_wconf 76' lang='lat' dir='ltr'><strong>Caesarem</strong></span> 
     </span>
     <span class='ocr_line' id='line_1_24' title="bbox 202 3139 1236 3236; baseline 0.004 -29"><span class='ocrx_word' id='word_1_173' title='bbox 202 3141 236 3208; x_wconf 91' lang='lat' dir='ltr'><strong>in</strong></span> <span class='ocrx_word' id='word_1_174' title='bbox 255 3141 380 3210; x_wconf 90' lang='lat' dir='ltr'><strong>honore</strong></span> <span class='ocrx_word' id='word_1_175' title='bbox 397 3155 509 3225; x_wconf 86' lang='lat' dir='ltr'><strong>erant,</strong></span> <span class='ocrx_word' id='word_1_176' title='bbox 535 3139 706 3210; x_wconf 90' lang='lat' dir='ltr'><strong>sedetiam</strong></span> <span class='ocrx_word' id='word_1_177' title='bbox 725 3139 813 3236; x_wconf 93' lang='lat' dir='ltr'><strong>apud</strong></span> <span class='ocrx_word' id='word_1_178' title='bbox 841 3143 1019 3211; x_wconf 85' lang='lat' dir='ltr'><strong>exercitum</strong></span> <span class='ocrx_word' id='word_1_179' title='bbox 1046 3143 1113 3210; x_wconf 89' lang='lat' dir='ltr'><strong>cari</strong></span> <span class='ocrx_word' id='word_1_180' title='bbox 1138 3142 1236 3211; x_wconf 89' lang='lat' dir='ltr'><strong>habe·</strong></span> 
     </span>
     <span class='ocr_line' id='line_1_25' title="bbox 201 3259 1234 3347; baseline 0.001 -19"><span class='ocrx_word' id='word_1_181' title='bbox 201 3261 322 3329; x_wconf 88' lang='lat' dir='ltr'><strong>bantur</strong></span> <span class='ocrx_word' id='word_1_182' title='bbox 340 3287 348 3328; x_wconf 91' lang='lat'><strong>:</strong></span> <span class='ocrx_word' id='word_1_183' title='bbox 366 3261 421 3330; x_wconf 89' lang='lat' dir='ltr'><strong>sed</strong></span> <span class='ocrx_word' id='word_1_184' title='bbox 434 3261 508 3330; x_wconf 84' lang='lat' dir='ltr'><strong>freti</strong></span> <span class='ocrx_word' id='word_1_185' title='bbox 524 3262 667 3330; x_wconf 89' lang='lat' dir='ltr'><strong>amicitia</strong></span> <span class='ocrx_word' id='word_1_186' title='bbox 684 3263 840 3347; x_wconf 76' lang='lat' dir='ltr'><strong>Caesaris,</strong></span> <span class='ocrx_word' id='word_1_187' title='bbox 862 3275 895 3330; x_wconf 93' lang='lat' dir='ltr'><strong>et</strong></span> <span class='ocrx_word' id='word_1_188' title='bbox 920 3259 1020 3332; x_wconf 89' lang='lat' dir='ltr'><strong>stulta</strong></span> <span class='ocrx_word' id='word_1_189' title='bbox 1038 3285 1076 3331; x_wconf 90' lang='lat' dir='ltr'><strong>ac</strong></span> <span class='ocrx_word' id='word_1_190' title='bbox 1093 3262 1234 3330; x_wconf 89' lang='lat' dir='ltr'><strong>barbara</strong></span> 
     </span>
     <span class='ocr_line' id='line_1_26' title="bbox 202 3377 1234 3475; baseline -0.001 -27"><span class='ocrx_word' id='word_1_191' title='bbox 202 3383 387 3475; x_wconf 87' lang='lat' dir='ltr'><strong>arrogantia</strong></span> <span class='ocrx_word' id='word_1_192' title='bbox 404 3379 495 3469; x_wconf 88' lang='lat' dir='ltr'><strong>elati,</strong></span> <span class='ocrx_word' id='word_1_193' title='bbox 512 3377 735 3475; x_wconf 90' lang='lat' dir='ltr'><strong>despiciebant</strong></span> <span class='ocrx_word' id='word_1_194' title='bbox 752 3405 841 3465; x_wconf 91' lang='lat' dir='ltr'><strong>suos,</strong></span> <span class='ocrx_word' id='word_1_195' title='bbox 863 3381 1127 3475; x_wconf 90' lang='lat' dir='ltr'><strong>stipendiumque</strong></span> <span class='ocrx_word' id='word_1_196' title='bbox 1144 3383 1234 3474; x_wconf 92' lang='lat' dir='ltr'><strong>equi·</strong></span> 
     </span>
     <span class='ocr_line' id='line_1_27' title="bbox 200 3497 1232 3592; baseline -0.001 -26"><span class='ocrx_word' id='word_1_197' title='bbox 200 3513 272 3566; x_wconf 92' lang='lat' dir='ltr'><strong>tum</strong></span> <span class='ocrx_word' id='word_1_198' title='bbox 285 3498 498 3585; x_wconf 83' lang='lat' dir='ltr'><strong>fraudabant,</strong></span> <span class='ocrx_word' id='word_1_199' title='bbox 517 3513 549 3567; x_wconf 88' lang='lat' dir='ltr'><strong>et</strong></span> <span class='ocrx_word' id='word_1_200' title='bbox 568 3499 710 3592; x_wconf 85' lang='lat' dir='ltr'><strong>praedam</strong></span> <span class='ocrx_word' id='word_1_201' title='bbox 729 3523 860 3568; x_wconf 89' lang='lat' dir='ltr'><strong>omnem</strong></span> <span class='ocrx_word' id='word_1_202' title='bbox 878 3497 1012 3569; x_wconf 93' lang='lat' dir='ltr'><strong>domum</strong></span> <span class='ocrx_word' id='word_1_203' title='bbox 1027 3499 1232 3568; x_wconf 87' lang='lat' dir='ltr'><strong>avertebant.</strong></span> 
     </span>
     <span class='ocr_line' id='line_1_28' title="bbox 202 3617 1235 3713; baseline -0.003 -27"><span class='ocrx_word' id='word_1_204' title='bbox 202 3617 333 3706; x_wconf 88' lang='lat' dir='ltr'><strong>Quibus</strong></span> <span class='ocrx_word' id='word_1_205' title='bbox 352 3617 398 3686; x_wconf 93' lang='lat' dir='ltr'><strong>illi</strong></span> <span class='ocrx_word' id='word_1_206' title='bbox 426 3618 523 3688; x_wconf 91' lang='lat' dir='ltr'><strong>rebus</strong></span> <span class='ocrx_word' id='word_1_207' title='bbox 550 3619 706 3713; x_wconf 89' lang='lat' dir='ltr'><strong>permoti,</strong></span> <span class='ocrx_word' id='word_1_208' title='bbox 724 3619 867 3687; x_wconf 91' lang='lat' dir='ltr'><strong>universi</strong></span> <span class='ocrx_word' id='word_1_209' title='bbox 885 3621 1044 3688; x_wconf 69' lang='lat' dir='ltr'><strong>Caesarem</strong></span> <span class='ocrx_word' id='word_1_210' title='bbox 1068 3617 1235 3703; x_wconf 87' lang='lat' dir='ltr'><strong>adierunt,</strong></span> 
     </span>
     <span class='ocr_line' id='line_1_29' title="bbox 203 3735 1233 3832; baseline 0 -28"><span class='ocrx_word' id='word_1_211' title='bbox 203 3735 377 3832; x_wconf 87' lang='lat' dir='ltr'><strong>palamque</strong></span> <span class='ocrx_word' id='word_1_212' title='bbox 392 3737 433 3806; x_wconf 94' lang='lat' dir='ltr'><strong>de</strong></span> <span class='ocrx_word' id='word_1_213' title='bbox 441 3761 553 3806; x_wconf 88' lang='lat' dir='ltr'><strong>eorum</strong></span> <span class='ocrx_word' id='word_1_214' title='bbox 565 3739 694 3832; x_wconf 88' lang='lat' dir='ltr'><strong>injuriis</strong></span> <span class='ocrx_word' id='word_1_215' title='bbox 711 3753 789 3806; x_wconf 92' lang='lat' dir='ltr'><strong>sunt</strong></span> <span class='ocrx_word' id='word_1_216' title='bbox 805 3739 911 3832; x_wconf 88' lang='lat' dir='ltr'><strong>questi</strong></span> <span class='ocrx_word' id='word_1_217' title='bbox 922 3761 931 3822; x_wconf 90' lang='lat'>;</span> <span class='ocrx_word' id='word_1_218' title='bbox 944 3750 978 3806; x_wconf 92' lang='lat' dir='ltr'><strong>et</strong></span> <span class='ocrx_word' id='word_1_219' title='bbox 997 3736 1038 3805; x_wconf 91' lang='lat' dir='ltr'><strong>ad</strong></span> <span class='ocrx_word' id='word_1_220' title='bbox 1053 3751 1162 3805; x_wconf 88' lang='lat' dir='ltr'><strong>cetera</strong></span> <span class='ocrx_word' id='word_1_221' title='bbox 1174 3736 1233 3805; x_wconf 91' lang='lat' dir='ltr'><strong>ad·</strong></span> 
     </span>
     <span class='ocr_line' id='line_1_30' title="bbox 202 3853 1236 3952; baseline 0.003 -31"><span class='ocrx_word' id='word_1_222' title='bbox 202 3853 374 3942; x_wconf 89' lang='lat' dir='ltr'><strong>diderunt,</strong></span> <span class='ocrx_word' id='word_1_223' title='bbox 395 3855 510 3926; x_wconf 88' lang='lat' dir='ltr'><strong>salsum</strong></span> <span class='ocrx_word' id='word_1_224' title='bbox 528 3858 570 3926; x_wconf 88' lang='lat' dir='ltr'><strong>ab</strong></span> <span class='ocrx_word' id='word_1_225' title='bbox 585 3859 637 3927; x_wconf 77' lang='lat' dir='ltr'><strong>liis</strong></span> <span class='ocrx_word' id='word_1_226' title='bbox 649 3860 797 3952; x_wconf 90' lang='lat' dir='ltr'><strong>equitum</strong></span> <span class='ocrx_word' id='word_1_227' title='bbox 814 3881 987 3927; x_wconf 88' lang='lat' dir='ltr'><strong>numerum</strong></span> <span class='ocrx_word' id='word_1_228' title='bbox 1006 3855 1141 3940; x_wconf 85' lang='lat' dir='ltr'><strong>deferri,</strong></span> <span class='ocrx_word' id='word_1_229' title='bbox 1156 3881 1236 3951; x_wconf 91' lang='lat' dir='ltr'><strong>quo·</strong></span> 
     </span>
     <span class='ocr_line' id='line_1_31' title="bbox 202 3974 709 4068; baseline 0.008 -26"><span class='ocrx_word' id='word_1_230' title='bbox 202 3997 277 4042; x_wconf 91' lang='lat' dir='ltr'><strong>rum</strong></span> <span class='ocrx_word' id='word_1_231' title='bbox 298 3974 495 4068; x_wconf 89' lang='lat' dir='ltr'><strong>stipendium</strong></span> <span class='ocrx_word' id='word_1_232' title='bbox 514 3991 709 4046; x_wconf 82' lang='lat' dir='ltr'><strong>averterent.</strong></span> 
     </span>
    </p>
   </div>
   <div class='ocr_carea' id='block_1_3' title="bbox 0 0 1528 4766">
    <p class='ocr_par' dir='ltr' id='par_1_4' title="bbox 0 0 1528 4766">
     <span class='ocr_line' id='line_1_32' title="bbox 0 0 1528 4766; baseline 0 0"><span class='ocrx_word' id='word_1_233' title='bbox 0 0 1528 4766; x_wconf 95' lang='lat' dir='ltr'><strong> </strong></span> 
     </span>
    </p>
   </div>
  </div>
 </body>
</html>
