3088 4766
514 355 565 410 nn
586 354 709 410 annno
731 353 850 410 crvrm
872 355 943 410 xre.
960 355 998 412 11.
1235 381 1267 430 μ

239 495 382 578 que-ster
397 480 536 550 navibus
549 477 743 564 duodecim,
762 503 845 572 quas
863 479 1016 574 prasidio
1034 485 1193 554 onerariis
1213 509 1273 556 na·

240 602 335 672 vibus
358 601 462 670 Curio
483 623 523 668 ex
538 595 651 668 Sicilia
670 597 844 685 eduxerat,
863 612 1037 692 postquam
1060 599 1207 672 relictam
1237 607 1271 673 in

240 720 337 792 litore
346 743 463 788 navem
476 717 662 812 conspexit,
677 717 763 788 banc
779 716 926 788 remulco
944 719 1103 790 abstraxit
1120 745 1128 788 ε
1148 721 1219 814 ipse
1229 722 1272 792 ad
1354 775 1359 784 .

241 842 420 912 Curionem
432 862 510 908 cum
530 836 633 908 classe
649 837 744 908 redit.
1200 929 1201 937 ἵ

286 961 413 1030 XXIV.
438 957 541 1030 Curia
562 959 715 1028 Marcum
744 960 875 1028 Uticam
901 959 1041 1029 naribus
1066 961 1236 1054 premittit
1261 987 1270 1030 r

241 1081 311 1174 ipse
336 1077 452 1148 eodem
476 1101 552 1146 cum
576 1079 721 1146 exercitu
753 1077 993 1170 proficiscitur3
1023 1078 1182 1172 biduique
1210 1081 1274 1150 iter

240 1221 451 1292 progressus,
469 1195 512 1266 ad
529 1195 650 1266 flumen
670 1196 851 1290 Bagradam
870 1200 1019 1290 pervenit
1040 1224 1048 1266 ι
1079 1199 1125 1266 ibi
1147 1202 1184 1269 C.
1210 1202 1272 1269 Cn·

241 1317 370 1386 ninium
381 1315 536 1388 Rebilum
552 1314 699 1410 legatum
715 1339 792 1385 cum
810 1314 993 1410 legionibus
1011 1315 1187 1411 relinquit,
1202 1320 1273 1412 ipse

242 1461 318 1506 cum
338 1437 489 1530 equitatu
510 1433 674 1504 antecedit
690 1432 731 1503 ad
749 1447 855 1502 castra
879 1433 1080 1530 exploranda
1097 1435 1272 1525 Cornelia,

242 1553 332 1647 quod
348 1555 376 1624 is
396 1552 487 1624 locus
500 1553 698 1648 peridoneus
713 1553 827 1624 castris
844 1553 1039 1624 habebatur.
1049 1553 1088 1624 Id
1098 1571 1208 1624 autem
1222 1569 1274 1624 est

241 1674 358 1767 jugum
381 1672 562 1760 directum,
586 1672 733 1740 eminens
760 1671 795 1738 in
819 1695 927 1756 mare,
950 1686 1090 1764 unaque
1114 1697 1154 1740 ex
1181 1687 1273 1765 parte

243 1804 449 1884 praeruptum
464 1805 564 1882 utque
581 1813 752 1883 asperum,
769 1789 824 1858 sed
840 1803 951 1858 tamea
964 1788 1064 1882 paulo
1083 1787 1207 1858 leniore
1226 1789 1274 1858 la-

243 1910 342 2002 stigie
355 1909 396 1976 ab
415 1933 454 1976 ea
470 1922 577 2001 parte,
594 1933 667 2001 quae
685 1906 727 1976 ad
743 1909 877 1977 Uticam
895 1909 1010 2004 vergit.
1031 1908 1135 1978 Abest
1148 1906 1274 1980 directo

242 2029 360 2096 itinere
378 2027 420 2096 ab
437 2027 535 2096 Utica
552 2025 651 2119 paulo
671 2026 812 2120 amplius
832 2051 988 2121 passuum
1006 2027 1105 2100 inille.
1129 2027 1194 2096 Sed
1210 2027 1274 2096 hoc

242 2145 358 2215 itinere
375 2159 425 2214 est
441 2145 533 2230 lons,
560 2170 627 2239 quo
642 2169 734 2216 mare
753 2145 900 2216 succedit
925 2145 1075 2242 longius,
1098 2143 1227 2239 lateque
1247 2146 1274 2215 is

245 2263 337 2334 locus
355 2279 548 2360 restagnat:
571 2289 667 2359 quem
687 2266 714 2334 si
732 2268 807 2360 quis
820 2267 925 2336 vitare
944 2265 1103 2352 voluerit,
1120 2289 1176 2334 sex
1198 2263 1273 2332 mil·

242 2382 323 2452 lium
342 2371 480 2454 circuitu
500 2385 535 2451 in
550 2383 709 2477 oppidum
724 2385 903 2476 perveniet.

289 2505 397 2574 XXV.
424 2507 497 2572 Hoc
521 2502 690 2595 explorato
716 2501 811 2588 loco,
835 2504 940 2572 Curio
958 2517 1064 2572 castra
1085 2501 1165 2570 Vari
1194 2525 1273 2570 cou-

243 2623 359 2716 spicit,
374 2645 471 2692 muro
490 2620 678 2713 oppidoque
697 2620 889 2711 conjuncta,
900 2618 942 2688 ad
960 2634 1106 2712 portam,
1124 2643 1198 2712 quae
1214 2643 1273 2711 ap·

242 2737 385 2834 pellatur
403 2735 540 2820 Bellica,
559 2735 737 2834 admodum
759 2737 896 2833 munita·
910 2751 1032 2832 natura¹
1047 2735 1131 2821 loci,
1150 2761 1216 2806 una
1236 2761 1274 2806 cx

241 2873 336 2953 parte
350 2856 422 2950 ipso
438 2851 560 2948 oppido
579 2853 693 2934 Utica,
710 2851 811 2924 altera
825 2879 845 2922 a
858 2855 1008 2942 theatro,
1027 2853 1117 2946 quod
1134 2868 1183 2924 est
1200 2870 1276 2924 ante

243 2974 420 3069 oppidum,
434 2971 732 3042 substructionibus
748 2973 818 3065 ejus
833 2973 943 3066 operis
959 2973 1109 3042 maximis
1123 2971 1215 3042 aditu
1233 2973 1274 3042 ad

244 3108 352 3162 castra
372 3089 502 3160 difficili
530 3104 564 3160 et
590 3105 740 3185 angusto.
760 3090 866 3162 Simul
893 3092 1143 3180 animadvertit,
1171 3091 1274 3162 multa

244 3212 389 3306 undique
410 3211 536 3306 portari
553 3225 652 3304 atquc
671 3211 723 3306 agi
743 3209 940 3305 plenissimis
969 3213 1046 3298 viis,
1066 3237 1140 3306 quae
1158 3235 1275 3306 repan-

245 3332 306 3400 tini
324 3329 485 3401 tumultus
508 3331 626 3400 timore
642 3353 683 3400 ex
705 3331 793 3423 egris
818 3332 853 3398 in
874 3332 990 3403 urbem
1008 3330 1274 3400 conferebantur.

244 3455 319 3520 Huc
339 3451 522 3544 equitatum
541 3449 657 3534 mittit,
679 3463 716 3518 ut
734 3448 908 3542 diriperet,
929 3463 1028 3544 atque
1048 3450 1185 3520 baberet
1203 3448 1276 3518 loco

244 3567 370 3662 prada.
383 3567 573 3660 Eodemque
589 3581 735 3661 ternpore
749 3566 800 3636 bis
814 3567 912 3636 rebus
928 3567 1075 3637 subsidio
1091 3591 1136 3638 nc
1151 3566 1278 3659 equites

244 3685 388 3758 numidae
417 3711 458 3756 ex
486 3684 609 3780 oppido
626 3685 819 3780 peditesque
843 3710 889 3760 cu
916 3688 1095 3755 mittuntur
1122 3708 1141 3752 a
1167 3685 1278 3766 Varo,

245 3827 328 3896 quos
346 3803 457 3874 auxilii
476 3827 574 3878 causa
596 3829 653 3874 rex
668 3805 754 3876 Juba
769 3806 884 3900 paucis
912 3803 1027 3873 diebus
1048 3816 1124 3870 ante
1144 3801 1278 3870 Uticam

246 3921 389 3990 miserat.
422 3922 508 3992 Huic
535 3937 568 3992 et
597 3939 772 4016 paternum
793 3925 974 4019 hospitium
998 3945 1074 3991 cum
1103 3919 1279 4013 Pompeio,
