3038 4766
299 357 351 414 ut
447 347 592 406 0111th
613 347 776 406 cAEsaals
797 347 1161 404 commeatanlonunt

296 490 366 545 tum
386 474 495 542 misit:
515 471 670 565 quodque
689 473 739 541 he
756 473 908 566 regiones
925 473 1062 540 aberant
1078 469 1225 565 longius,
1242 469 1323 540 locis

297 593 392 662 certis
416 594 533 662 horrea
552 593 741 679 constituit,
761 607 975 684 vecturasque
993 590 1148 662 frumenti
1172 591 1322 660 linitimis

298 712 485 780 ciuitatibus
500 710 685 804 descripsit3
703 713 781 779 item
798 712 890 779 lisso
906 711 1150 802 Parthinisque,
1167 725 1200 778 ct
1216 713 1324 780 omni-

296 833 357 900 bus
378 829 538 914 castellis,
560 827 650 921 quod
675 842 757 898 essct
782 829 958 915 frumenti,
979 830 1129 920 conquiri
1152 830 1259 922 jussit.
1283 831 1322 898 nt

296 965 365 1020 erat
385 950 617 1044 pereriguum,
640 972 740 1039 quum
762 949 864 1041 ipsius
885 949 954 1040 agri
976 963 1111 1033 natura,
1131 947 1220 1040 quod
1244 965 1322 1017 sunt

295 1069 366 1138 loca
388 1093 502 1163 aspera
524 1083 558 1136 et
583 1081 779 1154 montuosa,
803 1091 841 1135 ac
870 1065 1062 1160 plerumque
1089 1082 1229 1136 utuntur
1250 1068 1321 1137 fru-

297 1203 410 1256 mento
429 1189 624 1280 importato;
638 1201 707 1254 tum
729 1186 820 1278 quod
839 1187 1012 1279 Pompeius
1032 1186 1100 1254 haec
1115 1187 1321 1280 providerat,

297 1321 330 1375 et
348 1306 571 1398 superioribus
588 1305 703 1373 diebus
723 1305 839 1399 praedae
856 1305 929 1374 loco
947 1306 1121 1375 Parthinos
1141 1307 1320 1392 habuerat,

295 1425 564 1517 frumentumque
586 1449 682 1492 omne
703 1424 943 1518 conquisitum,
965 1422 1111 1516 spoliatis
1132 1424 1321 1518 effossisque

295 1569 409 1614 eorum
426 1543 596 1628 domibus,
614 1569 673 1637 per
690 1545 814 1636 equites
832 1551 1062 1636 comportarat.

344 1669 465 1742 XLIII.
484 1666 614 1753 Quibus
632 1665 729 1733 rebus
745 1665 899 1758 cognitis,
916 1665 1025 1732 Caesar
1042 1663 1214 1732 consilium
1231 1666 1321 1759 capit

297 1813 336 1858 ex
357 1786 419 1856 loci
439 1803 565 1854 natura.
586 1789 690 1854 Erant
708 1787 794 1852 enim
816 1784 939 1852 circum
958 1797 1063 1851 castra
1080 1787 1228 1877 Pompeii
1247 1811 1320 1878 per·

295 1905 389 1974 multi
411 1906 489 1973 editi
515 1918 614 1997 atque
635 1904 740 1995 asperi
768 1901 865 1972 colles
884 1929 892 1970 :
912 1903 971 1972 hos
996 1903 1138 1995 primum
1164 1905 1320 1997 praesitliis

297 2024 422 2107 tenuit,
441 2020 640 2113 castellaque
659 2023 703 2088 ibi
724 2022 916 2089 communit.
936 2020 1036 2105 Inde,
1059 2035 1096 2090 ut
1118 2020 1183 2090 loci
1208 2024 1317 2116 cujus·

294 2165 359 2234 que
384 2154 501 2208 natura
523 2139 663 2222 ferebat,
687 2163 728 2206 ex
752 2137 884 2206 castello
908 2141 940 2207 in
968 2139 1137 2210 castellum
1163 2143 1318 2235 perducta

297 2259 497 2342 munitione,
515 2255 763 2325 circumvallare
778 2259 969 2350 Pompeium
988 2260 1148 2329 instituit:
1162 2261 1232 2330 hec
1248 2287 1319 2356 spe·

295 2392 407 2465 etans,
431 2376 673 2469 quodangusta
692 2399 727 2443 re
746 2376 959 2445 frumentaria
979 2379 1145 2465 utebatur,
1165 2381 1319 2474 quodque

295 2497 469 2588 Pompeius
485 2492 697 2563 multitudine
714 2495 861 2588 equitum
880 2494 1024 2584 valebat,
1039 2521 1106 2590 quo
1122 2501 1247 2566 minore
1263 2522 1320 2593 pe·

294 2615 399 2685 riculo
412 2614 557 2708 undique
571 2613 771 2683 frumentum
782 2629 1064 2708 commeatumque
1076 2618 1231 2685 exercitui
1243 2641 1319 2710 sup-

295 2750 427 2828 portare
448 2750 577 2828 posset;
596 2731 711 2820 simul,
730 2734 777 2800 uti
801 2731 1010 2826 pabulatione
1027 2737 1219 2828 Pompeium
1242 2759 1319 2828 pro·

296 2854 443 2936 biberet,
463 2856 711 2947 equitatumque
730 2851 800 2942 ejus
819 2851 862 2919 ad
884 2877 953 2922 rem
974 2852 1148 2947 gerendam
1170 2853 1319 2924 inutilem

295 2974 457 3061 efficeret;
475 2974 589 3058 tertio,
606 2986 643 3038 ut
659 2971 906 3058 auctoritatem,
921 2996 987 3064 qua
1002 2969 1055 3038 illc
1072 2973 1213 3042 maxime
1230 2971 1319 3065 apud

295 3107 422 3160 exteras
443 3093 591 3158 nationes
615 3090 677 3158 niti
696 3088 887 3177 videbatur,
910 3091 1089 3178 minueret,
1111 3116 1214 3184 quum
1232 3093 1318 3162 lama

294 3233 353 3303 per
370 3210 481 3278 orbem
501 3224 661 3277 terrarum
679 3209 928 3303 percrebuisset,
945 3206 1037 3278 illum
1053 3235 1073 3278 a
1088 3213 1215 3281 Caesare
1232 3211 1319 3281 obsi·

295 3325 382 3413 deri,
401 3353 505 3420 neque
521 3326 644 3400 audere
662 3327 777 3421 proelio
794 3329 958 3398 dimicare.

340 3448 458 3517 XLIV.
478 3447 654 3539 Pompeius
674 3470 781 3540 neque
801 3471 820 3514 a
839 3447 920 3514 mari
944 3447 1191 3539 Dyrrachioque
1214 3446 1316 3516 disce·

293 3569 371 3638 dere
386 3566 532 3652 volebat,
546 3563 634 3658 quod
652 3590 782 3634 omnem
801 3578 992 3657 apparatum
1011 3564 1101 3651 belli,
1116 3563 1194 3649 tela,
1210 3590 1317 3651 arma,

294 3701 472 3773 tormenta,
489 3686 533 3754 ibi
550 3683 783 3770 collocaverat,
799 3682 1065 3775 frumentumque
1084 3685 1238 3754 exercitui
1261 3710 1318 3753 na-

287 3807 387 3898 ,vibus
405 3805 635 3899 supportabat;
655 3825 759 3894 neque
776 3801 973 3870 munitiones
988 3805 1124 3873 Caesaris
1142 3805 1318 3898 prohibere

294 3939 441 4019 poterat,
460 3925 523 3992 nisi
541 3921 657 4017 proelio
675 3919 842 3990 decertare
860 3919 976 4010 vellet,
999 3923 1090 4016 quod
1108 3947 1147 3993 eo
1171 3941 1318 4021 tempore
