3086 4766
254 329 307 386 104
410 324 440 378 c.
463 323 557 378 Junu
579 323 742 379 erasmus
763 301 1133 380 couuaummonuu

251 447 442 541 retrahique
461 447 604 540 imperat
623 472 631 514 t
648 449 675 515 si
692 450 760 515 vim
780 446 1027 541 faciat‚.neque
1045 460 1173 541 pareat,
1195 448 1295 517 inter-

251 565 303 635 fici
324 567 440 659 jubct3
462 565 546 634 nihil
571 567 679 655 hunc,
704 591 738 636 se
762 567 918 650 absente,
938 591 1001 660 pro
1026 590 1107 635 sano
1130 566 1294 636 lecturum

249 687 449 775 arbitratus,
463 688 521 781 qui
535 689 706 782 praesentis
718 688 895 782 imperium
910 684 1116 781 neglexisset.
1130 685 1192 754 Illo
1206 689 1293 756 enim

251 823 426 876 revocatus
450 809 620 896 resistere,
642 832 734 876 aesc
756 831 859 876 manu
880 806 1072 896 defendere,
1093 831 1296 899 suorumque

154 979 155 982 η
251 926 351 996 fidem
368 927 548 1022 implorare
564 929 683 1022 coepit,
700 953 786 1021 saepe
805 925 978 996 clamitans
996 923 1139 994 liberum
1158 951 1193 994 se
1214 926 1295 995 libc-

252 1072 361 1140 reoque
378 1048 521 1116 civitatis
538 1072 618 1116 esse.
638 1045 710 1134 Illi,
726 1061 764 1115 ut
784 1061 856 1116 erat
876 1047 1092 1139 imperatum,
1111 1046 1296 1114 circumsis-

252 1181 330 1234 tunt
348 1166 537 1256 hominem,
559 1182 659 1260 atque
679 1166 886 1235 interficiunt
909 1191 917 1233 ε
938 1179 973 1235 at
988 1163 1087 1233 AEdui
1107 1165 1234 1258 equites
1253 1167 1296 1234 ad

253 1287 419 1356 Caesarem
438 1311 553 1354 omnes
570 1299 795 1356 revertuntur.

301 1407 393 1474 VIII.
421 1406 482 1474 His
507 1405 604 1475 rebus
627 1406 742 1500 gestis,
769 1405 924 1474 Labieno·
945 1406 980 1472 in
1002 1408 1194 1474 continente
1219 1431 1295 1475 cum

255 1525 362 1594 tribus
379 1521 565 1618 legionibus
582 1539 615 1593 et
631 1526 783 1617 equitum
802 1521 947 1592 millibus
963 1523 1094 1594 duobus
1110 1523 1297 1614 relicto,.ut

256 1660 373 1740 portus
393 1658 552 1732 tueretur,
568 1659 600 1720 et
618 1669 689 1712 rem
706 1623 957 1714 frumentariam
978 1644 1187 1738 provideret,
1207 1670 1296 1740 quae·

201 1847 205 1853 Ι
255 1766 373 1859 quein
392 1762 504 1837 Gallia
520 1778 713 1860 gererentur
728 1780 960 1859 cognosceret,
974 1763 1218 1858 consiliumque
1236 1789 1296 1858 pro
1317 1851 1319 1856 ι

255 1899 406 1978 tempore
424 1900 458 1954 et
473 1908 535 1978 pro
554 1910 590 1953 re
603 1900 755 1978 caperet3
773 1885 843 1978 ipse
855 1909 931 1953 cum
946 1887 1095 1979 quinque
1111 1883 1297 1978 legionibus

256 2019 290 2072 et
309 2005 382 2098 pari
401 2028 541 2072 numero
560 2006 727 2097 equitum,
750 2029 851 2097 quem
871 2006 906 2072 in
926 2006 1111 2074 continenti
1132 2002 1298 2096 relinque·

256 2124 333 2210 bat,
353 2121 431 2192 solis
447 2147 568 2192 occasu
584 2148 682 2193 naves
703 2123 819 2212 solvit;
836 2139 869 2194 et
885 2123 954 2194 leni
970 2124 1082 2194 Africo
1101 2138 1295 2220 provectus,

257 2242 364 2311 media
384 2241 517 2312 circiter
537 2258 634 2312 nocte
655 2258 759 2313 vento
776 2245 979 2333 intermisso,
1001 2268 1135 2313 cursum
1157 2269 1224 2313 non
1246 2259 1295 2312 te-

257 2365 352 2449 nuit;
378 2377 412 2432 et
432 2362 564 2457 longius
590 2361 718 2432 delatus
741 2380 837 2453 aestu,
857 2379 931 2433 orta
956 2364 1052 2452 luce,
1077 2365 1137 2434 sub
1164 2364 1297 2432 sinistra

258 2484 466 2554 Britanniam
487 2481 635 2555 relictam
652 2485 832 2578 conspexit.
849 2487 936 2554 Tum
957 2508 1071 2554 rursus
1089 2497 1186 2552 aestus
1202 2507 1293 2552 com·

259 2605 479 2672 mutationem
505 2617 653 2690 secutus,
683 2605 782 2672 remis
802 2604 987 2691 contendit,
1007 2619 1046 2673 ut
1071 2617 1297 2698 campartem

259 2721 374 2792 insulae
395 2736 543 2817 caperet,
565 2746 631 2816 qua
656 2724 819 2816 optimum
841 2748 911 2792 esse
934 2747 1104 2818 egressum
1128 2723 1298 2816 superiore

259 2855 370 2909 aesmte
385 2850 596 2936 cognoverat.
613 2843 690 2930 Qua
705 2845 739 2910 in
755 2867 790 2911 re
803 2841 982 2912 admodum
996 2843 1060 2911 fuit
1074 2843 1218 2912 militum
1231 2843 1298 2909 vir-

260 2975 314 3027 tus
341 2958 523 3049 laudanda,
547 2962 605 3054 qui
628 2963 782 3030 vectoriis
803 2963 1023 3056 gravibusque
1048 2953 1206 3057 navigiis,
1231 2987 1298 3030 non

260 3077 449 3148 intermisso
466 3079 651 3173 remigandi
667 3078 798 3168 labore,
816 3081 992 3177 longarum
1010 3085 1144 3150 navium
1161 3107 1296 3151 cursum

260 3197 486 3290 adaequarunt.
508 3202 685 3268 Accessum
706 3216 755 3268 est
775 3199 815 3268 ad
835 3201 1042 3270 Britanniam
1064 3202 1218 3268 omuibus
1240 3227 1300 3268 na-

260 3315 357 3384 vibus
380 3314 565 3384 meridiano
582 3316 650 3386 fere
674 3332 824 3412 tempore
843 3343 851 3386 :
870 3342 977 3410 neque
998 3318 1088 3385 ineo
1108 3317 1181 3387 loco
1195 3318 1299 3387 hostis

261 3453 311 3506 est
324 3437 426 3523 visus;
434 3437 508 3524 sed,
517 3452 555 3506 ut
565 3452 679 3532 postea
688 3442 799 3508 Caesar
808 3445 852 3508 ex'
859 3439 999 3534 captivis
1008 3439 1184 3533 comperit,
1195 3462 1299 3532 quum

262 3581 389 3652 magnae
403 3582 521 3627 manus
534 3582 574 3626 eo
587 3560 832 3645 convenissent,
847 3555 1062 3628 multitudine
1076 3559 1210 3626 navium
1225 3581 1300 3651 per·

262 3677 385 3748 territae
395 3677 482 3772 (quae
495 3701 571 3746 cum
585 3679 752 3745 annotinis
764 3677 985 3771 privatisque,
999 3701 1082 3770 quas
1096 3678 1147 3745 sui
1162 3679 1302 3770 quisque

261 3795 428 3866 commodi
441 3794 735 3890 fecerat,amplius
748 3819 835 3868 nccc
847 3820 915 3865 uno
924 3810 1020 3865 erant
1034 3797 1111 3866 visae
1126 3796 1301 3891 tempore),

262 3941 281 3984 a
297 3914 394 3984 litore
409 3913 642 4002 discesserant,
662 3941 700 3984 ac
718 3942 751 3984 se
768 3919 802 3984 in
820 3917 991 4010 superiore
1008 3915 1080 3986 loca
1096 3917 1301 3989 abdiderant.
